1767 3054
641 98 715 136 An
746 98 950 136 LIBRUM
981 100 1073 135 vn.
1521 99 1602 151 395

110 171 186 221 las,
209 177 417 213 Ausonum
434 181 473 211 et
491 172 776 210 Auruncorum
796 172 969 209 nominis
983 200 993 218 ,
1016 183 1108 208 cum
1129 172 1300 208 Etruscis
1314 200 1323 216 ,
1346 172 1445 223 agris
1463 175 1603 224 passim

112 243 320 289 ejecerant.
351 240 587 279 Accnratius
616 238 700 276 haec
733 252 933 289 exponere
967 247 1074 275 tanto
1104 239 1368 288 opportunius
1399 241 1496 287 fuit,
1526 254 1606 292 quo

113 307 260 354 multa,
291 320 379 357 quae
399 308 440 343 in
468 306 726 356 sequentibus
748 305 797 342 ad
818 314 945 357 poetae
974 306 1338 356 interpretationem
1369 306 1582 344 afferentur
1596 336 1606 352 ‚

113 375 197 411 sine
212 374 273 411 his
291 375 359 411 vix
373 373 540 425 intelligi
559 383 739 424 possunt.

170 438 371 476 Habemus
393 440 471 487 jam
504 453 758 477 communem
778 441 948 478 Ausonii
969 441 1121 492 generis
1142 443 1302 491 stirpem
1317 469 1326 487 ‚
1349 440 1396 477 de
1415 442 1527 489 cujus
1550 455 1607 477 re-

112 504 279 542 motiore
307 507 458 557 origiue
490 507 719 557 inquirendi
751 507 862 544 locus
888 521 996 544 nunc
1025 522 1108 545 non
1135 516 1215 554 est3
1235 510 1306 545 etsi
1325 508 1499 559 proclive
1517 517 1573 544 est
1591 523 1609 544 a

113 569 272 610 Celticis
303 574 465 624 populis
494 587 577 611 eam
606 582 794 625 repetere.
819 573 883 612 Ad
910 576 1093 625 LigureS‚
1116 575 1318 612 Ibericum
1338 588 1486 625 genus,
1514 573 1610 611 olim

113 651 199 676 eam
229 641 399 678 retulere
429 642 640 693 scriptores
667 641 774 693 apud
804 643 973 693 Dionys.
1004 645 1046 687 1,
1078 655 1140 679 10.
1170 645 1322 679 Verum
1350 656 1422 680 nec
1453 639 1612 678 definiri

113 708 326 758 quicquam
344 710 384 746 in
405 711 615 761 agrestium
635 710 810 761 gentium
833 709 1055 761 originibus
1078 719 1156 747 tam
1180 711 1352 760 antiquis
1371 717 1518 760 potest,
1538 721 1612 745 nec

116 774 165 811 ad
185 789 337 823 unum,
362 777 429 814 sed
460 778 507 814 ad
533 778 666 829 plures
694 792 714 816 e
746 778 1026 829 septemtrione
1056 786 1095 815 et
1119 777 1324 816 occidente
1360 778 1613 814 adventantes

116 842 305 882 barbaros
327 846 500 896 populos
515 875 525 892 ,
542 848 666 896 prima
694 847 882 884 Italorum
903 848 1015 897 origo
1032 845 1234 883 referenda
1250 859 1331 883 esse
1351 845 1524 884 videtur.

175 911 457 962 Ptogredimur
483 926 592 950 nunc
616 913 664 949 ad
691 912 883 959 alterum,
909 912 1017 963 quod
1037 914 1267 964 posuimus:
1289 925 1439 950 novum
1465 913 1508 948 in
1537 923 1615 947 car-

117 979 222 1016 mine
241 989 377 1018 nostro
395 981 618 1018 fabularum
643 981 823 1019 ordinem
837 1010 847 1027 ,
873 995 967 1031 quas
987 980 1148 1018 Italicos
1172 979 1326 1028 mythos
1349 979 1520 1030 appelles
1534 1006 1544 1024 ‚
1565 977 1614 1014 ab

115 1045 252 1084 iisdem
270 1049 409 1099 priscis
432 1050 591 1100 populis
607 1079 618 1096 ,
640 1051 899 1101 inprimisque
920 1049 967 1086 ab
988 1048 1220 1086 Ausonibus
1239 1057 1277 1084 et
1302 1046 1590 1098 Aboriginibus
1605 1073 1615 1091 ‚

116 1113 328 1163 procedere
352 1128 363 1154 ι
385 1116 506 1154 modo
523 1116 817 1155 adolescentum
832 1145 842 1163 ,
868 1118 938 1166 qui
953 1116 1037 1153 haec
1060 1116 1215 1167 legent,
1235 1115 1385 1151 animos
1412 1127 1458 1151 eo
1486 1111 1616 1149 adhuc

109 1181 427 1232 intenderimus,
449 1194 495 1222 ut
522 1188 795 1223 Romanorum
821 1186 1012 1236 originem
1033 1184 1259 1235 linguaeque
1284 1184 1430 1219 Latinae
1465 1193 1618 1218 caussas

118 1261 192 1286 suo
210 1251 285 1300 ipsi
299 1250 451 1299 judicio
468 1266 518 1289 ex
537 1253 811 1303 superioribus
831 1252 1053 1303 intelligant
1071 1264 1080 1288 :
1101 1264 1227 1302 quum
1247 1251 1418 1290 Romani
1444 1248 1618 1286 Albano-

121 1328 210 1352 rum
233 1318 366 1356 coloni
389 1319 556 1366 fuerint,
578 1334 628 1357 ex
650 1320 940 1371 Aboriginum,
970 1319 1048 1356 hoc
1073 1328 1150 1366 est,
1178 1320 1391 1356 Ausonum
1406 1346 1416 1364 ,
1449 1330 1615 1368 genere,

119 1382 188 1419 sed
218 1397 311 1421 cum
341 1385 532 1437 Pelasgis,
555 1396 616 1432 et,
637 1388 669 1423 si
694 1387 804 1424 famae
835 1387 987 1424 fundus
1017 1399 1105 1424 vere
1126 1386 1223 1431 fuit,
1257 1398 1348 1422 cum
1376 1385 1557 1432 Trojanis
1575 1397 1618 1420 ac

122 1449 271 1487 Graecis
288 1452 414 1489 mixto
431 1481 440 1498 ‚
461 1452 508 1489 ad
529 1453 829 1505 intelligendum
854 1455 896 1490 in
915 1461 1106 1504 promptu
1135 1461 1214 1498 est,
1238 1463 1459 1489 sermonem
1478 1453 1621 1488 Roma-

119 1530 216 1554 num
234 1531 252 1555 a
272 1521 417 1557 Latinis
435 1521 695 1572 inprimisque
713 1521 761 1558 ab
784 1521 950 1558 Albanis
974 1521 1199 1571 profectum
1213 1547 1224 1565 ,
1243 1530 1496 1556 communem
1520 1530 1618 1555 eun-

123 1585 290 1637 demque
309 1601 400 1624 cum
420 1602 601 1626 sermone
618 1593 824 1627 Ausonum
839 1617 850 1636 ,
874 1588 1075 1638 hujusque
1094 1588 1254 1625 nonnisi
1273 1587 1486 1624 dialectum
1502 1586 1621 1623 fuisse

122 1655 319 1692 excultam
357 1664 578 1706 temporum
612 1670 817 1702 successu,
851 1669 978 1707 quum
1009 1665 1233 1692 ceterorum
1257 1656 1470 1692 Ansonicae
1489 1654 1621 1704 stirpis

122 1723 365 1773 populorum
383 1736 512 1760 sermo
531 1725 735 1773 antiquam
755 1725 1000 1773 asperitatem
1022 1722 1258 1758 retinuisset.
1290 1720 1474 1757 Habuere
1502 1722 1624 1771 igitur

123 1789 264 1838 populi
295 1788 445 1835 Italici,
476 1790 607 1838 primo
634 1791 734 1825 ritus
767 1801 810 1825 ac
838 1788 1070 1837 religiones,
1101 1788 1142 1822 in
1167 1786 1302 1822 multis
1330 1785 1491 1835 quidem
1515 1783 1622 1821 haud

125 1853 357 1891 abludentes
377 1867 397 1890 a
421 1856 569 1891 Graecis
583 1882 593 1900 ,
622 1863 749 1891 cetera
766 1855 947 1905 proprias
968 1867 1010 1890 ac
1031 1853 1288 1898 domesticas3
1323 1852 1498 1889 habuere
1518 1863 1538 1887 a
1557 1854 1623 1888 Pe-

125 1920 241 1970 lasgis
271 1922 413 1959 Jovem
426 1949 435 1966 ,
456 1923 659 1958 Junonem
672 1949 682 1967 ,
701 1922 924 1958 Minervam
938 1949 948 1967 ‚
970 1922 1130 1957 Vestam
1146 1947 1156 1966 ‚
1177 1920 1347 1956 Martem
1361 1947 1371 1965 ‚
1394 1932 1486 1956 cum
1515 1919 1620 1964 aliis;

126 1988 301 2026 habuere
325 1990 425 2026 ritus
453 2001 653 2026 sacrorum
675 2001 767 2025 cum
784 1987 1077 2038 antiquioribus
1102 1988 1251 2024 Graecis
1270 1987 1349 2024 fere
1371 1999 1622 2032 communes;

127 2058 242 2094 etiam
269 2056 428 2107 mythos
458 2056 675 2093 nonnullos
705 2056 941 2092 Graecanicis
966 2055 1133 2099 similes;
1154 2054 1329 2090 habuere
1348 2053 1443 2090 alios
1462 2054 1561 2090 ritus
1581 2065 1624 2089 ac

130 2124 290 2175 mythos
320 2126 511 2170 variatos,
542 2131 735 2168 mutatos,
764 2122 859 2160 alios
887 2123 1070 2172 proprios
1099 2134 1141 2158 ac
1172 2120 1409 2158 domesticos
1426 2132 1446 2156 a
1476 2119 1625 2157 Graecis

131 2190 410 2237 abhorrentes3
439 2190 660 2227 barbariem
681 2197 720 2226 et
741 2189 944 2227 horridam
964 2197 1194 2226 vetustatem
1216 2188 1321 2224 iniis
1344 2186 1457 2224 facile
1487 2199 1624 2238 agnos-

134 2271 221 2305 cas,
242 2260 502 2310 inprimisque
529 2259 845 2309 superstitiosum
875 2257 1042 2295 deorum
1071 2264 1243 2301 metum,
1269 2268 1386 2305 quem
1414 2268 1506 2292 sane
1535 2255 1625 2302 inji-

132 2339 220 2363 cere
240 2326 379 2363 animis
400 2334 586 2374 poterant
605 2338 755 2377 magnae
771 2338 814 2362 ac
839 2325 988 2362 crebrae
1007 2332 1160 2361 naturae
1187 2324 1465 2360 conversiones
1486 2329 1524 2359 et
1539 2335 1626 2372 per-

131 2392 378 2430 turbationes
396 2393 438 2429 in
461 2392 521 2430 his
541 2392 639 2429 locis
655 2402 707 2429 ex
726 2391 964 2430 tremoribus
981 2391 1079 2437 soli,
1101 2404 1151 2427 ex
1181 2389 1341 2441 ignibus
1364 2387 1626 2426 subterraneis

133 2471 351 2510 eorumque
375 2461 603 2510 eruptione,
627 2473 676 2496 ex
694 2471 884 2508 aquarum
901 2458 1146 2509 stagnatione
1168 2457 1434 2507 silvarumque
1461 2456 1625 2493 vastitie.

135 2527 473 2578 Necyomantenm
509 2526 811 2564 Cimmeriorum
840 2533 920 2562 erat
950 2526 992 2562 in
1022 2523 1173 2561 finibus
1208 2523 1627 2575 anthropophagorum

137 2595 460 2646 Laestrygonum3
482 2607 588 2632 sacra
604 2594 772 2631 humana
791 2595 834 2631 in
848 2593 947 2631 locis
965 2592 1012 2630 ad
1028 2591 1228 2641 Tiberim3
1253 2594 1379 2631 Fauni
1395 2591 1554 2630 oracula
1572 2592 1629 2627 in-

140 2659 348 2698 cubatione
364 2663 407 2700 in
425 2663 674 2700 victimarum
691 2673 878 2699 caesarnm
898 2660 1069 2712 pellibus
1092 2670 1262 2712 accepta.
1281 2659 1490 2698 Habebam
1510 2658 1627 2696 iidem

140 2724 290 2765 fabulas
315 2738 355 2766 et
382 2731 626 2767 narrationes
651 2741 738 2766 suas
758 2741 779 2765 a
805 2728 1021 2776 majoribus
1043 2735 1219 2780 acceptas
1243 2740 1362 2778 super
1390 2727 1540 2777 origiue
1561 2736 1627 2760 sua
