1767 3054
183 118 257 153 132

781 124 1019 160 AEXEIDOS

174 190 394 236 Proxima
420 191 589 237 deinde
615 202 772 237 tenent
797 195 948 238 moesti
974 194 1097 251 loca,
1122 198 1202 257 qui
1223 197 1312 244 sibi
1338 199 1480 246 letum

174 267 386 311 Insontes
410 281 639 328 peperere
660 281 825 324 manu,
851 269 1096 331 lucemque
1122 273 1278 332 perosi

1608 288 1669 323 435

172 340 416 402 Projecerc
440 341 630 388 animas.
660 346 813 399 Quam
837 343 1009 389 vellent
1032 346 1207 393 aethere
1232 347 1280 392 in
1305 349 1398 395 alto

170 416 309 460 Nunc
333 425 378 460 et
402 417 676 477 pauperiem
703 429 748 463 et
771 417 916 463 duros
939 420 1150 480 perferre
1175 421 1385 470 labores!

171 492 256 534 Fas
280 488 458 546 obstat,
482 491 697 552 tristique
721 492 855 554 palus
881 492 1145 541 inamabilis
1165 497 1292 543 unda

170 561 381 624 Adligat,
406 573 452 609 et
476 565 641 611 novies
663 568 784 627 Styx
807 568 1038 615 interfusa
1057 582 1256 617 coercet.

167 734 261 772 dicit
271 749 284 771 .·
298 737 473 789 vitasque
487 749 524 779 et
538 741 702 778 crimina
721 745 847 786 discit.
867 767 886 782 »ι

170 794 305 831 Cetera
343 796 468 845 bene3
505 812 644 836 verum
677 805 718 840 in
758 805 887 843 Consi-

169 851 264 888 lium
295 866 420 893 vocat
438 866 643 909 argutatur
664 863 859 901 Pedianus
872 894 882 912 ‚

168 923 260 946 nam
280 915 429 952 etiamsi
447 916 494 952 ad
515 916 688 956 edititios
708 921 882 970 judices,

168 980 268 1017 quos
306 980 421 1009 certae
452 987 599 1011 caussae
624 977 885 1023 admittebant

168 1025 234 1074 (cf.
255 1029 376 1079 Sigon
393 1030 440 1068 de
457 1032 552 1070 Jud.
575 1035 629 1081 ΙΙ,
655 1035 747 1087 12),
768 1039 884 1076 refer-

169 1097 210 1120 re
234 1086 352 1132 velis,
375 1097 505 1128 tamen
527 1104 602 1128 nec
623 1103 741 1143 poeta
760 1097 803 1132 in
824 1111 885 1135 eo-

168 1141 257 1180 dem
283 1145 436 1192 judicio
455 1151 703 1189 sortitionem
727 1162 765 1190 et
782 1156 884 1193 elec-

168 1201 316 1239 tionem
331 1218 548 1244 memorare
564 1212 696 1259 potuit
707 1240 716 1258 ‚
735 1220 773 1249 et
789 1227 882 1251 cum

166 1257 350 1299 silentum
378 1265 583 1304 consilium
604 1268 707 1306 illud
725 1271 775 1306 sit
788 1300 798 1316 ‚
817 1274 879 1320 ju-

167 1316 273 1356 dices
297 1322 545 1375 intelligendi
567 1336 695 1364 essent
714 1342 763 1366 ex
785 1332 879 1367 Um-

167 1375 249 1414 bris
278 1378 371 1416 lecti
396 1395 405 1420 :
440 1383 549 1431 quod
585 1386 655 1421 xix
684 1396 810 1436 poetae
838 1391 882 1426 in

167 1435 340 1473 animum
360 1441 495 1476 venire
513 1444 657 1492 potuit.
679 1446 789 1494 Quin
807 1460 878 1496 po-

164 1492 242 1528 tius
258 1494 441 1534 silentum
462 1499 632 1537 concilia
651 1512 744 1540 sunt
763 1504 879 1541 turba

167 1549 331 1590 forensis
342 1582 352 1599 ‚
370 1556 631 1608 inprimisque
647 1573 785 1597 eorum
800 1589 811 1607 ‚
831 1562 880 1600 de

162 1609 309 1657 quibus
340 1616 516 1664 cognitio
538 1616 770 1665 habebitur3
803 1634 878 1658 un-

134 1697 138 1701 ,
163 1665 211 1702 de
230 1668 426 1715 adjectum
447 1685 457 1710 2
481 1673 667 1725 vitasque
685 1686 725 1713 et
751 1678 878 1715 crimi-

164 1737 218 1760 na
238 1726 362 1767 discit.
385 1733 479 1769 Stat.
497 1734 597 1769 VIII
610 1761 619 1778 ‚
644 1747 694 1771 22
718 1735 766 1771 de
784 1736 875 1774 Plu-

164 1791 256 1820 tone
277 1797 286 1822 :
300 1789 471 1837 populos
496 1791 688 1838 poscebat
712 1792 878 1829 crimina

168 1838 284 1885 vitoe;
305 1846 402 1882 etin
423 1846 556 1884 Culice
579 1856 675 1895 274,
695 1850 876 1901 necfaci-

162 1897 217 1933 les
249 1900 352 1938 Dicis
370 1903 456 1940 sine
474 1904 612 1955 judice
639 1907 773 1952 sedes,
804 1911 874 1944 Ju-

160 1954 246 1992 dc'ce
259 1986 269 2001 ‚
293 1961 363 2010 qui
380 1961 479 1998 'vicoe
489 1972 584 2012 post
600 1973 762 2001 mortem
780 1965 873 2002 ‘vin-

159 2012 270 2051 dicat
291 2027 397 2057 acta.
421 2022 506 2069 Que
521 2029 612 2072 post
638 2022 747 2059 vitas
766 2023 875 2060 abest

161 2083 181 2106 a
205 2070 310 2112 binis
328 2078 464 2116 Burm.

226 2134 468 2185 434—439.
493 2137 677 2188 Magnam
698 2138 746 2175 ad
763 2139 874 2176 mise-

158 2195 349 2230 rationem
367 2194 513 2230 extuh't
539 2203 688 2232 sortem
717 2198 875 2234 misero-

159 2264 248 2287 rum
264 2278 273 2295 ,
295 2252 365 2299 qui
385 2251 462 2288 sibi
484 2253 560 2302 ipsi
584 2253 776 2291 violentas
797 2268 876 2292 ma-

158 2321 233 2344 nus
250 2308 418 2346 intulere
432 2337 442 2354 ‚
464 2309 531 2346 sed
561 2310 734 2348 insontes
760 2313 874 2351 nullo

159 2365 323 2401 crimine
342 2366 510 2414 polluti,
532 2368 600 2404 sed
618 2371 709 2406 vitae
730 2370 848 2408 taedio
861 2399 871 2418 ,

157 2431 321 2472 propter
382 2436 647 2462 aerumnarum
701 2428 847 2465 molem
860 2457 871 2474 ,

159 2492 239 2529 qua
258 2493 467 2529 oppressos
488 2495 528 2519 se
549 2483 748 2522 videbant,
779 2486 873 2522 Gra-

159 2538 249 2573 vius
269 2537 329 2573 illi
346 2539 571 2586 puniuntur
586 2542 630 2578 in
649 2543 789 2579 Dantis
805 2545 871 2580 In-

161 2592 274 2631 femo
295 2605 304 2631 :
329 2607 367 2631 v,
390 2605 492 2634 cant.
516 2599 629 2636 XIII.
662 2599 873 2651 Projecere

161 2650 342 2687 animam
357 2678 369 2696 ‚
406 2665 497 2689 cum
549 2654 698 2693 dilectu
711 2686 721 2704 ,
760 2659 874 2706 quasi

161 2721 249 2755 rem
260 2708 378 2745 vilem
392 2737 402 2755 ,
420 2718 466 2745 ut
484 2710 586 2748 bene
609 2715 716 2751 Serv.
731 2715 791 2750 Ex
809 2715 871 2760 iis,

114 2787 117 2793 ι
161 2778 249 2816 quae
265 2765 428 2804 laudant
453 2766 577 2805 Cerda
601 2777 640 2806 et
663 2770 870 2817 Gudlius,

954 756 1081 781 unum
1103 745 1294 783 convenit
1307 754 1449 784 notum
1465 747 1566 785 illud
1576 751 1669 788 Ovi-

955 803 1033 841 dii:
1055 802 1273 856 Sanguinis
1286 812 1408 855 atque
1419 805 1570 843 animoe
1580 819 1670 856 pro—

952 861 1045 913 dige
1057 890 1068 906 ‚
1097 862 1236 906 Galle,
1255 871 1344 900 tua’.
1358 864 1413 902 At
1424 863 1490 900 illa
1506 875 1515 901 ε
1538 865 1668 913 Quam

951 921 1108 957 vellent
1134 918 1280 958 aethere
1303 919 1343 957 in
1371 919 1479 969 alto‚'
1499 935 1551 959 ex
1575 930 1668 960 nota

951 977 1017 1016 illa
1051 987 1090 1015 et
1118 992 1137 1015 3
1162 979 1337 1016 Luciano
1357 981 1550 1030 exagitata
1578 992 1667 1016 sen-

950 1038 1071 1073 tentia
1088 1036 1257 1074 Achillis
1275 1036 1393 1074 ducta
1408 1046 1502 1075 sunt
1519 1037 1663 1088 odyss,

950 1097 995 1140 λ,
1018 1095 1244 1145 488-490
1265 1107 1274 1133 :
1294 1094 1414 1132 habet
1432 1104 1562 1132 tamen
1582 1096 1664 1132 vim

951 1155 1085 1190 nescio
1102 1166 1220 1204 quam
1238 1152 1287 1189 ad
1315 1154 1437 1190 animi
1454 1152 1637 1190 affectum
1651 1182 1662 1200 ,

948 1209 1160 1248 declaratio
1200 1211 1284 1248 haec
1319 1212 1576 1261 poenitentiae.
1605 1232 1664 1240 -—-

950 1270 1046 1313 438.
1065 1271 1256 1320 Quinque
1276 1282 1394 1306 voces
1409 1277 1555 1306 notatae
1570 1278 1664 1306 sunt

949 1327 1072 1365 rubro
1091 1328 1137 1363 in
1156 1327 1304 1365 Medic.
1329 1329 1407 1364 Fas
1429 1327 1555 1364 obstat
1575 1327 1660 1364 tris-

948 1385 1054 1436 tique
1081 1400 1122 1435 p.
1148 1384 1380 1422 inamabilis
1414 1385 1548 1424 undoe.
1586 1385 1664 1423 Sed

946 1443 1151 1481 videamus
1168 1443 1215 1481 de
1238 1442 1417 1493 singulis.
1441 1445 1519 1480 Fas
1536 1442 1665 1480 obstac

945 1500 1052 1538 haud
1076 1502 1197 1539 dubie
1220 1501 1344 1547 hene,
1365 1501 1404 1539 b.
1429 1514 1464 1538 e.
1482 1509 1635 1538 naturae
1651 1531 1661 1547 ‚

946 1560 1244 1610 inferorumque
1260 1561 1364 1608 jura.
1384 1561 1462 1596 Fas
1479 1567 1517 1596 et
1526 1559 1594 1610 jus
1613 1559 1661 1596 ad

942 1619 1032 1665 jura
1052 1618 1185 1655 divina
1202 1626 1242 1655 et
1254 1617 1429 1654 humana
1445 1617 1582 1654 referri
1593 1630 1662 1655 no-

947 1684 1031 1712 tum
1049 1685 1125 1722 est,
1147 1685 1186 1714 et
1205 1677 1364 1725 copiose
1381 1674 1611 1714 illustrat'h.
1630 1675 1656 1713 1.

945 1734 1081 1771 Heius.
1114 1735 1177 1772 Sic
1205 1734 1302 1784 legit
1328 1735 1438 1771 Serv.
1459 1744 1548 1769 cum
1572 1733 1656 1770 Do-

944 1800 1038 1828 nato
1055 1803 1064 1828 :
1083 1793 1217 1841 sicque
1229 1794 1345 1829 Rom.
1364 1788 1470 1827 Gud.
1489 1803 1508 1826 a
1525 1802 1577 1827 m.
1592 1803 1654 1840 pr.

944 1850 1060 1887 Voss.
1081 1849 1176 1886 alter
1196 1862 1288 1885 cum
1323 1848 1429 1885 binis
1459 1861 1480 1884 e
1510 1846 1655 1893 Goth.‚

942 1907 1038 1943 item
1071 1906 1272 1945 Benedict.
1305 1920 1326 1943 e
1354 1904 1445 1942 cod.
1466 1905 1585 1943 Palat.
1617 1915 1658 1942 et

941 1963 1034 2000 inde
1047 1964 1108 2002 ed.
1120 1966 1146 2003 J
1148 1972 1234 2002 unt.
1246 1964 1376 2003 Ceteri
1373 1962 1474 2015 fata
1482 1962 1652 2008 obstant,

942 2034 992 2058 ex
1008 2025 1066 2060 IV
1083 2025 1171 2060 AEn.
1199 2029 1294 2067 440.
1315 2024 1440 2059 Porro
1459 2020 1656 2071 tristisque

932 2079 1077 2129 palus,
1105 2080 1216 2130 quod
1245 2081 1403 2118 Servius
1430 2077 1653 2129 improbat3

939 2150 990 2174 ne
1026 2137 1110 2175 duo
1146 2140 1227 2175 sint
1266 2137 1438 2188 epitheta
1451 2164 1462 2183 ‚
1490 2135 1654 2174 exhibet

942 2196 1111 2235 Dorvill.
1133 2204 1173 2233 et
1185 2208 1275 2233 cum
1292 2197 1408 2233 Rom.
1424 2207 1514 2244 pars
1533 2193 1649 2232 codd.

941 2254 1059 2290 Pierii
1068 2281 1078 2300 ‚
1092 2255 1161 2304 qui
1171 2253 1274 2291 bene
1284 2260 1440 2300 monet,
1462 2252 1651 2301 accipien-

942 2309 1037 2348 dum
1064 2325 1146 2348 esse
1172 2325 1182 2350 ε
1211 2311 1408 2361 cristisque
1421 2309 1564 2360 palus,
1590 2307 1649 2344 in-

941 2368 1128 2406 amabilis
1148 2369 1269 2407 unda.
1287 2370 1348 2408 Sic
1362 2378 1523 2418 quoque
1537 2364 1645 2402 Gud.

941 2440 962 2463 3
978 2440 1030 2465 m.
1049 2440 1109 2477 pr.
1124 2435 1163 2464 et
1178 2440 1240 2478 pr.
1256 2423 1443 2465 Rottend.
1461 2435 1482 2459 a
1499 2434 1551 2460 m.
1569 2435 1646 2460 sec.

941 2484 1024 2522 Alii
1041 2487 1156 2522 etiam
1177 2497 1187 2523 :
1205 2482 1400 2532 cristisque
1411 2493 1456 2530 p.
1471 2479 1497 2517 i.
1514 2479 1645 2518 undoe.

940 2544 1016 2580 Sic.
1046 2541 1153 2579 Gud.
1175 2553 1195 2577 a
1211 2553 1266 2578 m.
1291 2551 1368 2576 sec.
1388 2537 1565 2576 Tandem
1589 2536 1648 2574 in-

940 2598 1084 2636 nabilis
1101 2605 1196 2634 sunt
1223 2599 1293 2646 qm'
1307 2595 1439 2647 legant
1460 2607 1522 2645 ap.
1543 2595 1645 2634 Pier.

940 2656 1036 2692 item
1053 2653 1185 2694 Schol.
1208 2656 1345 2691 Horat.
1364 2662 1404 2690 et
1419 2666 1481 2703 pr.
1500 2652 1643 2690 Hamb.

939 2725 1015 2762 pro
1033 2724 1114 2750 var.
1131 2714 1238 2749 Lect.
1254 2719 1295 2748 et
1316 2719 1393 2747 tres
1409 2723 1470 2761 ap.
1488 2711 1623 2747 Burm.
1634 2737 1645 2756 ‚

940 2770 1070 2806 minus
1095 2768 1221 2817 bene,
1244 2777 1292 2808 ut
1313 2769 1498 2807 Heinsius
1515 2766 1646 2806 docet.
