1767 3054
655 149 809 186 LIBER
839 148 932 186 VII.

1474 153 1554 190 261

53 226 256 274 Classica
272 226 464 289 jamque
485 229 676 278 sonant;
698 220 734 266 it
758 218 885 266 bello
910 231 1085 266 tessera
1109 219 1310 282 signum.

55 301 145 348 llic
166 300 345 363 galeam
368 296 502 343 tectis
527 295 741 358 trepidus
767 295 914 359 rapit;
937 295 1014 341 ille
1039 296 1281 342 frementis

54 375 128 421 Ad
145 375 261 436 juga
283 373 411 434 cogit
436 387 607 434 equos;
633 370 968 433 clypeumque,
997 388 1210 433 auroque
1231 371 1432 419 trilicem

54 449 270 495 Loricam
290 447 528 504 induitur,
556 446 748 508 fidoque
770 445 1038 510 adcingitur
1062 464 1189 494 ense.
1502 460 1563 494 640

118 522 314 584 Pandite
339 539 467 569 nunc
492 522 745 581 Helicona,
771 522 893 581 deae,
917 534 1176 585 cantusque
1200 534 1409 579 movete,

52 669 124 707 tim
141 669 337 720 processit
354 667 515 721 ferreus
537 668 664 715 ensis,
688 671 727 704 V
724 681 781 707 er-

52 741 176 778 saque
205 727 246 764 in
284 728 494 765 obscenum
534 727 682 778 species
725 737 783 765 ese

41 785 170 838 falcis
188 799 303 823 aenae
315 800 328 823 .·
345 785 455 836 quod
473 795 675 837 comparat
693 787 781 824 Ma-

59 844 171 882 crob.
198 847 276 882 Sat.
295 847 379 891 VI,
406 858 423 882 1
451 854 552 883 extr.
577 848 617 882 Ic
633 854 782 882 tessera

56 903 213 954 siguum
237 902 364 948 bello,
387 903 428 940 h.
450 918 483 941 e.
509 903 683 951 diditur,
705 903 783 942 dis-

60 960 264 997 tribuitur.
284 963 424 1013 Longo
462 962 549 1013 ugit
559 962 698 999 ordine
713 977 785 1000 ve-

59 1018 130 1054 on
160 1020 347 1063 Tessem,
376 1020 431 1056 ait
464 1022 634 1066 Statim,
654 1021 782 1058 Theb.

59 1076 85 1113 l.
106 1077 186 1113 VII
201 1104 211 1122 ‚
234 1078 332 1116 236.
353 1078 524 1116 -638.
551 1078 732 1129 Rapidus
751 1092 782 1117 r.

59 1133 207 1172 Medic.
227 1147 247 1170 a
267 1148 320 1173 m.
347 1149 409 1186 pr.
437 1137 558 1188 Capit
579 1137 677 1174 alter
699 1139 786 1174 Me-

62 1205 151 1243 nag.
180 1195 411 1230 Tremences
446 1195 553 1234 Gud.
583 1208 603 1232 a
640 1208 693 1232 m.
723 1208 783 1245 pr.

62 1259 101 1287 et
124 1249 513 1302 Franc.fiequentes
540 1252 785 1302 ΒΓΕ-639.

67 1309 102 1344 T
99 1307 251 1344 rilicem
266 1321 349 1345 non
367 1318 446 1346 tam
460 1311 605 1361 triplici
625 1310 788 1348 filorum

65 1365 205 1402 ordine
219 1395 229 1412 ‚
267 1375 313 1402 ut
353 1376 453 1404 esset
478 1369 600 1405 lorica
639 1369 786 1414 lintea;

63 1437 257 1473 quorsum
280 1425 386 1461 enim
405 1439 503 1462 auro
517 1431 539 1462 .³
561 1425 631 1462 sed
655 1425 789 1462 aureis

64 1480 251 1529 lamellis,
276 1482 422 1532 triplici
451 1484 594 1521 ordine
620 1483 697 1521 sihi
725 1485 788 1521 in-

64 1540 202 1585 nexis;
228 1548 274 1577 ut
297 1540 392 1577 alias
417 1540 566 1587 hamis,
592 1542 786 1591 squamis,

63 1611 133 1635 seu
153 1597 356 1636 catenulis.
378 1612 415 1636 v.
435 1612 524 1650 sup.
550 1599 598 1636 ad
616 1601 676 1636 III
695 1602 785 1637 AEn.

67 1656 163 1704 467.
198 1655 341 1693 Fidum
382 1669 516 1694 ensem
550 1658 633 1702 640
648 1686 659 1705 ,
687 1656 788 1695 vidi-

64 1726 154 1750 mus
170 1715 251 1761 jam
269 1715 349 1761 VI,
373 1715 470 1759 524.

123 1771 179 1816 64
189 1785 203 1808 1
219 1785 305 1822 sqq.
319 1774 685 1820 Enumerationem,
699 1786 789 1824 quae

68 1830 266 1879 sequitur,
310 1832 521 1881 copiarum
556 1834 789 1869 Latinarum

66 1887 149 1936 ipsa
178 1899 312 1924 rerum
338 1889 441 1924 ratio
466 1897 596 1938 poetae
624 1889 789 1938 ingenio

69 1943 243 1992 objicere
281 1943 443 1991 debuit3
468 1958 512 1981 ea
538 1948 668 1991 enim,
701 1957 789 1995 quae

69 2001 270 2051 sigillatim
327 2011 613 2051 exponuntur,
661 2003 791 2040 multo

71 2060 257 2107 majorem
314 2060 564 2097 mirationem
622 2061 790 2106 faciunt,

70 2130 189 2167 quam
211 2117 245 2153 si
262 2117 339 2154 sub
359 2130 441 2155 uno
461 2131 628 2155 numero
655 2131 794 2168 quam-

72 2176 130 2211 vis
150 2174 292 2226 grandi
311 2175 550 2223 efferantur-3
568 2189 689 2227 porro
702 2204 713 2222 ‚
731 2189 795 2213 an-

73 2242 231 2283 tequam
263 2245 324 2270 res
351 2246 505 2285 magnae
529 2243 567 2271 et
591 2235 704 2273 clarae
728 2248 795 2286 ge-

74 2300 243 2338 runtur,
268 2305 334 2329 eos
359 2305 599 2343 cognoscere
618 2305 793 2339 avemus,

75 2361 145 2400 per
161 2363 262 2400 quos
279 2363 334 2387 eae
355 2364 415 2388 res
444 2359 562 2401 gestae
579 2359 694 2396 sunt;
711 2352 795 2388 Ho-

76 2409 214 2445 merici
233 2410 397 2446 navium
421 2409 589 2460 catalogi
611 2409 797 2459 exemplo

75 2478 160 2503 eam
190 2480 273 2504 esse
310 2466 604 2512 adumbratam,
631 2467 798 2505 obvium

76 2533 132 2562 est
147 2553 157 2570 ,
181 2533 221 2562 et
241 2525 292 2563 ab
313 2526 504 2564 omnibus
523 2528 701 2577 Inter-pp.
726 2525 798 2562 ob-

75 2592 287 2623 servatum.
327 2584 395 2622 Ab
442 2582 582 2622 eodem
624 2587 800 2621 Homero

78 2640 190 2679 Iliad.
208 2639 254 2689 β,
275 2643 357 2688 484
379 2644 499 2694 petita
519 2651 576 2680 est
592 2644 800 2681 Musarum

78 2698 306 2747 invocatio;
331 2709 370 2739 et
396 2711 526 2748 recte,
547 2710 735 2751 tanquam
758 2699 801 2736 in

79 2755 200 2795 rebus
217 2772 238 2796 a
257 2760 385 2810 prisca
403 2761 594 2797 memoria
610 2758 799 2810 repetitis·

81 2814 424 2867 Comparationem
436 2820 540 2856 inter
549 2819 802 2856 Homericam

847 678 885 706 et
901 668 1162 720 Virgilianam
1177 670 1372 708 rationem
1383 683 1405 708 a
1415 671 1556 708 Macro

846 727 915 765 bio
932 727 1025 765 inde
1038 730 1117 766 Sat.
1135 730 1186 774 V,
1206 741 1240 766 c.
1268 729 1317 766 15
1339 731 1482 780 passim
1510 731 1571 767 in-

845 788 1063 824 stituerunt
1078 786 1155 823 viri
1170 786 1301 833 docti,
1318 786 1386 824 sed
1398 790 1573 838 partium

848 846 929 883 fere
957 844 1091 883 studio
1127 853 1166 882 et
1195 846 1424 884 alterutrius
1447 855 1574 898 poetae

850 917 984 942 amore
1014 903 1181 954 abrepti.
1200 904 1328 943 Nobis
1351 918 1396 942 ea
1418 914 1574 943 notasse

849 961 1000 999 sufficit
1018 991 1028 1008 ,
1062 974 1151 1012 quae
1196 963 1367 1014 Virgilio
1415 964 1575 1014 propria

850 1029 955 1058 sunt.
986 1022 1123 1070 Quum
1150 1021 1285 1069 itaque
1302 1021 1498 1072 Virgilius
1514 1034 1578 1058 ur-

851 1079 965 1116 bium
1003 1086 1042 1114 et
1080 1077 1327 1128 populorum
1361 1080 1550 1116 varietate
1566 1107 1576 1125 ,

850 1136 1114 1184 locorumque
1133 1143 1172 1171 et
1194 1148 1351 1173 morum
1373 1136 1579 1174 diversita-

853 1203 890 1231 te
922 1193 1087 1230 inferior
1107 1202 1206 1230 esset
1231 1196 1432 1241 Homero,
1454 1194 1580 1233 delec-

854 1252 1044 1289 tationem
1065 1264 1116 1288 ex
1138 1251 1284 1288 fabulis
1306 1253 1446 1303 priscis
1473 1262 1579 1292 recte

854 1310 1052 1360 quaesivit.
1077 1308 1197 1358 Quod
1223 1311 1436 1358 Trojanam
1456 1314 1580 1349 aciem

854 1380 939 1405 non
953 1365 1107 1414 adjecit,
1116 1367 1166 1403 ad
1178 1369 1442 1406 Homericum
1452 1383 1580 1407 exem-

853 1425 967 1476 plum
976 1452 987 1471 ‚
1000 1437 1120 1462 nemo
1131 1424 1244 1462 facile
1256 1427 1426 1464 miretur
1437 1441 1447 1474 ;
1462 1441 1581 1478 quam

855 1484 963 1520 enim
1000 1483 1232 1520 varietatem
1279 1492 1318 1521 et
1356 1483 1584 1524 delectatio—

855 1553 948 1578 nem
988 1554 1033 1578 ea
1074 1543 1324 1580 enumeratio
1369 1545 1578 1594 promitte-

854 1612 897 1636 re
934 1600 1116 1650 poterat?
1140 1602 1404 1638 Etruscorum
1434 1603 1580 1640 auxilia

855 1670 1037 1696 enarrare
1057 1671 1144 1695 non
1162 1657 1312 1696 oblitus
1334 1667 1392 1696 est
1408 1659 1483 1698 inf.
1507 1660 1580 1698 lib.

854 1718 894 1755 X
909 1744 920 1764 ,
945 1716 1022 1753 163
1037 1728 1095 1766 sq.
1116 1717 1239 1753 Erant
1257 1718 1421 1755 enimin
1439 1732 1582 1770 genere

855 1773 933 1812 hoc
963 1786 1100 1811 rerum
1137 1772 1459 1826 hominumque,
1491 1789 1581 1826 quae

855 1833 1037 1868 animum
1057 1839 1190 1868 tenere
1202 1841 1377 1881 possent.
1395 1833 1516 1882 Quod
1533 1833 1583 1871 ad

855 1889 1039 1927 ordinem
1053 1916 1064 1932 ‚
1110 1901 1193 1938 quo
1241 1888 1362 1926 urbes
1404 1900 1583 1929 recenset

856 1955 994 1997 poeta,
1020 1946 1182 1990 attinet,
1211 1948 1285 1983 etsi
1318 1959 1417 1985 vana
1452 1962 1497 1986 ea
1533 1948 1582 1986 de

857 2017 900 2041 re
919 2006 1100 2041 virorum
1120 2003 1334 2040 doctorum
1353 2014 1411 2042 est
1430 2007 1585 2045 subtili-

860 2070 941 2108 tas,
968 2061 1019 2098 cf.
1051 2060 1234 2098 Macrob.
1269 2061 1296 2098 l.
1327 2075 1388 2109 c.‚
1417 2077 1503 2102 non
1524 2073 1582 2102 ta·

860 2133 954 2157 men
972 2117 1162 2156 videntur
1180 2118 1430 2167 observasse,
1452 2122 1501 2160 ab
1518 2136 1584 2160 oc—

861 2177 1018 2215 cidente
1037 2177 1137 2214 Latii
1154 2177 1204 2214 ad
1229 2179 1439 2217 orientales
1456 2193 1583 2232 usque

861 2236 961 2274 fines
979 2249 1070 2272 eum
1089 2234 1290 2286 progredi.

923 2295 1021 2338 641.
1042 2294 1180 2331 Heius.
1205 2294 1465 2343 conjiciebat,
1485 2309 1582 2333 can-

864 2362 984 2403 tuque
1009 2361 1167 2388 monete
1181 2380 1191 2398 ‚
1213 2364 1263 2389 ne
1284 2352 1345 2389 bis
1368 2353 1475 2391 idem
1493 2368 1581 2392 ver·

864 2424 931 2448 sus
959 2418 1204 2455 occurreret3
1235 2423 1328 2447 nam
1347 2410 1495 2462 legitur
1516 2413 1583 2450 ille

866 2468 1033 2506 totidem
1050 2467 1182 2505 verbis
1197 2467 1225 2506 l.
1247 2471 1287 2507 X
1300 2497 1311 2514 ‚
1335 2470 1429 2508 163.
1450 2472 1506 2508 At
1522 2484 1584 2508 ve-

866 2539 913 2564 ro
933 2534 1033 2577 quot
1059 2539 1197 2563 versus
1224 2526 1268 2563 in
1285 2527 1459 2578 Virgilio
1483 2537 1522 2565 et
1541 2530 1584 2565 in

866 2586 1043 2622 Homero
1070 2592 1197 2622 essent
1219 2585 1424 2633 mutandi,
1455 2587 1488 2622 si
1505 2586 1583 2624 hoc

867 2644 982 2692 sequi
1008 2642 1220 2680 vellemus!
1238 2665 1296 2671 -—
1315 2643 1396 2688 641
1412 2665 1470 2672 -
1483 2644 1581 2689 646.

869 2700 980 2751 Quid
1006 2709 1064 2738 est
1082 2700 1270 2751 pandere
1303 2700 1540 2739 Heliconem
1563 2705 1583 2736 .³

869 2767 916 2796 ut
949 2758 1078 2797 aditus
1110 2768 1240 2810 poetae
1268 2760 1426 2810 pateat?
1461 2767 1583 2808 utque

868 2829 932 2854 eas
947 2824 1132 2856 canentes
1147 2816 1309 2856 audiat?
1326 2826 1373 2855 ut
1395 2817 1476 2855 fere
1493 2816 1583 2854 Cer-
