1767 3054
598 159 675 196 AD
704 158 910 196 imam
939 160 1030 196 vu.
1491 172 1541 209 40
1554 179 1568 202 1

69 226 349 277 Aristobulus‚
369 228 596 268 Alexander
609 230 837 282 Polyhistor
850 246 860 277 ;
875 244 968 268 cum
982 231 1044 268 his
1064 232 1226 270 Xenion
1242 232 1347 284 apud
1359 235 1543 276 Macrob.
1559 241 1577 275 Ι

69 300 148 336 sat.
170 312 209 348 9.
231 297 344 337 Adde
362 297 423 334 his
439 310 505 334 eos
526 299 596 348 qui
611 298 858 349 Tyrrhenica
885 300 1124 349 scripserant
1137 327 1148 346 ,
1167 307 1214 337 ut
1248 302 1459 341 Sostratus.
1478 307 1575 343 Om-

69 378 140 402 nes
156 364 228 402 hos
246 365 403 402 Graecas
426 363 575 402 fabulas
593 366 636 402 in
652 365 804 403 Italiam
824 366 1068 404 transtulisse
1091 376 1253 419 apparet
1266 395 1276 415 ‚
1296 382 1366 407 seu
1384 372 1574 421 opinione

68 430 162 469 falsa
185 430 392 482 deceptOS,
414 446 482 470 seu
502 446 625 483 pravo
646 433 779 471 studio
805 432 959 472 ductos.
986 437 1163 473 Omnino
1185 437 1312 474 serius
1337 436 1387 475 ad
1416 439 1576 477 Graecos

67 498 296 537 Italicarum
327 513 460 537 rerum
491 502 629 538 notitia
659 501 796 552 paullo
821 501 1068 539 luculentior
1098 505 1295 554 pervenit.
1332 505 1434 542 Nam
1460 507 1577 543 etiam

64 567 136 605 illo
161 576 362 620 tempore,
386 582 467 619 quo
499 570 629 607 Graeci
656 568 825 607 navibus
861 569 985 606 Italiae
1013 569 1131 607 litora
1160 570 1492 621 frequentabant,
1511 581 1580 610 aut

67 635 222 674 Graecia
255 638 400 686 Magna
427 637 654 674 civitatibus
690 637 840 675 Graecis
874 636 1107 688 potentibus
1145 637 1335 685 florebat,
1372 640 1581 677 interiores

68 711 200 742 tamen
219 713 340 742 terras
362 706 478 755 pauci
498 704 637 742 adiisse
655 704 858 742 videntur.
881 707 1020 756 Itaque
1037 705 1254 756 fragmenta
1268 734 1277 751 ‚
1304 719 1392 757 quae
1409 720 1459 744 ex
1477 708 1577 758 pris-

70 773 123 810 cis
146 773 294 811 Graecis
314 773 581 823 scriptoribus
608 786 711 811 nova
735 785 852 823 super
872 775 999 810 Roma
1016 781 1055 810 et
1078 781 1209 810 vetere
1229 773 1339 810 Italia
1359 773 1475 812 affert
1502 775 1580 825 pri-

70 842 146 877 mis
167 843 212 878 in
229 841 343 878 libris
363 842 582 892 Dionysius
595 870 606 885 ,
630 843 769 878 miram
792 839 961 892 prodere
985 839 1173 879 videntur
1188 841 1387 879 inscitiam
1401 870 1411 889 ‚
1433 841 1578 880 doctis-

70 920 149 958 que
170 907 401 945 hominibus
422 921 585 958 prorsus
608 908 824 960 indignam.

129 975 296 1014 fabulas
313 985 445 1014 autem
471 989 591 1027 super
618 976 762 1014 Italicis
786 977 904 1014 rebus
923 976 1172 1028 procudendi
1190 977 1416 1016 facultatem
1436 987 1475 1016 et
1493 991 1575 1016 ma-

71 1043 209 1080 teriam
236 1043 383 1081 Graecis
413 1045 581 1096 ingeniis
612 1044 787 1095 praehuit
809 1045 991 1094 inprimis
1018 1046 1149 1095 primo
1176 1045 1363 1082 Herculis
1382 1045 1579 1096 profectio

72 1122 166 1148 cum
184 1110 384 1162 Geryonis
402 1114 588 1149 armentis
600 1125 672 1162 per
692 1112 846 1149 Italiam
864 1111 963 1149 facta
977 1110 992 1162 (
1005 1112 1109 1150 conf.
1123 1111 1315 1163 Apollod.
1330 1113 1370 1149 II
1383 1140 1394 1159 ,
1416 1113 1440 1149 5
1451 1140 1461 1158 ‚
1488 1110 1555 1162 10)
1570 1140 1579 1157 ‚

74 1185 161 1214 tum
187 1179 401 1216 Homerica
427 1181 600 1217 narratio
619 1179 755 1217 multis
776 1181 965 1230 mirisque
990 1179 1135 1217 fabulis
1154 1179 1202 1216 de
1224 1180 1341 1216 maris
1364 1187 1578 1216 terrarum·

71 1256 149 1295 que
167 1243 266 1282 facie
290 1248 435 1284 variata
449 1275 459 1293 ,
481 1247 528 1284 de
559 1247 713 1298 Ulyssis
739 1247 964 1294 erroribus,
983 1256 1022 1284 et
1045 1246 1094 1283 ad
1124 1246 1247 1284 Italiae
1270 1246 1387 1284 litora
1407 1258 1578 1283 accessu.

71 1315 132 1352 De
157 1313 325 1352 Hercule
349 1315 515 1365 quidem
549 1315 700 1352 fabulas
724 1316 975 1362 innumeras,
995 1327 1183 1366 magnum
1203 1315 1386 1366 inprimis
1414 1314 1581 1352 urbium

71 1393 285 1418 numerum
307 1381 430 1419 Italiae
458 1382 507 1419 ab
538 1395 585 1419 eo
606 1382 670 1419 vel
698 1381 747 1419 ab
766 1383 850 1430 ejus
872 1380 964 1419 filiis
993 1381 1271 1428 conditarum,
1294 1389 1577 1428 narraverunt3

73 1448 227 1499 Ulyssis
246 1458 377 1487 autem
400 1452 613 1503 progenie,
635 1459 702 1488 aut
729 1451 931 1488 sociorum
949 1449 1140 1501 stirpibus
1163 1462 1322 1487 omnem
1338 1451 1482 1500 passim
1502 1451 1582 1487 Ita·

72 1516 166 1554 liam
195 1517 512 1569 frequentarunt.
533 1522 615 1570 Ipsi
645 1519 743 1557 adeo
762 1521 946 1556 Ausones
969 1518 1019 1556 ab
1040 1521 1204 1556 Ausone
1217 1545 1228 1563 ,
1253 1530 1322 1554 seu
1342 1518 1474 1555 Circes
1494 1516 1580 1555 filio

72 1598 123 1622 ex
151 1586 313 1638 Ulysse,
334 1601 404 1625 seu
432 1588 649 1640 Calypsus,
674 1595 808 1626 ortum
836 1586 1022 1623 habuisse
1052 1594 1277 1623 narrantur.
1301 1587 1466 1624 Festus:
1490 1588 1574 1624 Au-

74 1653 233 1691 soniam
255 1655 475 1706 appellavit
500 1657 661 1700 Auson,
692 1652 840 1702 Ulyssis
860 1662 900 1690 ec
926 1653 1119 1704 Calypsus
1128 1654 1268 1707 filius,
1292 1666 1382 1690 eam
1396 1653 1574 1704 primam

65 1731 228 1773 partem
260 1722 396 1760 ltaliae
425 1723 466 1760 in
496 1737 577 1774 qua
607 1731 697 1760 sunt
726 1722 837 1760 urbes
861 1725 1131 1759 Beneventum
1160 1731 1198 1758 ec
1219 1720 1334 1757 Cales
1357 1721 1463 1772 (hoc
1484 1724 1572 1772 qui-

74 1789 166 1828 dem
185 1798 232 1826 ut
253 1803 371 1839 supra
390 1789 564 1827 vidimus
577 1817 587 1835 ‚
609 1797 737 1836 recte3
758 1802 851 1826 nam
880 1801 924 1825 ea
950 1787 1073 1824 Italiae
1092 1800 1182 1838 pars
1201 1788 1391 1825 Ausoniae
1419 1788 1583 1826 nomine

73 1857 237 1907 proprie
262 1857 431 1907 insignis
455 1856 586 1907 fuit);
615 1855 762 1893 deinde
783 1854 1005 1906 paullatim
1025 1862 1109 1891 tota
1136 1866 1293 1904 quoque
1319 1853 1468 1899 Italia,
1494 1867 1584 1905 quae

73 1923 293 1975 Apennino
300 1923 457 1977 finitur,
483 1924 591 1961 dicta
611 1933 671 1962 ese
692 1923 880 1962 Ausonia
897 1922 1115 1973 (hactenus
1139 1935 1254 1967 vere3
1276 1921 1344 1959 sed
1361 1922 1512 1973 reliqua
1528 1922 1583 1959 sa-

75 1991 245 2043 bulose)
266 1992 316 2029 ab
336 1992 475 2029 eodem
495 1992 597 2029 duce
610 2021 620 2036 ‚
643 2005 669 2028 a
687 2006 764 2044 quo
784 1991 904 2029 etiam
924 1991 1126 2028 conditam
1137 1988 1269 2040 fin'sse
1288 1991 1495 2027 Aruncam
1514 2004 1579 2027 ur-

71 2061 159 2099 bem
170 2059 315 2113 serunt
329 2060 346 2112 (
359 2063 497 2098 Suessa
517 2062 681 2097 Arunca
694 2088 704 2106 ‚
728 2060 779 2097 ab
809 2059 1011 2097 Auruncis
1031 2057 1248 2108 habitata).
1273 2056 1340 2094 Ab
1364 2057 1518 2108 Ulyssis
1539 2066 1577 2095 et

76 2129 209 2167 Circes
232 2127 360 2165 tribus
389 2126 480 2164 filiis
494 2156 504 2173 ‚
534 2129 664 2165 Romo
678 2155 688 2172 ‚
710 2128 831 2164 Antia
859 2135 898 2163 et
926 2125 1078 2171 Ardea,
1103 2133 1182 2162 tres
1204 2123 1324 2161 urbes
1343 2123 1522 2162 conditas
1540 2133 1580 2161 et

74 2196 294 2233 nominatas
306 2197 535 2245 Xenagoras
555 2193 768 2231 tradiderat
787 2206 847 2244 ap.
868 2194 1037 2243 Dionys.
1058 2194 1095 2238 1,
1111 2204 1160 2238 '52
1177 2190 1244 2241 (p.
1266 2191 1289 2228 5
1295 2187 1369 2241 8):
1389 2191 1440 2229 cf.
1473 2192 1582 2228 viros

74 2263 214 2301 doctos
237 2263 287 2301 ad
307 2261 494 2313 Stephan.
515 2262 557 2298 in
581 2250 715 2313 Ᾰρὸεσι
743 2269 781 2297 et
801 2260 960 2299 Cluver.
983 2274 1023 2310 p.
1055 2272 1103 2309 97
1113 2259 1152 2297 6.
1185 2259 1369 2296 Latinum
1393 2259 1525 2297 Circes
1545 2269 1583 2298 et

74 2331 229 2382 Ulyssis
254 2329 384 2367 filium
402 2331 480 2378 jam
499 2329 698 2366 Hesiodus
720 2327 897 2380 prodidit
920 2327 1070 2378 Theog.
1098 2338 1173 2364 101
1187 2339 1203 2363 1
1222 2354 1232 2372 ‚
1255 2326 1359 2363 1013
1375 2353 1386 2371 ,
1406 2325 1582 2365 Telema—

76 2397 140 2435 chi
161 2407 200 2436 et
217 2399 349 2437 Circes
375 2395 502 2434 filium
530 2396 595 2433 alii
609 2425 619 2443 ,
639 2397 741 2434 forte
763 2397 846 2447 ipse
870 2394 1094 2445 Telegoniae
1120 2400 1278 2439 auctor,
1303 2392 1490 2430 carminis
1510 2405 1581 2443 cy-

77 2465 168 2503 clici
186 2478 196 2504 :
217 2479 255 2503 v.
273 2466 422 2517 Hygia.
446 2464 474 2501 f.
498 2477 572 2511 ¹27
590 2492 600 2510 ,
619 2463 691 2500 ubi
719 2478 757 2502 v.
788 2465 922 2514 lut-pp.
952 2460 1043 2501 add.
1065 2462 1247 2512 Geopon.
1272 2461 1353 2506 XI,
1378 2471 1399 2496 2
1416 2473 1428 2506 3
1448 2459 1518 2497 ubi
1539 2474 1577 2498 v.

76 2532 221 2573 Nictas.
242 2534 515 2584 Corruperant
533 2532 758 2570 Telemachi
778 2544 926 2570 nomen
948 2539 986 2568 et
1006 2529 1248 2567 tradiderant
1267 2527 1434 2579 Telephi
1450 2526 1580 2566 filium

80 2598 169 2646 alii,
193 2614 294 2652 quos
317 2601 522 2640 Cedrenus
538 2608 730 2651 sequutus
750 2608 809 2637 est
829 2613 869 2650 p.
898 2600 977 2637 135
994 2600 1046 2637 D.
1068 2599 1198 2647 Hujus
1217 2597 1372 2650 generis
1389 2596 1515 2634 multa
1536 2599 1580 2634 in

80 2668 211 2718 primo
224 2671 354 2707 statim
372 2669 478 2707 libro
500 2671 686 2720 Dionysii
706 2677 744 2706 et
770 2668 893 2707 Solin.
914 2680 999 2718 cap.
1031 2680 1053 2704 2
1076 2665 1262 2719 cognosci
1280 2673 1461 2716 possunt.
1486 2667 1579 2702 Tra-

82 2734 203 2773 ducta
223 2749 381 2788 quoque
408 2750 470 2775 res
498 2736 545 2774 ad
570 2737 666 2774 alios
687 2749 709 2773 a
731 2737 847 2785 Troja
875 2748 945 2773 seu
973 2734 1159 2781 reduces,
1184 2747 1254 2771 seu
1284 2731 1487 2784 profugos.
1519 2733 1577 2768 Ita

83 2803 214 2856 Capys
233 2804 486 2856 Campaniam
507 2807 647 2845 tenuit.
669 2805 760 2845 Alia
786 2818 825 2844 v.
851 2817 912 2856 ap.
940 2807 1048 2844 Serv.
1081 2802 1129 2841 ad
1158 2805 1245 2841 AEn.
1264 2802 1307 2848 1,
1338 2807 1433 2843 242.
1469 2801 1576 2850 Ipsas

1334 2862 1419 2916 34*
