1767 3054
150 163 227 200 116

766 167 1006 205 AENEIDOS

144 239 223 282 Est
245 236 334 281 iter
353 233 401 280 in
422 235 572 294 silvis,
596 234 679 281 ubi
704 237 871 282 coelum
895 237 1105 284 condidit
1127 239 1295 285 umbra

142 314 168 355 J
174 309 362 372 uppiter
375 344 387 366 ,
414 320 460 354 et
485 309 625 356 rebus
646 326 741 356 nox
766 310 958 356 abstulit
979 323 1080 358 atra
1100 313 1320 359 colorem.

207 383 504 430 Vestibulum
529 398 635 431 ante
662 387 840 447 ipsum,
862 387 1120 448 primisque
1144 388 1193 433 in
1219 386 1434 434 faucibus
1459 387 1596 444 Orci,
1632 404 1636 409 ·

140 460 339 515 Luctus,
367 469 410 503 et
436 459 624 504 ultrices
650 474 850 518 posuere
876 458 1050 505 cubilia
1069 464 1227 519 Curae3

139 534 460 594 Pallentesque
489 533 705 577 habitant
729 531 914 589 Morbi,
936 533 1174 595 tristisque
1200 538 1448 593 Senectus,

1571 546 1628 587 ²7⁵

139 611 196 654 Et
222 613 401 663 Metus,
425 616 470 652 et
494 605 764 652 malesuada
784 609 970 664 Fames,
995 622 1048 652 ac
1072 608 1223 669 turpis
1243 612 1454 670 Egestas;

138 681 392 726 Terribiles
416 680 520 725 visu
545 681 730 738 formae3
751 683 1038 741 Letumque,
1060 680 1332 742 Labosque3

136 758 257 801 Tum
276 755 648 816 consanguineus
674 754 779 800 Leti
804 758 980 817 Sopor,
1003 765 1048 801 et
1073 756 1194 801 mala
1214 756 1381 802 mentis

136 903 325 951 agnoscit.
366 902 449 938 Alii
481 910 612 940 tamen
646 916 708 953 ap.
745 905 846 941 Pier.

135 967 174 995 et
202 961 336 996 Heius.
367 972 411 995 ac
444 962 577 997 Burm.
608 960 844 1010 incoeptam,

134 1016 243 1066 quod
280 1024 318 1052 et
357 1018 515 1053 Servius
549 1020 744 1068 agnoscit,
784 1028 845 1066 et,

135 1073 244 1122 quod
261 1074 406 1110 mirum
424 1083 481 1111 est
494 1103 504 1120 ,
526 1089 610 1113 non
630 1076 842 1126 improbat.

131 1133 392 1168 —ltzcercam
411 1135 565 1169 Lunam
581 1163 590 1180 ,
612 1134 753 1170 nubilo
771 1148 844 1172 coe-

131 1189 193 1234 lo,
231 1188 338 1226 unde
367 1190 439 1226 lusc
469 1191 672 1243 maligna,
702 1205 841 1242 parca,

131 1245 289 1283 infirma
307 1259 350 1284 ac
370 1249 520 1295 tenujs;
553 1258 598 1286 ut
623 1258 760 1287 contra
784 1251 844 1287 be-

131 1304 276 1355 nignus
290 1305 491 1342 interdum
511 1316 568 1344 est
582 1308 726 1358 largus,
743 1309 844 1345 mul-

130 1370 206 1399 tus.
248 1364 310 1401 Sic
341 1362 482 1399 incerti
507 1365 607 1401 soles
636 1379 723 1415 sup.
755 1368 841 1410 III,

134 1421 213 1456 203
231 1448 240 1464 ,
284 1427 378 1463 204.
417 1416 527 1462 ἀΐὸνη
567 1419 699 1462 σκοτίη
738 1423 843 1473 apud

130 1477 319 1527 Apollon.
351 1479 422 1523 IV,
449 1479 570 1527 1697.
604 1479 694 1517 add.
718 1481 842 1518 Cerda

129 1543 167 1571 et
182 1536 317 1572 Burm.

190 1593 430 1639 273—287.
466 1595 674 1643 Ingeniose
697 1595 740 1631 in
759 1595 841 1631 fau-

128 1650 240 1687 cibus
271 1658 309 1686 et
336 1649 443 1686 aditu
476 1651 659 1687 locorum
692 1652 840 1689 infero-

127 1721 217 1744 rum
234 1709 447 1745 constituta
465 1722 509 1744 ea
521 1736 531 1753 ,
554 1722 641 1758 quae
661 1709 724 1745 vel
741 1722 841 1746 mor-

127 1774 205 1802 tem
236 1774 460 1810 arcessunt,
497 1765 562 1801 vel
595 1768 715 1802 morti
747 1775 840 1803 sunt

126 1823 256 1860 vicina
271 1850 280 1867 ‚
310 1823 374 1858 vel
392 1824 435 1858 in
457 1831 584 1859 morte
607 1832 713 1861 sunt.
731 1824 836 1860 conf.

125 1883 233 1918 Serv.
258 1881 478 1916 Imitatores
494 1879 574 1916 loci
596 1881 676 1927 jam
693 1882 838 1917 excita-

124 1938 182 1973 vit
224 1937 350 1977 Cerda
382 1937 522 1975 Silium
561 1937 712 1988 (XIII,
754 1940 834 1988 579

123 2008 208 2044 sqq.
227 1994 266 2045 );
303 1998 439 2033 Senec.
472 1997 590 2032 Herc.
614 1995 690 2033 fur.
721 1994 834 2046 (689

123 2066 207 2102 sqq.
223 2050 260 2102 );
283 2047 487 2090 Claudjan.
506 2054 549 2088 in
567 2053 661 2091 Ruf.
683 2053 697 2104 (
716 2057 734 2090 Ι
749 2082 758 2099 ,
783 2067 834 2104 29

122 2109 260 2160 sqq.);
289 2119 329 2147 at
355 2123 376 2147 e
401 2110 688 2147 recentioribus
712 2114 834 2161 Spen-

123 2180 282 2213 cerum,
314 2168 386 2204 ubi
415 2170 654 2205 Mammonae
678 2177 834 2206 antrum

123 2224 311 2262 describit
349 2225 501 2276 (Fairy
538 2227 673 2275 Queen
709 2228 758 2262 II
784 2229 832 2264 B.

121 2291 240 2317 canto
279 2285 378 2326 VII,
422 2282 552 2332 XXI)
567 2298 581 2326 ‚·
620 2292 659 2320 et
700 2284 832 2321 Milto-

121 2351 218 2375 num
237 2337 459 2388 (paradise
487 2341 564 2376 lost
580 2342 623 2378 B.
646 2344 687 2387 I,
721 2341 830 2393 624)

120 2397 322 2445 Spencius.
352 2399 559 2448 Ingeniosa
583 2411 740 2448 quoque
760 2401 830 2436 Fe-

119 2453 270 2490 nelonii
297 2463 354 2491 est
386 2457 509 2499 ratio,
548 2457 617 2504 qui
652 2457 829 2494 Plutonis

119 2510 266 2547 throno
300 2511 506 2548 assidentia
537 2512 621 2549 haec
656 2523 829 2551 monstra

119 2567 294 2606 exhibet.
315 2570 472 2605 Praeivit
497 2571 659 2609 Hesiod.
679 2572 826 2623 Theog.

119 2623 192 2661 ubi
214 2624 262 2662 de
296 2627 460 2664 Tartaro
474 2655 483 2672 ,
515 2634 595 2673 744
610 2655 620 2672 ,
638 2630 690 2668 ‚in
718 2631 828 2676 cujus

119 2681 228 2718 aditu
252 2681 398 2727 Νυκτὸς
421 2683 574 2736 ἐρεμνῆς
597 2683 698 2721 οἰκία.
719 2681 826 2721 δεινὰ

119 2737 297 2785 {arnae-m
327 2750 416 2778 ante
448 2755 532 2778 eam
560 2742 722 2778 domum
754 2751 829 2778 stat

117 2797 247 2845 Atlas,
268 2797 411 2836 coelum
426 2799 599 2836 humeris
617 2799 825 2837 sustinens..

913 905 976 940 Ex
996 916 1039 940 ea
1067 903 1188 941 domo
1216 903 1459 954 prodeuntes
1477 907 1571 943 Nox
1589 915 1627 943 et

912 962 1005 997 Dies
1037 961 1113 998 sibi
1148 974 1218 1011 per
1252 963 1358 998 vices
1391 962 1622 1001 succedunt.

913 1018 1067 1055 Ibidem
1102 1018 1228 1056 Nun-:b
1215 1032 1248 1061 ς
1287 1032 1359 1056 παι
1348 1015 1427 1062 ἴδες
1469 1019 1624 1073 {peu-2722:

914 1088 944 1111 c
938 1073 988 1112 '7.·.
992 1075 1078 1125 ’ἐχε
1065 1089 1182 1120 υσιν,
1210 1066 1330 1120 Ῠπνος
1347 1073 1414 1114 καὶ
1432 1075 1622 1122 Θάνατος.

911 1135 1068 1170 Etiam·
1057 1148 1099 1170 in
1117 1133 1227 1170 aditu
1257 1136 1412 1172 Tartari
1434 1144 1491 1172 est
1519 1138 1623 1188 regia

911 1191 1036 1228 Hadis
1057 1200 1095 1228 et
1111 1193 1380 1242 Proserpinae3
1419 1193 1500 1240 776
1532 1201 1618 1231 tan-

911 1249 1001 1285 dem
1031 1258 1070 1286 et
1106 1252 1219 1300 Styx.
1254 1249 1357 1287 conf.
1397 1251 1619 1289 Comment.

910 1306 958 1343 de
975 1307 1206 1357 Theogonia
1234 1307 1427 1345 Hesiodea
1450 1322 1490 1358 p.
1528 1310 1621 1348 150.

911 1364 1156 1402 Observetur
1179 1378 1230 1401 ex
1259 1364 1399 1402 eodem
1418 1367 1554 1403 Servio
1573 1366 1622 1404 ad

909 1421 948 1459 h.
974 1422 1027 1467 1.,
1068 1424 1234 1466 Orcum,
1273 1421 1314 1458 h.
1333 1436 1366 1459 e.
1384 1422 1618 1471 Plutonem,

909 1478 958 1515 ad
980 1480 1240 1516 imitationem
1257 1480 1325 1515 τοῦ
1350 1468 1455 1517 Αὸου
1475 1493 1550 1530 pro
1564 1481 1622 1519 lo—

910 1549 956 1573 co
979 1538 1078 1586 poni
1093 1538 1172 1582 sic,
1188 1544 1235 1572 nt
1256 1537 1400 1574 Jovem
1420 1550 1495 1587 pro
1515 1551 1618 1576 aere.

912 1593 1035 1637 Curoe,
1057 1594 1323 1640 conscientiae,
1335 1603 1381 1631 ut
1394 1594 1496 1632 bene
1509 1598 1616 1634 Serv.

906 1650 1065 1688 laudato
1088 1660 1186 1688 noto
1214 1651 1305 1688 loco
1325 1653 1350 1688 J
1353 1665 1472 1690 uven.
1490 1655 1617 1700 XIII,

913 1709 990 1756 193
1046 1721 1143 1757 quos
1189 1707 1267 1744 diri
1312 1709 1474 1744 conscia
1508 1709 1619 1760 facti

907 1767 1024 1801 ‚Mens
1041 1764 1159 1801 habet
1184 1764 1395 1810 attonitos,
1436 1774 1476 1802 et
1498 1767 1617 1805 surdo

905 1822 1070 1858 verbere
1103 1821 1231 1860 caedit.
1271 1824 1408 1872 Itaque
1443 1823 1613 1863 ultrices.

905 1882 1007 1916 Tum
1052 1880 1134 1926 276
1176 1880 1413 1917 malesuada
1445 1882 1611 1928 Fames,

903 1950 992 1985 qnae
1018 1937 1156 1973 suadet
1184 1939 1363 1988 rapinas,
1391 1938 1549 1978 scelera.
1573 1954 1614 1979 V.

905 1994 1029 2031 Cerda
1058 1996 1192 2045 Eurip.
1229 1997 1372 2033 Electr.
1409 1997 1491 2044 375
1527 1995 1612 2035 ἀλλ’

905 2050 984 2101 ἔχει
1007 2048 1112 2089 νόσον
1131 2065 1181 2089 πε
1185 2067 1218 2090 νι
1209 2050 1261 2090 ἀ·
1293 2049 1472 2091 διδάσκει
1511 2049 1614 2092 δ’ὀίν-

904 2104 948 2162 ὃρ
934 2122 980 2146 α
1013 2112 1060 2161 τῇ
1092 2123 1139 2163 χρ
1124 2123 1176 2147 ει
1168 2107 1206 2162 ’ᾳ
1244 2108 1379 2148 κακόν.
1415 2114 1464 2148 Et
1495 2111 1613 2160 hujus

901 2168 1052 2218 generis
1082 2168 1197 2218 plura
1231 2169 1339 2219 apud
1366 2169 1610 2220 Euripidem.

901 2226 1017 2262 Silius
1042 2226 1085 2262 in
1111 2226 1138 2263 l.
1166 2239 1201 2263 e.
1222 2229 1346 2273 XIII,
1378 2227 1458 2265 585
1476 2229 1532 2264 Et
1548 2227 1612 2264 de-

888 2282 1025 2333 forme
1050 2283 1201 2320 malum
1217 2312 1227 2330 ,
1245 2297 1294 2321 ae
1314 2283 1450 2334 (quod
1469 2283 1608 2320 melius

899 2341 1034 2391 abest)
1066 2340 1206 2377 sceleri
1221 2341 1406 2392 proclivis
1425 2343 1606 2391 Egestas.

899 2399 1056 2435 Praeivit
1073 2400 1270 2436 Homerus
1293 2399 1436 2448 Odyss.
1458 2411 1476 2450 ρ
1501 2398 1605 2443 286,

900 2455 977 2503 287
992 2483 1002 2501 ,
1023 2465 1061 2493 et
1079 2469 1102 2492 σ
1117 2484 1127 2502 ,
1150 2459 1200 2496 53
1214 2485 1224 2502 ‚
1245 2459 1310 2499 54.
1331 2454 1469 2505 Turpis
1484 2456 1607 2506 Eges-

896 2522 957 2549 tas
970 2542 979 2559 ,
1001 2513 1186 2551 deformis
1200 2543 1211 2560 ,
1240 2511 1397 2551 sordida
1410 2540 1421 2557 ‚
1441 2521 1487 2550 ut
1504 2511 1606 2551 bene

895 2570 990 2607 olim
1018 2572 1287 2608 Heumannus.
1320 2571 1498 2609 Imitator
1526 2570 1606 2608 loci

895 2630 1036 2666 Seneca
1061 2628 1177 2665 Herc.
1209 2628 1286 2667 fur.
1319 2627 1398 2676 691
1415 2656 1426 2674 ‚
1447 2630 1606 2666 Fames-

895 2697 969 2734 que
985 2684 1119 2722 tabido
1142 2684 1253 2723 rictu.
1283 2687 1521 2737 Comparant
1538 2689 1602 2724 In-

894 2751 1024 2793 terpp.
1060 2745 1213 2780 Lucret.
1253 2742 1269 2794 (
1288 2746 1373 2790 111,
1409 2745 1464 2781 65
1494 2759 1552 2796 sq.
1570 2743 1599 2795 ).

893 2800 1009 2837 Nunc
1048 2800 1126 2847 278
1168 2801 1484 2854 consanguineus
1516 2801 1605 2840 Leti
