1767 3054
775 143 927 181 LIBER
962 144 1030 178 vl.

1582 143 1657 177 10⁷3

156 220 291 279 Itque
317 217 534 278 reditque
559 215 685 261 viam
710 215 847 261 toties
871 234 879 260 :
903 215 1020 277 qnid
1044 214 1228 260 Thesea
1251 232 1495 277 magnum,

157 293 285 350 Quid
308 307 565 338 memorem
587 291 811 338 Alciden?
834 294 892 337 Et
923 291 987 337 mi
1012 306 1158 353 genus
1183 289 1242 335 ab
1267 294 1386 336 Jove
1413 307 1608 335 summo.
1641 314 1656 329 ι)

222 365 413 412 Talibus
437 365 606 412 orabat
627 364 788 422 dictis,
815 381 1016 428 arasque
1037 363 1252 423 tenebat3

160 446 318 501 Quum
340 442 406 487 sic
428 457 535 487 orsa
560 439 691 502 loqui
713 451 842 487 vates
870 458 879 484 :
907 463 925 482 «
953 442 1063 487 Sate
1087 439 1316 502 sanguine
1341 439 1526 494 divum,
1602 452 1657 480 ,ἡ

157 520 273 562 Tros
297 516 606 573 Anchisiada,
633 516 781 563 facilis
808 516 1058 563 descensus
1083 519 1276 562 Averno
1286 535 1298 574 ;

158 594 331 639 Noctes
355 603 495 655 atque
522 593 621 639 dies
646 603 774 656 patet
794 593 885 640 atri
903 593 1050 655 janua
1073 591 1218 650 Ditis;

158 666 252 713 Sed
279 683 500 714 revocare
522 668 744 730 gradum,
768 676 1057 731 superasque
1079 667 1282 714 evadere
1304 666 1363 712 ad
1385 682 1546 722 auras,

158 884 234 921 dus
252 883 397 935 Odyss.
418 888 441 922 λ
455 912 465 929 ,
495 885 572 921 302
590 913 600 928 ‚
639 886 719 922 303
733 913 744 930 ‚
772 894 810 923 at
829 899 867 923 v.

158 941 316 979 Pindar.
337 943 451 980 Nem.
471 944 524 979 X.
550 943 676 979 Etiam
695 943 871 980 Theseus

156 1007 195 1035 et
222 999 411 1036 Hercules
438 1008 733 1045 memorantur,
775 1014 872 1050 qua-

157 1064 270 1093 tenus
293 1056 441 1094 inferos
460 1057 603 1095 adiere.
630 1071 668 1095 v.
690 1056 761 1095 inf.
788 1059 869 1108 392

155 1127 239 1165 sqq.
285 1115 414 1153 Aliter
453 1114 502 1152 de
538 1115 692 1153 Theseo
738 1115 872 1152 fabula

156 1181 345 1210 tractatur
375 1186 412 1210 v.
445 1173 543 1210 618.
587 1172 704 1210 Unde
739 1186 871 1224 repre-

155 1230 303 1268 hensus
330 1239 446 1281 poeta
467 1230 516 1267 ab
545 1232 732 1282 Hygino,
763 1231 872 1282 apud

158 1288 260 1326 Gell.
291 1291 353 1334 X,
389 1289 461 1333 16,
498 1288 606 1339 quod
633 1289 757 1326 altero
782 1289 871 1327 loco

155 1346 352 1384 Theseum
371 1347 414 1383 in
433 1347 570 1383 inferis
596 1356 790 1384 aeternum
814 1361 871 1384 se-

157 1403 315 1441 dentem
329 1432 340 1446 .
378 1405 420 1441 in
448 1404 570 1442 altero
589 1404 665 1442 hoc
679 1433 689 1451 ,
726 1405 768 1441 in
790 1418 870 1456 quo

156 1474 383 1508 versamur,
426 1471 530 1499 mter
564 1475 631 1500 eos
668 1462 873 1500 nominas-

157 1529 237 1565 set,
270 1519 341 1570 qui
364 1520 424 1556 ad
450 1519 599 1572 inferos
629 1520 806 1558 adissent
834 1531 874 1558 ec

154 1577 361 1616 redissent.
392 1580 607 1617 Enimvero
638 1587 756 1630 poeta
786 1592 870 1617 non

154 1635 350 1674 Theseum
368 1637 457 1674 iisse
476 1645 515 1674 et
532 1637 692 1674 rediisse
711 1646 843 1674 narrat
855 1666 866 1683 ‚

151 1692 221 1731 sed
249 1694 474 1742 Pollucem3
507 1695 704 1733 Theseum
737 1705 868 1733 antem

152 1760 306 1790 tantum
317 1753 374 1790 sic
386 1755 642 1799 memoravit,
664 1763 709 1791 ut
721 1752 769 1791 de
781 1753 866 1792 solo

151 1809 263 1847 aditu
294 1811 516 1849 inferorum
548 1820 690 1864 ageret.
730 1812 868 1849 Gram-

152 1868 285 1904 matici
304 1869 498 1918 impetum
517 1877 698 1907 accurate
717 1869 866 1907 retudit

152 1926 328 1961 Ouwens
357 1926 475 1963 Noct.
504 1929 604 1977 Hag.
634 1940 674 1977 p.
707 1940 759 1963 20
782 1940 863 1978 seq.

152 2003 209 2010 —
233 1994 326 2019 122.
348 1982 456 2032 Quid
476 1982 647 2026 Thesea,
674 1997 867 2035 magnum

155 2041 203 2090 Q.
217 2052 268 2077 m.
281 2039 454 2076 Alciden
471 2039 654 2077 distinxit
666 2042 802 2078 Heius.
817 2055 868 2078 ex

151 2097 315 2135 Mentel.
334 2097 459 2134 Addit
479 2099 729 2134 Burmannus
750 2099 865 2136 Witt.

151 2162 190 2191 et
216 2154 324 2192 alim.
349 2154 535 2192 Librariis
562 2154 746 2204 equidem
778 2163 864 2192 tan-

154 2222 235 2250 tum
261 2225 344 2249 nou
368 2212 553 2250 tribuam.
571 2211 646 2250 Sed
660 2213 738 2260 jam
765 2221 866 2250 vete-

152 2283 212 2307 res
228 2270 482 2308 Grammatici
505 2283 624 2320 super
639 2271 866 2321 interpunc-

152 2329 260 2366 tione
288 2328 557 2379 disceptavere
583 2340 592 2365 :
618 2341 656 2365 v.
692 2331 802 2366 Serv.
828 2338 866 2365 et

153 2388 346 2438 Pompon.
374 2386 462 2425 Sab.
492 2385 599 2423 Male
628 2398 695 2423 eos
720 2385 864 2433 habet,

152 2443 261 2494 quod
287 2442 458 2481 ·Thesea
502 2443 606 2481 dicat
643 2456 833 2495 magnum
853 2473 863 2489 ‚

152 2503 224 2552 qui
242 2502 454 2554 sacrilegus
477 2502 616 2546 fuerit,
651 2510 689 2538 et
712 2503 783 2551 qui
805 2515 864 2538 se-

153 2559 222 2597 det
239 2569 510 2611 ceter-numque
529 2559 680 2597 sedebit
708 2558 863 2610 InseIiJ:

157 2616 328 2655 Theseus
355 2618 428 2656 inf.
469 2619 576 2666 617,
614 2618 720 2663 618;
751 2618 863 2667 quasi

155 2687 249 2713 vero
266 2688 437 2727 magnus
452 2689 606 2726 semper
618 2674 862 2726 philosophi·

155 2745 238 2770 eam
263 2733 434 2784 aliquam
458 2735 647 2771 virtutem
673 2733 862 2784 designet.

218 2798 310 2836 124.
351 2793 457 2829 Aras
486 2791 657 2830 tenebat.
705 2792 863 2830 Notissi-

937 897 1026 921 mus
1053 885 1304 935 precantium
1334 895 1431 920 mos.
1458 884 1499 922 Si
1527 891 1655 920 tamen

938 950 1070 979 teneas
1102 943 1261 987 animo,
1300 943 1462 978 AEneam
1490 942 1532 977 in
1568 943 1654 992 ipso

936 999 1073 1035 limine
1092 999 1230 1049 templi
1249 998 1313 1035 vel
1336 999 1439 1035 antri
1458 998 1655 1036 substitis-

939 1070 978 1094 se
997 1056 1079 1107 (cf.
1102 1070 1199 1093 mox
1216 1070 1252 1092 v.
1278 1056 1351 1092 151
1372 1068 1382 1101 3
1410 1064 1449 1091 et
1467 1057 1498 1091 is
1514 1069 1654 1106 perpe—

940 1122 1032 1150 tuus
1048 1122 1229 1151 veterum
1247 1126 1331 1150 mos
1344 1141 1354 1160 ,
1374 1113 1407 1149 si
1425 1112 1545 1150 deum
1564 1127 1655 1152 con-

938 1171 1137 1221 sulerent)
1151 1199 1161 1217 ‚
1201 1172 1298 1209 dum
1337 1179 1442 1208 vates
1473 1181 1652 1221 penetra-

938 1238 998 1266 ret
1024 1229 1074 1266 ad
1104 1229 1294 1281 adytum,
1328 1243 1366 1267 V.
1389 1228 1466 1279 98,
1495 1242 1558 1266 ara
1579 1230 1654 1268 djf-

938 1285 1155 1324 ficultatem
1188 1287 1334 1324 habere
1377 1294 1529 1337 potest,
1573 1301 1653 1339 quo

937 1345 1029 1383 loco
1055 1347 1127 1382 sita
1154 1344 1286 1382 fuerit.
1316 1344 1498 1391 Scilicet,
1534 1347 1567 1382 si
1598 1347 1657 1383 ad

938 1402 1063 1440 limen
1103 1401 1367 1441 substiterunt
1401 1403 1653 1441 consulentes

939 1461 1083 1508 deum,
1114 1461 1163 1499 de
1193 1469 1274 1498 tota
1306 1473 1351 1498 ea
1368 1469 1479 1511 parte
1506 1461 1652 1499 intelli-

937 1519 1111 1572 gendum
1125 1549 1135 1568 ,
1166 1532 1257 1570 quae
1276 1532 1403 1570 usque
1422 1518 1471 1555 ad
1490 1518 1653 1570 adytum

937 1578 1120 1629 patebat,
1153 1578 1330 1628 adeoque
1352 1574 1520 1630 πρόνοιος
1540 1586 1578 1614 et
1594 1579 1652 1629 ip—

935 1650 976 1674 se
999 1634 1088 1680 νσιός
1119 1637 1195 1674 sub
1223 1636 1360 1673 limine
1389 1644 1427 1672 at
1451 1635 1564 1673 aditu
1592 1637 1651 1673 iu·

936 1694 1187 1745 telligendus.
1218 1697 1313 1732 Erat
1345 1701 1476 1730 autem
1509 1707 1574 1730 ara
1611 1696 1651 1730 in

933 1765 1087 1804 pronao
1105 1765 1115 1791 :
1133 1765 1225 1790 nam
1243 1753 1373 1790 omnis
1399 1750 1583 1788 sacrificii
1600 1753 1651 1788 ri-

934 1820 998 1848 tus
1019 1811 1145 1848 factus
1163 1812 1307 1862 passim
1328 1818 1418 1847 ante
1435 1809 1559 1847 aedem
1577 1823 1652 1846 me-

936 1878 1126 1907 moratur.

998 1940 1013 1963 1
1024 1927 1092 1965 26.
1111 1925 1322 1962 Discensus
1342 1934 1419 1962 tres
1436 1938 1496 1975 ap.
1513 1927 1648 1962 Burm.

935 1985 1094 2020 Averno
1127 1991 1222 2020 nota
1256 1982 1445 2033 elegantia
1479 1995 1554 2032 pro
1594 1984 1654 2019 ad

935 2043 1137 2077 Avernum
1158 2041 1334 2090 reposuit
1351 2040 1536 2076 Heinsius
1556 2051 1648 2077 cum

936 2098 1193 2142 melioribus,
1222 2098 1298 2133 nisi
1332 2096 1442 2147 quod
1473 2097 1552 2134 fere
1584 2098 1650 2135 ha-

934 2155 1029 2192 bent
1049 2167 1059 2193 :
1079 2157 1239 2191 Averno
1270 2162 1338 2192 est.
1366 2155 1500 2206 Vulgo
1531 2157 1650 2192 Aver-

934 2212 999 2256 ni,
1027 2211 1137 2263 quod
1157 2212 1317 2264 vulgare
1334 2220 1446 2250 esset.
1460 2233 1517 2240 —-
1530 2215 1648 2250 Aver-

932 2284 1003 2306 nus
1030 2270 1072 2309 h.
1102 2270 1130 2308 l.
1155 2270 1285 2322 simpl.
1316 2283 1390 2321 pro
1421 2271 1519 2308 locis
1550 2272 1647 2309 inse-

934 2330 1009 2374 ris3
1034 2341 1117 2365 non
1136 2328 1270 2374 lacus,
1292 2336 1337 2366 ut
1359 2328 1430 2366 inf.
1455 2330 1533 2375 237
1558 2343 1615 2380 sq.
1633 2359 1643 2370 ,

932 2385 999 2423 sed
1019 2395 1063 2423 ut
1081 2388 1123 2423 in
1142 2375 1300 2440 Ᾰχέρων
1326 2381 1531 2432 δυσέξοδος
1545 2415 1554 2433 ,
1582 2387 1643 2423 vel

933 2439 1125 2490 ἀνέξοδος.
1158 2443 1237 2482 vid.
1272 2446 1407 2483 Ursin.
1440 2453 1479 2482 et
1507 2445 1642 2483 rel.—

937 2515 1028 2550 127.
1051 2505 1171 2540 Patet
1189 2501 1413 2553 acrijanua
1435 2502 1540 2539 Ditis
1560 2515 1570 2541 z
1591 2516 1646 2539 ac·

931 2572 1042 2598 cessa
1067 2560 1196 2598 libero
1225 2567 1264 2597 et
1290 2559 1490 2610 expedito.
1520 2561 1643 2597 Simili

929 2617 1072 2664 modo,
1091 2617 1233 2656 diebus
1250 2619 1319 2662 iis,
1341 2618 1487 2667 quibus
1507 2618 1643 2655 februa

930 2684 968 2713 et
1001 2676 1152 2714 inseriae
1190 2675 1265 2713 diis
1298 2675 1434 2713 inseris
1467 2675 1642 2718 fiebant,

930 2734 1096 2771 mundus
1128 2743 1271 2784 patere
1303 2734 1523 2785 antiquitus
1562 2732 1642 2768 dic-

930 2799 1016 2832 tus:
1034 2792 1216 2831 Macrob.
1236 2793 1254 2828 1
1268 2819 1278 2838 ,
1306 2791 1355 2829 16
1370 2819 1380 2838 ‚
1401 2805 1421 2829 e
1435 2793 1616 2827 varrone
1634 2802 1643 2829 ἰ
