1767 3054
235 200 315 237 29⁰

861 179 1102 218 AENEIDOS

229 261 409 305 Cuncta
430 253 617 308 videns,
643 264 812 311 magno
836 266 1058 296 curarum
1083 250 1278 297 fluctuat
1299 261 1438 309 aestu,

228 338 385 394 Atque
411 329 617 376 animum
641 341 768 371 nunc
794 324 887 370 huc
909 326 1134 383 celerem,
1159 343 1283 372 nunc
1308 326 1480 373 dividit
1499 326 1634 386 illuc,
1681 347 1722 369 ιο

228 412 285 455 In
310 405 552 470 partisque
577 400 701 461 rapit
727 399 905 455 varias,
928 416 1108 461 perque
1129 401 1285 447 omnia
1307 413 1477 448 versat.

231 484 364 531 Sicut
390 495 522 541 aquae
544 475 796 521 tremulum
817 473 960 519 labris
982 474 1067 519 ubi
1091 476 1249 521 lumen
1272 475 1433 523 ahenis

229 558 338 606 Sole
363 565 714 617 repercussum,
740 559 820 593 aut
845 547 1069 595 radiantis
1092 549 1294 612 imagine
1315 551 1461 609 lunae,

230 624 403 678 Omnia
428 624 682 690 pervolitat
705 623 796 668 late
820 623 945 679 loca,
966 622 1158 684 jamque
1182 623 1271 670 sub
1295 641 1432 671 auras

228 705 462 768 Erigitur,
488 698 751 759 summique
775 697 883 742 ferit
906 697 1145 758 laquearia
1169 698 1294 743 tecti.
1687 710 1726 741 25

295 783 406 827 Nox
431 787 555 833 erat,
582 785 627 820 et
652 783 800 818 terras
829 771 1046 817 animalia
1071 773 1191 818 fessa
1210 789 1296 834 per
1316 773 1490 830 omnis,

229 854 442 900 Alituum
466 847 798 913 pecudumque
823 861 969 907 genus
994 861 1138 908 sopor
1158 847 1280 892 altus
1303 845 1532 906 habebat3

293 1057 356 1093 19.
381 1041 580 1091 Sup.·1v‚
608 1037 688 1076 532
715 1049 942 1087 magnoque

229 1102 374 1138 iramm
390 1099 572 1151 fluctuat
599 1104 695 1142 cestu
708 1109 724 1138 ,·
762 1095 838 1131 561
869 1107 943 1130 va-

226 1159 362 1208 rioque
379 1155 525 1192 irarum
530 1153 712 1206 fluctuat
726 1160 821 1188 oestu
835 1165 850 1196 ;
864 1152 943 1188 XII

229 1216 311 1261 486
331 1212 451 1251 vario
476 1208 948 1261 necquicquamfluctuat

227 1282 491 1311 aestu.--20.
519 1270 579 1305 De
606 1266 738 1304 verbis
773 1265 824 1302 cf.
856 1277 943 1314 sup.

227 1333 285 1367 IV
301 1358 311 1377 ,
334 1329 414 1366 285
430 1356 440 1374 ‚
468 1326 563 1364 286.
598 1325 653 1363 At
679 1322 943 1372 comparatio,

225 1396 273 1425 ut
298 1399 434 1425 omnes
460 1383 649 1421 viderunt
662 1409 672 1427 ‚
693 1380 870 1417 sublecta
887 1386 945 1415 est

226 1445 445 1495 Apollonio
470 1438 629 1479 Rhodio
657 1440 737 1484 ΙΙΙ,
762 1437 842 1485 754
864 1449 943 1485 seq.

226 1510 364 1539 ornata
384 1513 404 1535 a
422 1501 589 1536 Marone
603 1511 614 1541 ς
626 1496 714 1531 ,nisi
731 1494 842 1543 quod
864 1506 947 1529 mo-

227 1567 277 1595 tae
295 1569 404 1607 aquoe
427 1566 560 1591 caussa
586 1566 636 1588 ex
661 1551 862 1587 infusione
881 1562 941 1585 re-

228 1628 319 1652 cens
347 1613 445 1649 facta
470 1613 512 1647 in
543 1610 684 1645 Graeco
710 1615 825 1656 poeta
859 1618 942 1642 non

226 1670 469 1709 desideratur
484 1680 492 1705 :
512 1661 652 1708 ὕδατος
665 1661 774 1700 -τὸ
794 1659 843 1703 δὴ
861 1661 941 1699 νέον

225 1727 270 1771 Υἱὲ
290 1723 423 1768 lig-nrt
443 1717 497 1762 fls'
516 1736 590 1760 που
611 1721 645 1759 ἐν
670 1723 806 1776 γαυλῷ
828 1718 942 1768 κέχυ-

225 1799 305 1824 ται.
325 1786 431 1823 Ante
449 1782 585 1819 oculos
601 1791 759 1829 quoque
771 1785 853 1814 erat
867 1779 944 1813 Lu·

227 1852 323 1881 eret.
362 1843 442 1887 IV,
467 1851 547 1876 212
588 1836 725 1886 Quod,
752 1835 870 1871 simul
896 1846 945 1869 ac

224 1900 401 1952 primum
422 1897 490 1934 sub
509 1895 597 1932 divo
616 1892 806 1944 splendor
821 1889 948 1941 aquai

229 1956 416 2000 Ponitur,
457 1952 659 2002 extemplo
675 1979 687 1995 ,
725 1949 823 1987 coelo
856 1948 947 1985 stel-

229 2016 361 2058 lante,
385 2024 527 2048 serena
552 2010 691 2046 Sidera
707 2006 947 2056 respondent

230 2071 272 2108 in
293 2082 402 2121 aqua
426 2066 630 2104 radiantia
654 2064 805 2100 mundi.
830 2063 944 2100 Alio-

229 2141 322 2165 rum
341 2126 580 2164 imitationes
602 2135 674 2159 nos
694 2133 768 2171 pro
790 2119 946 2157 consilii

228 2186 382 2222 ratione
401 2195 485 2219 non
498 2188 646 2217 tenent.
663 2179 848 2216 Ceterum
865 2177 945 2213 lan-

229 2242 319 2279 data
354 2238 595 2288 comparatio
633 2235 786 2280 multis,
829 2234 945 2270 etiam

229 2299 412 2336 Lowthio
424 2296 473 2332 de
489 2307 605 2331 sacra
615 2291 730 2343 poesi
744 2291 944 2328 Hebroeor.

231 2356 412 2392 Proelect.
430 2354 510 2390 XII
524 2380 534 2398 ‚
551 2364 591 2401 p.
616 2350 695 2387 238
708 2376 719 2394 ‚
737 2349 883 2399 quippe
902 2349 945 2383 in

232 2425 310 2462 qua
327 2412 530 2448 observata
548 2420 680 2445 rerum
697 2405 946 2442 dissimilium

231 2467 450 2503 similitudo
491 2465 670 2501 delectet.
704 2465 786 2501 Nec
815 2470 946 2498 tamen

232 2525 364 2560 minus
377 2523 543 2559 delectat
554 2534 595 2558 ea
607 2528 827 2571 propterea,
837 2518 945 2569 quod

234 2581 357 2617 animi
379 2588 498 2615 status
531 2587 569 2614 et
603 2578 780 2623 affectio,
801 2589 841 2612 re
869 2575 945 2612 sub

234 2636 441 2674 oculorum
453 2636 641 2670 intuitum
655 2634 817 2670 cadente
826 2660 836 2678 ‚
848 2645 946 2682 prae-

233 2694 336 2731 clare
367 2703 545 2741 expressa
577 2699 661 2727 est:
683 2690 724 2726 id
750 2689 857 2740 quod
881 2702 944 2739 ge-

233 2764 310 2788 nus
323 2745 574 2798 comparandi
587 2747 860 2783 suavissimum
873 2754 943 2783 est.

234 2807 365 2848 Aliam
405 2803 736 2854 comparationem
781 2803 945 2840 Homeri

1008 1036 1122 1074 Iliad.
1146 1033 1165 1082 ξ
1180 1064 1190 1083 ,
1221 1037 1270 1073 16
1301 1050 1388 1087 sqq.
1418 1050 1511 1074 cum
1536 1036 1727 1078 fluctibus

1009 1107 1030 1131 e
1071 1094 1318 1132 diversorum
1348 1103 1558 1132 ventorum
1590 1095 1725 1134 afflatu

1009 1153 1207 1202 suspensis
1233 1153 1438 1189 conferant
1463 1152 1643 1191 studiosi.
1674 1156 1725 1190 In

1010 1209 1188 1261 imagine
1211 1212 1333 1246 Lunoe
1351 1218 1580 1260 argutantur
1603 1212 1726 1248 inter-

1009 1275 1138 1317 pretes
1156 1279 1166 1304 :
1188 1275 1245 1303 est
1262 1279 1307 1303 ea
1317 1280 1392 1317 pro
1409 1267 1492 1316 ipsa
1508 1269 1637 1314 Luna,
1657 1281 1726 1304 cu-

1008 1326 1071 1372 jus
1087 1337 1178 1361 sane
1198 1325 1328 1374 imago
1353 1325 1396 1360 in
1421 1336 1532 1374 aquae
1557 1323 1726 1375 superfi-

1012 1383 1112 1418 ciem
1134 1382 1277 1418 incidit
1289 1409 1300 1428 ,
1318 1381 1367 1417 ab
1390 1394 1512 1431 eaque
1530 1381 1725 1420 redditur.

1011 1439 1126 1476 Alius
1139 1466 1150 1483 ‚
1176 1452 1251 1475 nec
1267 1440 1387 1490 magis
1401 1438 1584 1486 feliciter,
1604 1439 1728 1490 possit

1010 1496 1132 1532 verba
1143 1496 1211 1531 sub
1227 1509 1350 1532 auras
1365 1496 1619 1542 calumniari,
1636 1505 1729 1532 tam-

1010 1565 1129 1602 quam
1177 1554 1310 1590 minus
1351 1552 1550 1589 subtiliter
1587 1553 1691 1590 dicta
1711 1581 1722 1600 ‚

1009 1622 1134 1659 quum
1152 1618 1368 1659 sequantur
1383 1608 1593 1659 laquearia
1604 1610 1699 1647 tecti
1712 1623 1728 1646 :

1009 1678 1147 1702 verum
1162 1667 1315 1715 poetica
1329 1665 1498 1702 formula
1512 1666 1620 1703 illam
1632 1667 1725 1704 snb-

1009 1723 1191 1759 tilitatem
1203 1724 1366 1772 respuit.
1379 1723 1497 1760 Silius
1513 1724 1593 1760 VII
1606 1751 1616 1770 ‚
1644 1738 1660 1761 1
1670 1731 1721 1768 42

1010 1792 1095 1829 sqq.
1114 1780 1193 1816 fere
1206 1780 1324 1817 verba
1336 1780 1420 1830 ipsa
1431 1780 1597 1817 retinuit
1609 1792 1618 1818 :
1632 1781 1725 1818 Mis-

1009 1845 1147 1886 cetque
1171 1850 1375 1874 exacuens
1389 1837 1514 1873 varia
1533 1838 1593 1874 ad
1607 1850 1725 1875 cona-

1008 1893 1122 1931 mina
1140 1903 1308 1930 mentem
1320 1922 1331 1939 ,
1349 1893 1458 1931 Sicut
1468 1907 1586 1944 aquae
1597 1895 1725 1945 splen-

1009 1951 1084 1987 dor
1097 1951 1277 1988 radiatus
1295 1950 1483 2001 lampade
1506 1951 1610 1988 Solis
1630 1952 1725 1989 Dis-

1009 2008 1133 2045 sultac
1145 2021 1224 2058 per
1249 2017 1376 2052 tecta,
1399 2021 1514 2060 vaga
1538 2009 1606 2045 sub
1623 2008 1723 2046 ima-

1006 2065 1105 2116 gine
1119 2065 1291 2101 ‘vibrans
1307 2064 1485 2102 Luminis
1496 2093 1507 2113 ‚
1529 2074 1570 2102 et
1585 2075 1724 2104 tremu-

1010 2122 1053 2158 la
1070 2121 1280 2172 laquearia
1303 2121 1491 2159 verberat
1513 2122 1666 2161 umbra.

1071 2180 1123 2216 26
1135 2208 1145 2226 ‚
1169 2192 1235 2228 ²7·
1254 2178 1483 2216 Laudamur
1497 2180 1542 2216 in
1560 2180 1724 2219 Contro-

1011 2247 1113 2273 vers.
1145 2239 1301 2278 Senecae
1332 2236 1403 2274 lib.
1427 2238 1488 2273 III
1500 2264 1511 2283 ,
1541 2245 1722 2274 controv.

1017 2293 1081 2331 16.
1099 2305 1119 2329 a
1131 2295 1156 2331 J
1160 2294 1242 2330 ulio
1258 2295 1474 2340 Montano,
1492 2293 1621 2330 nobili
1632 2307 1724 2344 poe-

1011 2357 1067 2396 ta,
1090 2352 1130 2386 V
1127 2349 1248 2401 irgilii
1253 2349 1515 2387 imitationem
1532 2349 1631 2386 bene
1647 2364 1724 2388 ces-

1010 2407 1104 2444 sisse
1131 2415 1313 2444 censente
1325 2434 1336 2453 ,
1356 2405 1425 2456 qui
1441 2405 1530 2442 illos
1557 2407 1722 2456 optimos

1009 2477 1148 2501 ‘versus
1168 2466 1208 2499 V
1203 2463 1357 2504 arronis
1393 2463 1645 2511 expressisset
1677 2464 1719 2501 in

1011 2520 1149 2557 melius
1159 2533 1172 2557 .·
1185 2536 1205 2551 ιε
1214 2520 1420 2557 Desierant
1429 2518 1571 2569 latrare
1590 2533 1718 2568 canes,

1010 2576 1205 2626 urbesque
1216 2575 1404 2621 silebant3
1426 2577 1568 2614 Omnia
1592 2580 1720 2615 noctis

1010 2641 1121 2669 erant
1141 2626 1292 2681 placida
1319 2641 1517 2681 composta
1541 2636 1684 2684 quiete.
1699 2653 1719 2667 »
1766 2645 1767 2664 ἢ

1011 2688 1172 2725 Solebat
1202 2687 1357 2725 Ovidius
1383 2688 1432 2725 de
1459 2688 1517 2726 his
1544 2691 1720 2728 versibus

1009 2745 1160 2790 dicere,
1186 2744 1361 2795 potuisse
1371 2744 1470 2797 fleri
1497 2747 1616 2799 longe
1639 2761 1719 2784 me-

1009 2801 1146 2851 liores,
1169 2801 1203 2839 si
1227 2802 1388 2840 secundi
1412 2816 1550 2842 versus
1580 2804 1718 2842 ultima
