1767 3054
640 84 793 122 LIBER
824 81 919 119 vn.

1451 88 1528 122 ’ΜΠ

35 173 93 217 Et
117 165 254 217 tereti
278 171 489 230 pugnant
507 172 758 214 mucrone,
783 170 998 217 veruque
1021 153 1224 200 Sabello.
1471 171 1533 199 aas

34 248 141 307 Ipse
165 240 328 305 pedes,
352 248 573 298 tegumen
594 243 820 294 torquens
844 230 1032 276 inmane
1055 229 1226 286 lconis,

33 315 256 365 Terribili
279 314 505 375 inpexum
529 320 665 365 saeta,
691 323 799 353 curn
824 304 1044 352 dentibus
1068 303 1185 350 albis

34 391 232 438 Indutus
251 386 418 450 capiti,
443 385 509 431 sic
534 384 664 446 regia
687 394 810 428 tecta
835 380 1026 427 subibat

33 464 291 521 Horridus,
312 461 646 523 Herculeoque
669 459 896 506 humeros
922 458 1122 504 innexus
1148 456 1334 502 amictu.

32 680 103 706 cus
122 679 142 703 a
158 672 275 716 poeta
306 661 515 699 inchoatus
529 687 539 705 ‚
567 672 651 696 non
682 658 749 694 ab-

30 725 185 764 solutus
213 734 295 759 esse
319 719 490 756 videtur.
529 716 622 753 Pila
650 715 752 752 bene

32 789 225 822 memorat
237 809 247 826 ‚
266 788 453 828 tanquam
475 778 751 814 Romanorum

31 851 71 881 et
90 840 281 879 Italorum
310 836 455 880 telum3
483 847 519 871 v.
545 832 593 870 de
612 833 658 868 iis
678 835 752 870 Po-

31 900 119 952 lyb.
144 899 229 943 VI,
264 909 338 941 21,
375 893 446 930 ubi
480 887 584 928 ὑσσοὶ
615 889 748 940 appel·

32 959 179 996 lantur.
204 957 267 992 De
286 952 457 997 dolone,
487 949 536 986 de
559 962 639 999 quo
660 948 750 986 Rei-

33 1029 117 1054 nes.
148 1016 243 1051 Var.
275 1014 380 1049 Lect.
411 1022 498 1060 pag.
527 1007 610 1053 646
644 1007 744 1057 egit,

34 1076 154 1112 unice
181 1067 498 1121 amplectendum
529 1074 608 1113 est,
639 1063 750 1116 quod

34 1146 56 1169 e
85 1133 268 1168 Varrone
301 1127 418 1164 affert
444 1125 634 1163 Servius:
668 1136 750 1160 esse

32 1191 235 1241 ingentem
253 1194 418 1224 contum
439 1196 531 1220 cum
544 1182 649 1218 ferro
667 1180 752 1218 bre-

34 1248 209 1284 vissimo.
223 1244 317 1284 Tale
337 1255 461 1294 genus
480 1240 545 1277 teli
561 1240 638 1276 illis
657 1248 752 1276 tem-

34 1305 202 1356 poribus
242 1298 597 1339 accommodatum.
650 1298 753 1334 Petit

34 1363 128 1400 hinc
149 1362 267 1400 Silius
291 1360 373 1404 111,
402 1358 497 1394 250.
518 1357 751 1392 Macronem

33 1429 221 1465 teretem,
257 1431 308 1454 ex
326 1428 400 1453 usu
422 1412 638 1464 loquendi,
665 1424 751 1449 non

33 1480 111 1516 nisi
126 1477 175 1514 de
193 1475 322 1528 gladio
346 1474 492 1523 exiguo
516 1471 641 1520 accipi
659 1482 751 1520 pos-

33 1550 73 1574 se
97 1544 220 1586 puto;
248 1545 322 1570 nec
344 1539 475 1568 tamen
497 1526 539 1565 τὸ
569 1537 670 1564 teres
694 1540 752 1564 sa-

33 1596 83 1632 tis
124 1593 346 1631 convenit:
373 1586 575 1626 Sabellum
618 1593 749 1622 autem

34 1665 136 1690 veru
155 1650 313 1688 nullum
333 1645 440 1684 aliud
465 1658 547 1682 esse
564 1643 724 1681 videtur
736 1671 748 1690 ‚

34 1723 153 1761 quam
176 1716 363 1746 verutum
377 1733 388 1752 ,
415 1703 561 1753 jaculi,
594 1715 663 1738 seu
681 1701 750 1738 teli

0 1796 1 1803 κ
34 1767 191 1804 missilis
216 1776 368 1817 genus:
386 1760 596 1813 praefixum
616 1761 652 1796 ei
674 1759 750 1796 fer-

0 1844 1 1847 *
35 1838 125 1862 rum
156 1824 298 1861 melius
332 1822 471 1870 utique
497 1828 598 1856 teres
626 1825 748 1863 esset;

36 1895 87 1919 an
124 1889 241 1932 poeta
272 1878 374 1916 illud
408 1890 480 1927 per
521 1887 750 1911 mucronem

35 1939 231 1976 declarare
248 1935 404 1974 voluit?
420 1933 655 1972 Samnitium
666 1932 752 1980 qui-

35 1997 124 2034 dem
148 1995 357 2047 proprium
386 1990 465 2028 hoc
496 1989 666 2026 telorum
692 2001 755 2037 ge-

36 2068 125 2099 nus,
150 2048 301 2090 σαυνίον
325 2049 494 2092 dictum,
511 2060 532 2083 a
549 2059 633 2096 quo
657 2045 754 2082 adeo

36 2125 184 2150 nomen
215 2121 354 2147 eorum
382 2106 546 2144 ductum
579 2116 660 2139 esse
690 2115 755 2139 vo-

38 2170 127 2208 lum
165 2169 418 2207 Saunitarum
435 2191 446 2209 ‚
487 2170 525 2199 et
566 2161 756 2199 Samnita-

35 2240 149 2272 rum,
167 2239 236 2262 seu
256 2223 490 2263 Samnitum.
514 2233 550 2256 v.
570 2220 727 2255 Festum
742 2246 752 2264 ‚

38 2297 126 2323 voc.
158 2281 404 2320 Samnitibus
417 2307 427 2324 ‚
460 2286 499 2315 et
517 2278 588 2327 qui
607 2274 655 2312 ad
673 2289 706 2313 e.
725 2275 753 2313 l.

37 2341 274 2386 laudantur,
304 2348 342 2377 et
366 2336 550 2376 strabon.
577 2335 635 2378 V,
666 2346 754 2383 pag.

42 2400 122 2439 383
143 2401 188 2439 B.
208 2400 297 2438 Jam
312 2425 323 2443 ‚
347 2408 472 2446 quum
488 2392 679 2432 Samnites
694 2395 758 2429 Sa-

40 2457 146 2496 binae
163 2457 291 2509 gentis
306 2465 484 2506 propago
507 2452 609 2494 sint,
639 2449 756 2485 etiam

40 2514 194 2556 sabinis
209 2512 315 2551 idem
331 2512 451 2549 hastae
477 2520 600 2561 genus
616 2506 757 2543 sollen-

42 2585 93 2611 ne
127 2585 231 2618 esse,
269 2579 339 2608 aut
365 2569 502 2607 saltem
535 2564 657 2602 tribui
688 2576 756 2614 po-

43 2631 146 2676 tuit,
172 2628 279 2667 unde
299 2641 400 2666 veru
431 2622 647 2664 Sabellum.
670 2622 755 2661 Nisi

44 2687 209 2726 omnino
238 2698 449 2724 commune
480 2683 556 2720 fuit
592 2680 759 2731 populo-

47 2757 139 2782 mm
154 2744 277 2790 latii,
297 2750 338 2781 et
354 2743 517 2794 reliquae
535 2738 670 2778 ltaliae.
695 2738 759 2777 Sic

210 2809 279 2852 111
287 2841 297 2852 .

819 657 965 706 Georg.
988 657 1052 701 11,
1088 655 1164 691 168
1193 655 1356 692 Volscos
1372 667 1536 696 verutos

817 712 1004 751 vidimus.
1022 734 1081 741 —
1097 712 1194 750 666.
1231 715 1431 765 Tegumen
1454 716 1535 755 leo-

819 771 897 818 nis,
918 772 983 808 cui
998 784 1108 809 nunc
1130 779 1230 808 saeta
1252 771 1469 820 tribuitur,
1491 785 1537 813 ut

818 830 891 868 inf.
937 843 1019 880 790
1056 829 1173 878 bovi,
1214 839 1308 867 sunt
1346 835 1503 870 exuviae
1523 846 1532 871 :

817 887 886 925 has
912 897 1086 939 torquet,
1118 897 1345 938 retorquet,
1369 890 1411 927 in
1432 892 1535 929 cinc-

817 955 902 983 tum
935 947 1138 997 corporis;
1177 946 1250 983 inf.
1287 948 1388 984 VIII
1403 976 1413 994 ,
1451 951 1534 993 460

817 1004 1001 1042 Demissa
1031 1005 1081 1041 ab
1109 1004 1207 1041 lava
1230 1004 1446 1054 pantherae
1463 1017 1535 1044 ter-

812 1076 871 1114 ga
903 1072 1146 1113 retorquens.
1175 1061 1340 1100 Easdem
1371 1067 1535 1103 exuvias

816 1122 870 1157 ita
895 1119 1168 1158 accommodat
1187 1121 1306 1170 capiti
1320 1149 1330 1166 ‚
1351 1129 1396 1158 ut
1413 1123 1537 1160 rictus

817 1179 931 1229 pellis
953 1192 1026 1229 pro
1047 1179 1154 1230 galea
1173 1180 1246 1223 sit,
1268 1187 1313 1215 ut
1335 1179 1438 1215 infra
1459 1183 1532 1229 XI,

818 1237 903 1273 680
922 1265 932 1283 ,
951 1238 1003 1274 68
1016 1250 1030 1273 1
1059 1244 1180 1286 caput
1196 1236 1337 1287 ingens
1353 1237 1432 1274 oris
1452 1237 1535 1275 hia-

819 1303 880 1331 tus
912 1296 969 1332 Et
1005 1294 1127 1330 rnalae
1155 1303 1293 1330 texere
1329 1294 1414 1344 lupi
1447 1310 1533 1333 cum

818 1351 1000 1389 dentibus
1016 1351 1130 1389 albis.
1145 1351 1194 1389 cf.
1213 1364 1308 1388 mox
1326 1365 1403 1390 τες.
1425 1353 1507 1390 688
1524 1384 1533 1401 ,

820 1410 918 1459 689.
954 1411 1146 1447 Dentium
1186 1410 1356 1446 nitorem
1371 1438 1381 1455 ‚
1414 1419 1459 1447 ut
1492 1414 1535 1449 in

816 1479 939 1518 apro,
970 1469 1026 1504 sic
1059 1468 1102 1503 in
1121 1466 1237 1503 leone
1265 1479 1348 1504 non
1373 1470 1535 1507 memini

816 1537 985 1576 usquam
1013 1523 1269 1575 praedicatum
1289 1553 1301 1570 ,
1324 1526 1458 1576 itaque
1477 1528 1535 1564 al-

817 1582 885 1619 bus
914 1591 1069 1620 tantum
1093 1595 1240 1620 ornans
1264 1596 1345 1620 esse
1375 1583 1535 1622 videtur

816 1640 1037 1691 epitheton.
1066 1642 1114 1677 In
1141 1641 1280 1678 ceteris
1310 1641 1448 1679 scabra
1477 1653 1535 1680 est

816 1700 957 1737 oratio.
989 1698 1133 1737 Saltem
1157 1699 1271 1750 jung.
1302 1701 1393 1750 Ipse
1408 1701 1535 1751 pedes

816 1769 870 1794 sc.
889 1765 1042 1808 pugnat
1055 1784 1065 1802 ‚
1085 1765 1273 1806 torquens
1291 1766 1535 1808 tegumen——

817 1813 1131 1864 indutus(illud,
1151 1814 1230 1850 hoc
1254 1823 1325 1859 est,
1348 1815 1447 1866 illo)
1465 1828 1533 1852 ca-

811 1871 915 1921 piti:
928 1871 942 1921 (
956 1870 1141 1907 indutum
1159 1879 1279 1921 caput
1290 1871 1439 1909 habens
1460 1886 1507 1910 eo
1522 1874 1536 1923 )

818 1928 875 1965 sic
890 1928 1003 1979 regia
1022 1936 1130 1964 tecta
1145 1927 1301 1964 subibat
1326 1929 1533 1968 Horridus.

818 1986 978 2023 —668.
1000 1987 1111 2022 Tunc
1128 1998 1159 2022 r.
1181 1994 1207 2022 t.
1226 1985 1384 2022 tenebat
1402 1989 1533 2038 Sprot.

819 2043 1007 2080 subibant
1034 2045 1151 2081 Rom.
1189 2042 1399 2090 Ceterum,
1438 2058 1537 2096 quo-

821 2100 943 2138 modo
983 2102 1224 2150 Interpretes
1257 2099 1344 2137 haec
1377 2115 1537 2154 accepe-

821 2160 928 2204 rint,
961 2170 1012 2194 ex
1042 2157 1194 2208 vulgari
1222 2158 1384 2208 quidem
1414 2162 1536 2199 inter-

821 2216 1038 2266 punctione
1057 2228 1141 2252 non
1167 2228 1376 2266 assequor3
1411 2219 1538 2256 Tem·-

821 2273 895 2310 bili
918 2272 1121 2323 impexum
1150 2282 1271 2320 sceta,
1301 2288 1389 2312 cum
1411 2275 1537 2314 denti-

822 2331 891 2368 bus
914 2330 1018 2368 albis
1041 2330 1208 2368 Iudaeus
1230 2332 1379 2382 capiti,
1403 2334 1460 2371 sic
1479 2349 1538 2372 res

820 2388 893 2441 giu
923 2398 1028 2425 tecta
1057 2387 1213 2425 subibat
1243 2391 1450 2431 Horridus.
1481 2415 1540 2422 -

823 2447 1000 2486 Omnino
1027 2454 1118 2496 post
1146 2455 1333 2499 tegumen
1354 2458 1539 2501 torquens

823 2504 971 2542 durum
992 2512 1049 2541 est
1077 2504 1246 2542 Indutus
1265 2506 1401 2557 capiti.
1434 2511 1537 2561 Ergo

822 2561 928 2599 idem
946 2571 1129 2613 tegumen
1147 2571 1318 2614 torquet,
1329 2573 1367 2602 et
1378 2565 1434 2612 id,
1447 2565 1487 2605 h.
1501 2581 1536 2605 e.

822 2633 884 2666 eo,
901 2619 1062 2656 indutus
1077 2629 1136 2657 est
1145 2621 1270 2672 capiti
1279 2626 1300 2658 Ρ
1318 2624 1419 2661 Mox
1434 2623 1540 2662 idem

824 2677 1004 2714 humeros
1014 2676 1188 2716 innexus
1196 2679 1345 2717 amictu
1358 2690 1428 2720 est.
1439 2683 1541 2720 Mol-

824 2735 903 2774 lius
920 2743 1032 2783 esset,
1048 2736 1082 2774 si
1099 2738 1292 2789 scriptum
1312 2738 1414 2777 foret
1433 2739 1541 2779 indu-

1361 2818 1419 2862 23
