1767 3054
687 94 840 130 LIBER
872 95 964 130 VII.

1513 98 1590 146 237

78 175 219 218 Fama
243 170 370 215 volat
379 187 392 226 ;
414 167 644 227 furiisque
668 164 894 211 adcensas
920 177 1111 227 pectore
1138 179 1310 214 matres

78 245 210 293 Idem
236 227 386 289 omnis
409 240 546 286 simul
572 239 715 285 ardor
739 240 835 302 agit
859 256 984 286 nova
1008 256 1222 302 quaerere
1247 253 1382 288 tecta.

83 323 348 365 Deseruere
373 315 538 361 domos
567 333 576 359 :
600 314 753 361 ventis
776 314 890 361 dant
911 315 1030 361 colla
1059 331 1326 378 comasque.

82 399 169 439 Ast
193 392 294 437 aliae
318 390 530 436 tremulis
557 389 816 437 ululatibus
840 390 1017 437 aethera
1041 391 1302 452 complent,
1532 405 1588 444 395

80 465 451 528 Pampineasque
476 474 648 526 gerunt
668 464 884 511 incinctae
909 463 1113 526 pellibus
1139 465 1310 512 hastas.

80 545 189 602 Ipsa
212 540 337 585 inter
359 539 538 585 medias
562 539 840 602 flagrantem
864 539 1048 586 fervida
1069 540 1235 604 pinum

82 616 315 672 Sustinet,
336 631 391 661 ac
411 625 532 661 natae
555 616 802 677 Turnique
822 617 948 662 canit
972 615 1268 678 hymenaeos,

82 689 399 752 Sanguineam
426 700 653 750 torquens
679 690 851 748 aciem,
878 702 1163 753 torvumque
1187 702 1383 753 repente

83 766 263 811 Clamat
286 784 294 809 :
322 786 341 805 «
362 767 416 810 Io
441 775 636 821 matres,
662 764 849 824 audite,
876 765 958 812 ubi
983 782 1208 828 quaeque,
1233 767 1438 823 Latinae3
1528 783 1590 814 400

83 970 135 993 m.
155 969 230 993 sec.
254 959 299 993 In
317 955 477 993 Vratisl.
497 963 587 1005 post
602 955 712 992 hunc
725 968 808 992 ver-

83 1027 172 1051 sum
184 1013 422 1064 sequebatur
431 1012 724 1050 hemistichium
737 1015 807 1051 Re-

80 1071 223 1123 ginam
244 1084 457 1107 accensam
470 1100 481 1116 ,
503 1070 612 1121 quod
634 1084 684 1107 ex
707 1071 808 1122 glos-

83 1142 123 1165 sa
154 1129 324 1180 irrepsit.
361 1132 415 1166 At
442 1127 545 1165 illud
571 1130 614 1165 in
633 1137 806 1165 mentem

84 1188 220 1224 venire
236 1195 366 1237 potest
378 1215 388 1232 ,
406 1199 456 1223 an
469 1185 739 1223 continuanda
755 1183 808 1223 sit*

84 1246 210 1282 oratio
225 1257 234 1282 :
253 1244 640 1294 Etenim—pascere
655 1243 803 1281 crinem

83 1304 215 1339 Fama
225 1302 356 1340 volat.
368 1302 444 1341 Sed
459 1310 566 1340 vetat
576 1299 620 1340 τό
639 1302 800 1346 etenim,

82 1359 194 1410 quod
212 1373 232 1397 a
250 1360 316 1397 tali
334 1361 526 1398 sententia
545 1359 806 1398 abhorret.—

83 1419 255 1454 Pascere
275 1418 439 1455 crinem.
451 1419 499 1454 In
517 1419 636 1455 sacris
647 1417 806 1455 Bacchi-

81 1475 136 1511 cis
156 1487 312 1513 comam
325 1477 558 1525 promissam
578 1483 617 1512 et
634 1475 804 1512 solutam

79 1531 218 1570 haberi
228 1541 267 1569 et
273 1533 408 1580 jactari
416 1532 571 1570 solitam
580 1541 722 1569 notum
733 1540 802 1568 est.

80 1591 188 1628 conf.
213 1591 307 1627 infr.
331 1591 414 1640 394
430 1611 489 1617 —-
507 1590 603 1634 403.
628 1588 806 1640 (Laudat

79 1660 131 1683 ex
153 1647 298 1686 Catulli
317 1647 542 1684 Galliambo
558 1647 691 1684 locum
709 1647 804 1684 Cer-

82 1704 154 1742 da:
189 1704 276 1742 Tibi
313 1704 536 1755 spargimus
582 1703 798 1753 capillum,

86 1761 175 1798 Tibi
191 1761 387 1798 verticem
399 1770 588 1798 rotamus.
606 1761 682 1800 Sed
697 1763 730 1797 is
747 1770 805 1798 est

81 1819 234 1855 Mureti
257 1818 526 1863 Galliambus,
549 1819 594 1854 in
622 1819 706 1866 ejus
731 1819 803 1856 Ca·

83 1873 184 1912 tullo
193 1889 233 1925 p.
250 1876 318 1920 86,
327 1875 438 1925 quod
445 1874 550 1911 idem
561 1887 719 1912 carmen
730 1888 805 1925 pro

93 1932 240 1969 Catulli
258 1932 342 1969 fetu
359 1931 500 1969 habuit
516 1932 648 1969 Guell.
669 1931 718 1968 ad
731 1933 804 1970 Ge.

84 1990 121 2025 ΙΙ
137 2017 147 2033 ,
175 1990 271 2038 392.
285 1988 300 2040 )
313 1990 456 2027 Rarius
480 1991 659 2026 occurrit
671 2017 682 2036 ‚
696 1989 807 2040 quod

82 2058 234 2083 comam
247 2059 409 2096 quoque
425 2046 577 2084 Baccho
589 2046 700 2083 alunt
711 2049 807 2084 Bac·

83 2103 195 2150 chae3
219 2104 289 2141 sed
315 2103 517 2155 Euripidis
546 2117 706 2141 versum
726 2106 805 2153 jam

82 2161 148 2198 alii
165 2161 408 2199 laudarunt:
431 2152 488 2200 Ῐετ,
472 2160 530 2216 Ῑὲς
549 2159 658 2199 ἑτϊλΓ
649 2159 791 2215 ’καμες
776 2191 805 2208 .„

82 2221 137 2270 τῷ
167 2220 239 2257 6εῶ
275 2222 309 2256 τ’
328 2218 401 2257 αὐτ
405 2217 443 2256 ὲν
474 2233 540 2273 τρε
526 2218 603 2271 ’φω
637 2219 803 2270 (Bacch.

84 2278 188 2327 493;
207 2278 257 2315 cf.
278 2281 433 2315 Barnes.
453 2277 501 2315 ad
519 2291 556 2315 v.
586 2278 696 2328 150).
715 2281 806 2317 Per-

80 2347 215 2384 pexam
239 2338 374 2385 Intpp.
395 2336 522 2374 multa
543 2335 609 2373 hic
634 2349 806 2374 comme-

81 2401 237 2430 morant
264 2392 313 2430 de
335 2405 445 2430 more
469 2393 624 2446 vulgari
650 2407 803 2432 comam

82 2450 224 2489 alendi.
239 2473 297 2479 --
313 2452 392 2500 392
437 2464 495 2502 sq.
538 2451 648 2489 Idem
693 2451 806 2490 furor

81 2508 296 2546 Bacchicus
316 2517 464 2546 ceteras
483 2511 637 2548 Latinas
658 2518 804 2547 matro-

82 2578 152 2603 nas
180 2567 348 2604 invadit.
385 2567 501 2604 Nova
538 2577 666 2614 tecta,
692 2567 807 2605 silva-

82 2635 173 2660 rum
202 2637 390 2662 recessuS.
417 2646 475 2653 —-
496 2626 592 2676 396.
616 2624 803 2663 Pellibus.

83 2679 206 2718 Pelles
221 2691 316 2722 sunt
331 2681 517 2721 nebrides
529 2697 539 2731 ;
553 2683 681 2721 hastas
693 2696 808 2733 pam-

77 2736 246 2785 pineas,
268 2741 464 2790 pampinis
487 2750 606 2780 tectas
619 2771 630 2788 ,
649 2751 692 2779 ut
706 2742 806 2779 bene

872 959 982 995 Serv.
1000 966 1136 994 monet
1149 972 1160 1004 ;
1175 957 1334 1009 thyrsos
1351 957 1365 1008 (
1380 958 1485 997 conf.
1507 959 1592 996 Ecl.

872 1016 935 1060 V,
957 1014 1057 1065 31),
1094 1017 1163 1065 qm'
1193 1014 1289 1052 hinc
1324 1016 1464 1053 molles
1498 1016 1595 1054 dicti

872 1085 990 1122 supra
1011 1087 1049 1109 v.
1078 1073 1181 1122 390,
1213 1082 1252 1110 et
1275 1073 1444 1123 pinum,
1468 1075 1594 1112 facem

872 1131 1050 1179 pineam,
1082 1130 1132 1168 cf.
1163 1143 1224 1180 ap.
1245 1131 1426 1181 Euripid.
1451 1132 1592 1170 Bacch.

878 1189 958 1231 145
985 1201 1070 1238 sqq.
1098 1190 1243 1227 Omnia
1269 1190 1376 1226 enim
1403 1189 1468 1226 hic
1491 1202 1510 1226 a
1534 1203 1592 1226 sa-

873 1247 949 1282 cris
979 1245 1181 1283 Bacchicis
1208 1248 1329 1296 petita
1358 1255 1480 1292 sunt3
1511 1261 1596 1285 non

873 1316 893 1339 a
910 1304 1155 1353 nuptialibus
1183 1304 1340 1341 ritibus.
1354 1326 1412 1332 —-
1432 1306 1528 1354 399.
1553 1308 1592 1341 S.

870 1360 1036 1397 volvens
1051 1364 1182 1410 Sprot.
1196 1369 1235 1397 et
1250 1361 1382 1399 Schol.
1400 1365 1512 1400 Statii
1531 1375 1593 1413 ap.

871 1419 1009 1455 Heins.
1036 1420 1252 1468 Turnumq.
1275 1418 1397 1456 Goth.
1416 1432 1476 1468 pr.
1498 1432 1543 1455 ac
1563 1422 1596 1456 si

871 1475 992 1512 vellet
1018 1476 1191 1512 Turnum
1212 1475 1386 1519 clamat,
1408 1478 1506 1513 mire
1527 1490 1598 1527 op-

870 1541 1050 1581 portuno
1073 1545 1220 1570 errore.
1257 1535 1419 1569 Torvom
1432 1548 1447 1578 ;
1472 1534 1595 1571 haere-

872 1589 988 1636 bam,
1014 1602 1064 1626 an
1094 1590 1175 1628 hoc
1209 1590 1476 1641 relinquerem
1496 1604 1506 1638 ;
1530 1592 1596 1629 hic

871 1648 979 1683 enim
998 1659 1134 1684 caussa
1162 1647 1296 1686 adest:
1321 1661 1412 1684 nam
1440 1650 1596 1699 antiqui

870 1713 962 1754 post
990 1718 1021 1741 v
1049 1718 1258 1755 nunquam
1298 1705 1412 1742 aliam
1440 1705 1594 1743 literam

870 1774 902 1798 ‘v
921 1762 1149 1812 ponebant,
1167 1762 1236 1799 sed
1252 1764 1295 1799 iu
1316 1776 1338 1798 ο
1359 1763 1566 1799 mutabant
1584 1776 1593 1800 :

872 1831 1022 1863 servos,
1060 1821 1194 1856 Dauos
1217 1833 1231 1856 .·
1258 1828 1304 1856 ut
1338 1821 1455 1856 etiam
1489 1820 1546 1857 h..
1566 1819 1593 1857 l.

872 1875 1109 1913 Benedictus
1132 1890 1152 1913 e
1175 1879 1333 1914 Donato
1357 1875 1404 1912 ad
1434 1878 1594 1914 Terent.

873 1935 1039 1970 notavit.
1058 1935 1105 1969 In
1119 1933 1296 1980 ejusdem
1313 1933 1410 1971 Cod.
1424 1942 1505 1971 erat
1522 1943 1598 1970 tor-

874 2003 974 2027 vom.
994 1991 1209 2028 Enimvero
1232 1992 1275 2027 in
1298 1991 1407 2029 Med.
1430 1990 1519 2028 cod.
1541 1991 1595 2028 le-

873 2049 982 2098 gitur
999 2057 1160 2085 torvum.
1178 2049 1242 2086 Sic
1259 2047 1330 2085 inf.
1346 2051 1382 2086 X
1394 2077 1404 2096 ‚
1430 2062 1445 2085 1
1457 2061 1507 2095 70
1525 2058 1598 2085 cor-

874 2118 939 2141 vus
969 2105 1099 2143 editur
1137 2113 1387 2153 constanter,
1416 2115 1455 2143 at
1478 2109 1594 2145 Rom.

875 2171 1013 2201 torvos.
1040 2166 1178 2213 Quum
1197 2164 1319 2215 igitur
1346 2164 1455 2201 nulla
1477 2165 1519 2202 in
1534 2164 1596 2211 his

874 2219 1143 2271 exprimendis
1176 2223 1395 2258 constantia
1423 2235 1498 2260 nec
1521 2224 1593 2268 sit,

873 2291 947 2315 nec
982 2292 1063 2316 esse
1093 2280 1241 2329 possit,
1269 2279 1319 2317 cf.
1357 2293 1444 2330 sup.
1473 2280 1524 2317 ad
1555 2295 1594 2316 v.

874 2337 957 2386 329
972 2365 982 2383 ‚
1001 2336 1115 2374 nolui
1131 2338 1175 2374 in
1193 2350 1276 2374 uno
1302 2346 1342 2374 et
1364 2337 1487 2375 altero
1504 2339 1595 2375 loeo

872 2395 1073 2445 antiquam
1126 2396 1320 2432 rationem
1385 2396 1569 2433 affectare
1583 2424 1594 2441 ,

871 2464 990 2502 quam
1010 2465 1143 2500 nunc,
1162 2461 1209 2490 ut
1223 2454 1316 2490 satis
1329 2453 1404 2490 tibi
1422 2462 1590 2497 constes,

871 2522 943 2560 per
973 2518 1102 2548 totum
1130 2522 1291 2548 carmen
1316 2511 1387 2548 vix
1414 2511 1593 2548 retineas,

872 2589 929 2596 —-
948 2567 1218 2620 Sanguineam
1236 2568 1374 2620 (conf.
1390 2570 1472 2615 IV,
1487 2568 1594 2618 643)

873 2634 1057 2676 torquens
1075 2625 1229 2673 aci‚em
1253 2622 1409 2680 ὃιπστρ
1396 2624 1465 2664 0¹00
1469 2638 1509 2670 υς
1526 2638 1569 2663 m

875 2696 943 2736 ρας
987 2681 1042 2722 ε)
1032 2697 1189 2722 ισσουσσι
1226 2683 1407 2735 Euripid.
1448 2683 1588 2722 Bacch.

881 2755 895 2778 1
911 2755 925 2778 1
937 2755 1002 2780 20.
1021 2764 1077 2770 ——
1092 2750 1188 2787 400.
1215 2742 1444 2793 Ubicunque
1462 2741 1592 2790 vulgg.
