1767 3054
141 103 218 146 194
763 88 1005 125 AEsrmos

135 168 227 215 Sed
254 165 365 212 salsa
391 163 451 209 ad
474 161 642 207 coelnm
666 159 858 204 mittunt
881 157 1112 204 insomnia
1134 159 1313 202 Manes.

133 246 218 292 His
242 242 326 289 ubi
351 252 450 287 tum
473 249 637 284 natum
660 234 887 282 Anchises
912 249 1098 295 unaque
1118 232 1345 294 Sibyllam

133 318 442 381 Prosequitur
467 314 626 370 dictis,
650 321 881 374 portaque
907 309 1077 355 emittit
1099 308 1280 354 eburna
1306 326 1315 353 :

131 398 216 442 Ille
237 397 363 441 viam
388 401 514 439 secat
539 390 597 435 ad
618 388 772 444 navis,
795 385 1040 447 sociosque
1064 384 1250 441 revisit3
1569 400 1635 431 900

132 474 253 518 Tum
280 486 327 516 sc
351 468 409 514 ad
431 466 602 513 Caietae
623 474 754 509 recto
776 461 867 506 fcrt
889 459 1037 505 limite
1062 470 1254 522 portum
1276 478 1285 503 :

134 551 324 593 Ancora
349 543 406 588 dc
430 555 574 603 prora
593 537 767 601 jacitur
776 555 789 594 3
812 546 934 582 stant
954 534 1093 580 litore
1118 548 1315 595 puppes.

137 713 196 748 111
212 739 221 756 ,
268 721 316 756 27
335 737 345 753 ,
400 713 466 750 41.
504 703 671 747 Nitens,
712 709 851 746 ornat3

132 766 316 819 perfecta
328 794 339 810 ‚
365 760 581 816 τετυγμένη
594 789 604 805 ,
627 760 689 796 vel
705 769 750 796 ut
770 761 852 797 Ho-

139 840 237 864 mer.
271 822 311 861 αἱ
333 819 370 859 δ’
393 819 571 870 ἐλέφαντι
603 815 851 866 τετεύχαται.

138 887 307 927 Manes,
333 881 373 918 h.
395 893 429 916 e.
449 877 567 914 inferi
595 876 784 919 mittunt;
805 887 855 910 ex

136 942 274 980 inferis
306 938 354 975 ad
380 936 562 974 homines
585 931 785 983 (namque
815 930 856 967 id

138 1009 219 1045 est,
245 997 304 1035 ad
331 992 501 1043 coelum)
531 989 758 1042 procedunt
780 988 854 1026 hac

139 1058 260 1095 altera
283 1062 398 1106 porta
415 1054 576 1096 Larvae3
596 1048 702 1094 haec,
723 1048 763 1084 vi
787 1059 857 1097 op-

137 1116 282 1167 positi,
307 1125 388 1150 esse
411 1109 559 1147 debent
570 1105 689 1158 falsa
713 1105 859 1143 insom-

141 1173 242 1217 nia;
279 1180 326 1208 ut
356 1182 443 1219 sup.
477 1166 525 1204 ad
565 1165 646 1201 888
680 1177 700 1201 e
733 1164 856 1201 Statio

138 1229 409 1269 memorabam
414 1225 571 1278 falsum
585 1222 690 1260 diem
706 1221 754 1258 de
767 1221 858 1272 Ely-

141 1293 200 1328 sio
219 1302 229 1328 2
250 1290 298 1326 In
325 1299 401 1338 quo
413 1283 532 1336 falsa
552 1281 634 1319 dies
653 1295 665 1317 :
689 1293 771 1318 non
796 1292 859 1316 ve-

140 1361 209 1385 rus
224 1376 234 1395 ,
255 1345 323 1384 sed
336 1344 473 1382 similis
490 1342 586 1379 huic
604 1348 740 1377 nostro
753 1337 854 1382 diei,

143 1414 283 1444 nostro
322 1402 422 1440 coelo
438 1429 449 1448 ,
472 1398 745 1444 assimulatu53
775 1409 860 1433 non

145 1472 278 1501 autem
297 1461 416 1514 salsa
441 1456 645 1496 insomnia
671 1463 766 1492 sunt·
791 1453 862 1490 fal-

141 1521 288 1566 lentia,
313 1520 466 1556 somnia
489 1529 578 1567 quae
604 1514 695 1551 falsa
727 1525 861 1549 rerum

146 1580 275 1630 specie
293 1576 484 1614 illudunt.
504 1577 788 1623 Interpretatur
806 1569 863 1607 lo-

147 1650 240 1675 cum
270 1636 415 1674 Statius
444 1634 472 1671 1.
505 1645 538 1670 c.
566 1631 646 1668 288
684 1627 863 1679 Epicedii

145 1697 190 1733 in
209 1703 360 1745 patrem
381 1704 390 1730 ε
410 1699 592 1742 precatur
606 1718 616 1737 ,
645 1696 691 1725 ut
725 1700 766 1724 se
793 1699 861 1736 pa-

146 1754 217 1790 tris
235 1751 385 1791 Umbra
402 1763 474 1800 per
483 1760 671 1786 somnum
690 1745 834 1782 invisat
852 1755 861 1781 :

147 1809 254 1848 Inde
271 1818 406 1846 tamen
426 1809 504 1860 (ex
522 1803 684 1857 Elysio)
700 1801 860 1846 venias,

149 1868 293 1906 melior
345 1879 427 1917 qua
467 1873 589 1915 porca
642 1861 866 1913 malignum

153 1927 314 1964 Cornea
341 1923 473 1962 vincit
501 1922 596 1959 ebur
623 1919 743 1971 (vult
772 1931 866 1970 ergo

151 1993 305 2034 patrem
332 1985 460 2033 ipsum
475 2008 486 2026 ‚
509 1992 640 2017 veram
661 1980 743 2026 ejus
770 1979 867 2014 Um-

150 2042 287 2086 bram,
310 2053 349 2077 se
377 2053 448 2090 per
464 2050 649 2075 somnum
667 2036 837 2072 invisere
853 2031 867 2084 )

151 2099 364 2149 somnique
389 2098 429 2133 in
466 2094 645 2146 imagine
669 2101 868 2135 monstra,

157 2159 257 2207 Quoe
273 2156 409 2194 solitus
425 2153 507 2205 (sc.
527 2165 610 2190 eras
626 2158 845 2188 monstrare
858 2176 868 2193 ‚

156 2214 253 2252 dum
273 2210 475 2263 vivebas).
497 2213 578 2250 Nec
599 2222 694 2247 vero
711 2208 759 2245 ad
781 2219 872 2256 poe-

157 2280 206 2308 tae
226 2272 437 2309 consilium
457 2269 541 2307 ullo
562 2268 681 2305 modo
700 2267 870 2305 referen-

160 2329 209 2365 da
230 2338 321 2366 sunt
335 2357 345 2374 ,
371 2342 460 2379 quae
479 2328 544 2364 hic
558 2355 568 2373 ,
598 2326 767 2377 mythici
791 2333 874 2361 tan-

158 2395 245 2423 tum
264 2396 426 2423 ornatus
444 2398 577 2422 caussa
591 2413 601 2430 ,
624 2384 672 2421 de
691 2383 872 2426 somniis,

159 2457 189 2481 s,
213 2443 373 2481 Umbris
404 2444 507 2480 veris
535 2455 579 2479 ac
604 2442 707 2478 falsis
724 2469 734 2487 ,
770 2439 874 2487 adje-

161 2503 216 2537 cit
236 2513 244 2538 :
265 2513 307 2537 ac
340 2502 372 2536 si
399 2500 503 2536 falsis
533 2513 574 2536 ac
605 2498 707 2535 fictis
736 2510 874 2535 accen-

160 2559 237 2597 seri
254 2558 349 2594 velit
364 2558 446 2607 ipse
464 2570 521 2601 ea,
539 2570 625 2606 quae
644 2556 769 2594 adhuc
785 2567 875 2593 nar-

161 2624 328 2654 raverat.
357 2636 414 2642 —
444 2614 539 2663 898.
583 2614 644 2650 lbi
677 2615 877 2664 irrepsisse

161 2673 317 2711 videtur
340 2674 382 2709 in
402 2673 538 2709 Burni.
559 2671 619 2707 ed.
642 2673 740 2709 Nam
760 2673 879 2709 Hein-

162 2734 242 2770 sius
259 2730 433 2782 praetulit
453 2729 517 2765 ubi
533 2742 623 2766 cum
640 2728 821 2766 Mediceo
841 2734 880 2765 et

919 699 970 736 al.
990 719 1048 726 —-
1064 709 1162 748 900.
1186 695 1307 732 Viam
1329 705 1464 740 secac;
1486 691 1637 746 τέμνειν

922 752 1010 792 ὁδὸν
1027 783 1037 802 ,
1073 763 1169 792 nota
1188 766 1273 800 res;
1302 755 1414 803 quasi
1433 753 1544 790 sulco
1567 765 1634 802 pe-

922 813 1018 849 dum
1035 812 1156 849 ducto
1171 839 1181 858 ,
1200 821 1306 848 recto
1323 811 1447 848 limite
1459 838 1471 856 ,
1494 817 1540 846 ut
1554 822 1636 845 rec-

922 880 960 908 ta
976 872 1053 908 via.
1079 869 1256 907 Tandem
1281 869 1526 920 Pomponius
1544 865 1634 905 Sab.

924 946 943 960 «
966 927 1028 964 Sic
1032 927 1133 982 finit
1148 929 1345 964 Homerus
1364 927 1429 965 lib.
1449 926 1516 964 XI
1541 922 1635 975 (Od.

921 984 971 1037 λ)
994 994 1033 1023 et
1054 985 1171 1024 Silius
1191 986 1306 1022 XIV.
1326 1003 1346 1017 n

982 1110 1109 1146 Etiam
1120 1107 1198 1145 hoc
1215 1107 1438 1158 episodium
1451 1108 1547 1146 libri
1558 1122 1642 1147 sex-

925 1168 956 1204 ti
985 1167 1035 1204 ab
1054 1167 1274 1218 argumenti
1294 1165 1468 1203 AEneidis
1487 1180 1639 1204 summa

924 1225 1118 1272 alienum,
1137 1223 1270 1275 paullo
1284 1224 1442 1276 longius
1457 1225 1640 1275 petitum,

926 1293 965 1322 et
1002 1286 1046 1321 in
1079 1295 1220 1334 magna
1253 1285 1446 1320 suavitate
1486 1290 1617 1320 tamen
1630 1311 1642 1330 ‚

926 1343 1191 1388 narrationis,
1220 1349 1259 1377 et
1284 1354 1403 1392 quam
1430 1339 1498 1379 illa
1523 1339 1645 1378 habet

928 1401 1201 1442 delectationis
1216 1412 1378 1436 cursum
1396 1400 1550 1445 sistere,
1568 1399 1643 1436 im-

927 1468 1067 1509 petum
1083 1457 1284 1504 inhibere,
1313 1458 1482 1495 Homius
1511 1470 1646 1494 cense-

928 1516 1009 1554 hat.
1028 1519 1117 1554 Hoc
1135 1528 1231 1553 vero
1259 1524 1317 1552 est
1342 1522 1500 1566 poetam
1516 1515 1560 1551 in
1580 1527 1646 1552 or-

929 1574 1064 1611 dinem
1088 1586 1247 1625 cogere,
1270 1573 1320 1610 ad
1349 1572 1554 1610 annalium
1569 1573 1648 1610 for-

928 1633 1078 1670 mulam
1090 1644 1290 1678 revocare,
1301 1640 1340 1669 et
1351 1643 1487 1669 omnes
1498 1631 1650 1683 ingenii

929 1692 1033 1728 vires
1063 1690 1294 1742 infringere.
1328 1691 1398 1728 Est
1432 1690 1538 1726 enim
1571 1689 1649 1727 hoc

930 1751 1035 1787 inter
1050 1756 1178 1799 poetae
1194 1748 1297 1798 epici
1319 1745 1505 1793 artificia,
1523 1760 1650 1797 quum

930 1809 975 1845 in
1010 1819 1091 1844 una
1122 1808 1277 1843 actione
1310 1804 1533 1843 detexenda
1569 1818 1652 1842 car-

933 1878 1025 1902 men
1048 1865 1206 1915 epicum
1230 1872 1479 1910 coerceatur,
1499 1872 1566 1909 ut,
1586 1876 1653 1900 va-

933 1922 1081 1960 riandae
1097 1923 1335 1960 narrationis
1350 1920 1653 1972 depellendique

935 1982 1143 2018 subeuntis
1161 1979 1306 2017 fastidii
1334 1992 1490 2027 caussa,
1512 1979 1560 2017 ad
1579 1979 1654 2016 alia

936 2047 1169 2076 ornamenta
1190 2066 1200 2084 ,
1240 2039 1357 2075 etiam
1398 2037 1448 2074 ad
1486 2038 1654 2075 seriores

934 2096 1134 2142 historias,
1152 2096 1378 2135 descendat,
1392 2096 1573 2133 Maronis
1589 2106 1654 2132 au-

938 2162 1018 2191 tem
1038 2167 1124 2190 mos
1146 2154 1212 2190 ille
1235 2162 1294 2190 est
1319 2162 1554 2204 perpetuus,
1583 2159 1651 2197 ut,

939 2211 1035 2249 dum
1067 2211 1276 2249 miratione
1297 2224 1430 2249 rerum
1457 2221 1652 2248 novarum

939 2278 979 2306 et
1017 2269 1270 2307 insolitarum
1301 2271 1458 2306 'animos
1493 2265 1653 2303 audien-

941 2328 1043 2364 tIum
1062 2336 1215 2371 teneat,
1241 2327 1447 2370 vaticinia,
1475 2324 1649 2370 somnia,

942 2387 1059 2422 etiam
1081 2393 1335 2422 mortuorum
1364 2393 1550 2432 responsa
1565 2409 1574 2427 ‚
1595 2381 1656 2417 fu-

942 2449 1051 2480 turae*
1062 2442 1211 2480 subolis
1229 2453 1431 2478 recensum
1462 2440 1505 2475 in
1531 2438 1656 2476 subsi-

942 2500 1053 2537 dium
1074 2499 1270 2537 adhibeat.
1293 2499 1432 2546 Neque
1463 2510 1556 2534 vero
1575 2505 1654 2533 tam

944 2559 1117 2594 otiosum
1151 2563 1209 2592 est
1246 2555 1468 2604 episodium
1488 2583 1498 2600 ,
1537 2567 1656 2605 quam

944 2615 1110 2651 alterum
1125 2611 1260 2662 paullo
1276 2621 1364 2650 ante
1382 2613 1429 2649 de
1443 2613 1628 2651 Palinuro
1645 2623 1654 2648 :

944 2684 1036 2708 nam
1056 2672 1100 2707 in
1119 2671 1205 2720 ipso
1231 2669 1281 2706 ad
1303 2671 1454 2707 Italiam
1475 2681 1631 2707 accessu
1645 2697 1655 2713 ,

946 2728 994 2766 de
1015 2741 1147 2765 rerum
1179 2737 1325 2766 eventu
1355 2731 1397 2766 iu
1433 2741 1537 2766 nova
1568 2725 1658 2764 sede
