1767 3054
711 153 863 190 LIBER
899 153 947 188 Y.
1533 158 1581 191 35

82 231 264 277 Primus
288 228 411 285 abit,
433 226 666 288 longeque
692 234 799 270 ante
821 224 979 269 omnia
1004 238 1207 286 corpora
1228 227 1367 272 Nisus

83 305 285 361 Emicat,
309 314 356 350 et
375 300 527 347 ventis
551 309 599 346 et
622 299 830 346 fulminis
856 300 989 346 ocior
1014 298 1113 345 alis.

83 383 343 425 Proxumus
367 376 502 433 huic,
524 376 665 438 longo
691 374 774 422 scd
795 389 1057 436 proxumus
1081 374 1355 433 intervallo,
1532 390 1584 417 320

83 454 353 517 Insequitur
379 452 532 498 Salius
560 469 570 495 :
593 451 745 514 spatio
768 461 874 513 post
898 449 1070 497 deinde
1093 450 1257 497 relicto

81 528 268 575 Tertius
293 526 542 588 Euryalus.

78 601 432 665 Euryalumque
453 600 682 662 Helymus
705 599 948 662 sequitur3
969 614 1065 662 quo
1088 598 1260 645 deinde
1281 599 1369 646 sub
1392 600 1495 663 ipso

77 679 198 724 Ecce
216 676 368 733 volat,
392 675 665 737 calcemque
686 675 798 721 terit
813 675 910 738 jam
937 674 1063 720 calce
1088 676 1280 732 Diores,

78 751 361 799 Incumbens
381 750 607 809 humero;
631 751 783 814 spatia
807 761 853 797 et
879 751 918 796 si
943 751 1080 812 plura
1105 750 1368 813 supersint,
1530 763 1587 791 323

79 832 306 876 Transeat
325 828 510 890 elapsus
535 827 694 891 prior,
717 825 1054 890 ambiguumvc
1080 826 1329 890 relinquat.

81 1011 207 1048 oculis
240 1010 452 1060 animoque
485 1008 692 1062 designant
722 1024 803 1050 me·

83 1077 160 1105 tam
174 1097 185 1115 ,
205 1076 250 1105 ut
270 1067 351 1105 fere
374 1069 558 1114 Servius;
586 1068 802 1107 subnatum

82 1127 183 1164 sorte
215 1133 343 1176 poetae
373 1138 423 1161 ex
455 1125 555 1162 illo:
577 1122 721 1178 στῖμῃνε
757 1123 802 1164 δὲ

82 1182 245 1237 τέρματ’
284 1173 472 1232 Azina:
509 1180 690 1231 τηλόθενς
731 1185 803 1223 ubi

83 1243 140 1287 is,
172 1242 243 1292 qui
268 1240 386 1278 ludos
419 1239 532 1286 facit,
567 1250 711 1278 metam
747 1245 803 1282 sic

85 1299 336 1337 constituisse
352 1298 510 1336 dicitur.
524 1320 583 1327 —
597 1300 619 1336 3
631 1312 646 1335 1
657 1300 694 1338 8.
714 1313 800 1352 sqq.

84 1360 231 1396 Omnes
262 1369 383 1393 cursu
412 1358 622 1393 antevertit
655 1357 799 1405 Nisus,

82 1415 292 1465 proximus
312 1413 458 1460 Salius,
477 1422 564 1450 tum
582 1416 799 1464 Euryalus,

83 1471 177 1510 inde
206 1471 424 1520 Helymus,
456 1471 616 1509 tandem
647 1473 802 1512 Diores.

83 1531 253 1580 —319.
282 1529 476 1566 Fulminis
509 1530 612 1577 alce,
646 1534 803 1581 poetica

82 1589 236 1626 ratione
256 1599 265 1625 :
291 1596 348 1623 est
368 1596 499 1624 tamen
520 1589 637 1624 etiam
661 1591 705 1626 in
731 1604 804 1627 nu-

83 1647 159 1683 mis
174 1645 327 1682 fulmen
345 1645 506 1682 alatum.
519 1666 578 1674 ——
591 1647 688 1684 320.
711 1650 805 1684 Pro-

85 1702 220 1740 ximus
237 1701 350 1747 huic,
373 1701 441 1739 sed
458 1702 578 1753 longo
596 1702 805 1741 intervallo

79 1760 315 1811 proximus,
338 1769 528 1797 revocant
553 1762 596 1797 in
625 1764 803 1799 animum

85 1831 247 1855 versum
270 1819 426 1855 Horatii
448 1821 492 1864 Ι,
529 1830 576 1854 12
593 1847 603 1865 ‚
642 1833 699 1858 vs.
738 1821 800 1859 18.

87 1875 162 1912 ubi
187 1876 272 1912 Nec
294 1873 412 1926 viget
439 1874 651 1925 quicquam
676 1876 804 1915 simile

90 1930 241 1983 (Jovi)
259 1941 331 1968 aue
350 1933 585 1977 secundum
597 1935 806 1984 proximos

91 1989 154 2027 illi
175 1999 311 2026 tamen
340 1990 545 2039 occupavit
573 1992 715 2029 Pallas
744 1992 808 2029 ho-

91 2060 218 2086 nores.
238 2047 300 2084 Ibi
316 2047 439 2085 Pallas
456 2061 538 2085 non
550 2057 607 2086 est
622 2050 807 2097 secunda,

90 2105 159 2144 sed
178 2106 384 2157 proxima3
404 2114 442 2142 at
464 2107 507 2143 in
527 2116 664 2145 nostro
683 2107 807 2145 Salius

91 2172 149 2202 est
182 2163 377 2201 secundus
399 2172 437 2200 et
453 2164 675 2214 proximus.
697 2166 808 2203 Scili-

93 2230 155 2260 cet
173 2222 368 2260 secundus
384 2221 434 2258 ad
460 2235 673 2260 numerum
687 2251 697 2268 ‚
713 2237 808 2274 pro-

91 2279 227 2318 ximus
255 2280 303 2317 ad
334 2279 469 2317 locum
503 2293 613 2317 nunc
642 2289 806 2331 spectat.

92 2341 148 2377 At
168 2339 211 2378 in
229 2339 396 2376 Horatio
412 2338 626 2387 proximus
647 2339 808 2388 quidem

91 2399 207 2436 etiam
233 2405 291 2434 est
317 2396 432 2442 loco,
461 2405 500 2433 at
526 2396 721 2433 secundus
752 2405 810 2434 est

91 2456 240 2493 virtute
273 2463 313 2492 et
341 2455 542 2505 potentia,
581 2468 654 2492 nec
681 2455 809 2492 multo

89 2513 275 2560 inferior,
292 2511 360 2550 sed
383 2513 464 2550 fere
487 2525 712 2563 exaequans.
735 2516 811 2550 Pro

91 2571 276 2623 exemplo
309 2583 438 2621 nuper
480 2583 562 2608 esse
592 2579 813 2622 potuerunt

93 2629 277 2667 consules
293 2629 525 2666 Galliarum.

158 2688 255 2725 323.
276 2687 498 2736 Euryalum
527 2685 704 2737 sequitur
732 2687 812 2724 He-

99 2744 228 2793 lsmus
265 2745 347 2783 Erf.
367 2773 378 2791 ‚
420 2757 505 2782 non
544 2745 658 2783 male.
687 2746 813 2796 Quem

100 2801 276 2842 Parrhas.
309 2803 418 2854 quod
443 2802 590 2841 Medic.
621 2802 693 2854 qui
726 2810 813 2840 tert.

869 1009 1060 1048 Rottend.
1091 1022 1110 1045 a
1132 1021 1184 1046 m.
1213 1021 1288 1046 sec.
1317 1007 1384 1045 sed
1405 1017 1489 1045 cst:
1521 1010 1590 1044 sub

869 1080 947 1118 quo
966 1067 1050 1117 ipso
1069 1067 1189 1104 volat
1205 1065 1246 1103 h.
1269 1079 1302 1103 e.
1325 1067 1361 1103 ei
1378 1066 1587 1110 subvolat,

870 1138 962 1162 eum
997 1125 1106 1161 subit
1126 1152 1136 1171 ,
1179 1124 1369 1161 succedit.
1399 1145 1457 1151 ———
1489 1126 1584 1168 324,

874 1182 969 1221 325.
995 1185 1188 1232 Expressa
1204 1194 1254 1218 ex
1274 1181 1384 1220 Iliad.
1404 1178 1454 1232 ψ,
1482 1182 1585 1229 764,

873 1241 954 1289 765
969 1268 979 1286 ,
999 1254 1047 1277 ne
1071 1240 1224 1277 dubita.
1242 1241 1383 1277 Diores
1399 1241 1452 1276 ita
1469 1252 1591 1277 cursu

871 1306 1000 1348 aequat
1016 1299 1233 1349 Helymum
1246 1325 1256 1343 ,
1274 1305 1318 1334 ut
1335 1310 1419 1334 uno
1436 1305 1590 1334 tantum

869 1357 936 1394 ille
955 1368 1073 1406 passu
1097 1363 1321 1406 praevertat.
1343 1357 1481 1405 Itaque
1498 1357 1591 1392 Dio-

870 1427 932 1452 res
950 1415 1006 1450 sic
1032 1415 1172 1460 instat,
1208 1421 1253 1450 ut
1282 1414 1486 1450 immineat
1508 1414 1591 1461 ejus·

870 1473 1048 1510 humeris
1064 1480 1103 1508 et
1120 1472 1283 1522 vestigia
1301 1479 1476 1521 premat,
1496 1471 1591 1508 alte-

870 1544 915 1568 ro
935 1529 1037 1579 pede
1067 1531 1262 1566 anteriore
1285 1542 1485 1579 occupans
1507 1530 1593 1577 ejus

869 1588 1011 1639 pedem
1030 1588 1266 1624 citeriorem.
1285 1590 1345 1624 Ita
1360 1587 1410 1624 ad
1423 1586 1593 1624 verbum

870 1647 1016 1682 calcem
1055 1645 1160 1682 calce
1197 1646 1355 1694 premit.
1398 1645 1482 1682 Etsi
1519 1657 1594 1681 nec

870 1703 948 1740 hoc
983 1715 1154 1741 necesse.
1193 1704 1261 1739 Est
1299 1703 1406 1739 enim
1440 1701 1593 1738 dictum

871 1761 1106 1810 exquisitius
1149 1772 1225 1809 pro
1244 1788 1255 1806 ,
1287 1761 1436 1809 pedem
1471 1759 1591 1809 pede.

870 1819 1002 1856 Aliam
1021 1818 1213 1854 rationem
1230 1819 1365 1855 Burni.
1391 1818 1591 1867 sequitur,

871 1876 939 1913 sed
957 1875 1068 1912 valde
1088 1875 1243 1913 duram.
1264 1878 1488 1926 Argutatur
1505 1876 1530 1912 J
1533 1888 1589 1911 os.

871 1934 1057 1983 Scaliger.
1085 1932 1188 1979 325,
1214 1934 1294 1970 326
1320 1944 1330 1970 ε
1358 1941 1419 1979 et,
1444 1933 1478 1968 si
1501 1931 1593 1982 plus

871 1992 987 2041 spatii
1017 1998 1239 2039 superesset
1252 2017 1262 2035 ‚
1295 2002 1369 2026 nec
1402 1989 1596 2027 curriculi

873 2057 987 2086 metae
1013 2047 1172 2094 jamjam
1195 2046 1563 2097 adpropinquarent
1584 2076 1593 2093 ‚

874 2115 943 2144 aut
960 2105 1075 2142 illum
1096 2117 1214 2142 cursu
1231 2106 1508 2155 praevertisset,
1525 2115 1594 2142 aut

873 2164 1009 2201 saltem
1040 2171 1240 2213 aequasset.
1274 2164 1360 2200 Hoc
1388 2172 1447 2200 est
1473 2163 1595 2200 ambi-

871 2235 994 2274 guum
1013 2220 1219 2271 relinquat
1239 2233 1332 2257 eum
1351 2220 1391 2259 h.
1417 2234 1450 2259 e.
1473 2221 1596 2258 ambi·

875 2288 1030 2331 gentem
1048 2278 1096 2315 de
1113 2291 1251 2315 cursus
1267 2279 1394 2328 palma
1408 2307 1418 2326 ,
1439 2287 1486 2317 ut
1503 2292 1595 2316 cum

875 2336 1066 2376 'l'urnebo
1084 2336 1201 2375 Cerd.
1216 2337 1299 2382 vel,
1318 2336 1368 2374 de
1380 2350 1461 2388 quo
1474 2337 1596 2374 ambi-

875 2403 1012 2448 gerent
1030 2395 1114 2441 alii,
1132 2394 1181 2432 de
1198 2408 1279 2445 quo
1291 2395 1522 2447 ambiguum
1539 2409 1595 2432 es-

875 2462 953 2500 set,
974 2462 1109 2490 utrum
1133 2454 1342 2490 victoriam
1359 2453 1597 2491 obtenturus

876 2520 1051 2550 esset.—
1063 2512 1157 2549 325.
1172 2511 1358 2549 Humeris
1373 2525 1462 2563 pars
1478 2510 1595 2549 codd.

877 2569 947 2608 sed
968 2578 1008 2607 et
1025 2570 1233 2621 singularis
1252 2571 1383 2607 minus
1398 2569 1573 2621 vulgaris
1589 2599 1598 2615 ‚

878 2636 919 2666 et
942 2628 1054 2666 alteri
1087 2636 1240 2665 tantum
1268 2627 1438 2665 humero
1470 2629 1598 2664 immi-

879 2686 1012 2724 nebat.
1045 2707 1104 2714 ·—-
1139 2687 1236 2724 326.
1277 2685 1599 2737 Ambiguumque

879 2746 1016 2783 Heius.
1047 2757 1241 2782 consensu
1267 2744 1464 2782 librorum
1493 2756 1598 2780 rece-

880 2804 963 2854 pit,
995 2802 1105 2854 quod
1139 2811 1177 2840 et
1209 2815 1299 2853 pars
1326 2803 1599 2840 Pierianorum
