1767 3054
108 114 186 151 238

731 115 969 152 AENEIDOS

108 184 157 227 Si
182 197 273 243 qua
294 182 382 243 piis
407 182 570 228 animis
591 195 744 229 manet
768 185 965 230 infelicis
989 188 1167 230 Amatae

110 257 296 313 Gratia,
318 257 355 303 si
375 257 494 318 juris
520 259 718 303 materni
744 275 857 303 cura
880 259 1141 316 remordet;

111 332 288 379 Solvite
309 332 504 378 crinales
528 334 690 389 vittas,
712 333 864 394 capite
890 333 1022 394 orgia
1046 349 1242 378 mecum.
1270 354 1288 373 υ

176 407 337 453 Τ310111
357 407 479 451 inter
503 407 663 462 silvas,
691 408 812 452 inter
838 407 1021 452 deserta
1049 407 1278 465 ferarum,

111 481 339 542 Reginam
361 481 542 525 Allecto
566 480 763 525 stimulis
790 481 884 541 agit
910 479 1119 541 undique
1145 480 1329 526 Bacchi.

1542 491 1604 526 405

111 560 362 617 Postquam
382 557 482 601 visa
502 555 611 600 satis
636 555 812 616 primos
837 555 1016 600 acuisse
1038 554 1243 611 furores,

113 631 463 690 Consiliumque
484 645 763 690 omnemque
789 629 981 674 domum
1003 629 1198 676 vertisse
1222 629 1400 687 Latini3

114 710 342 751 Protenus
365 705 474 750 hinc
500 705 640 750 fuscis
665 705 810 750 tristis
833 705 920 749 dea
943 704 1123 749 tollitur
1146 704 1228 749 alis

115 778 319 824 Audacis
344 779 507 824 Rutuli
532 778 590 823 ad
615 793 796 836 muros,
822 793 962 839 quam
988 777 1160 823 dicitur
1181 776 1347 823 urbem

117 853 401 900 Acrisioneis
425 856 586 898 Danae
609 852 828 898 fundasse
852 852 1053 909 colonis,
1546 866 1606 897 Δ1ιο

117 927 351 987 Praecipiti
373 926 526 972 delata
549 938 677 971 noto.
699 929 852 972 Locus
878 926 1035 972 Ardea
1054 925 1292 986 quondam

118 1150 205 1179 ante
222 1142 357 1178 Heius.
374 1167 384 1185 ,
400 1140 468 1189 qui
486 1139 668 1176 codicum
681 1148 719 1177 et
734 1143 835 1178 Pris-

118 1200 222 1237 ciani
269 1191 497 1234 auctoritate
552 1199 730 1247 reposuit
771 1198 837 1234 ubi

118 1269 298 1307 quaeque.
313 1254 379 1292 Ad
397 1254 506 1291 hunc
523 1268 681 1291 versum
700 1255 834 1292 conse-

119 1323 214 1350 runt
244 1315 376 1362 Intpp.
415 1311 525 1348 Iliad.
550 1325 595 1358 σ,
631 1313 680 1348 52
706 1326 763 1362 sq.
785 1313 834 1349 de

119 1369 284 1408 Thetide
305 1369 353 1405 ad
370 1368 573 1419 Nymphas
586 1397 595 1414 ,
615 1382 687 1405 nec
704 1378 834 1406 tamen

120 1429 332 1476 quicquam
364 1425 457 1461 inde
487 1424 681 1475 proficere
704 1428 837 1475 potuit

120 1486 249 1521 Maro.
271 1482 352 1519 Piis
367 1481 532 1525 animis,
553 1495 626 1531 pro
642 1483 837 1520 vobis.—

125 1549 219 1584 402.
253 1541 292 1576 Si
320 1551 416 1574 cura
445 1547 524 1583 est,
555 1539 587 1574 si
613 1539 678 1585 jus
697 1548 836 1575 mater-

122 1610 220 1633 num
239 1598 282 1631 in
305 1593 405 1630 filias
423 1594 617 1631 tuendum
636 1594 748 1631 vobis
767 1609 838 1645 pu·

122 1654 225 1690 tatis.
261 1651 401 1700 Capite
440 1651 553 1701 orgia
567 1679 578 1695 ,
615 1653 811 1700 exquisite
824 1681 835 1698 ‚

123 1718 168 1746 ut
182 1709 381 1758 suspicere
403 1720 508 1744 sacra
523 1735 533 1753 ,
556 1707 596 1746 h.
617 1708 811 1745 celebrare
826 1738 836 1754 ,

105 1808 106 1811 Ἴ
125 1778 237 1815 agere
258 1776 268 1802 :
288 1773 327 1801 at
352 1777 432 1813 quo
457 1763 612 1800 tandem
644 1765 838 1802 consilio?

125 1835 202 1871 qua
229 1834 297 1871 spe
309 1822 326 1857 Ξ)
345 1821 493 1857 scilieet
505 1848 516 1866 ‚
530 1829 575 1857 ut
589 1821 666 1857 sihi
685 1821 836 1867 adsint,

124 1879 323 1928 filiamque
357 1890 378 1913 a
409 1879 558 1928 nuptiis
586 1891 679 1915 cum
709 1878 837 1916 alieno

125 1937 212 1973 viro
238 1934 453 1972 vindicent,

185 1993 266 2037 406
280 2013 338 2021 ·—
352 1999 375 2036 4
385 2005 399 2028 1
411 1993 447 2029 3.
460 1991 524 2028 Ad
535 1994 718 2029 Turnum
731 2005 839 2029 nunc

126 2050 265 2087 Alecto
292 2049 500 2100 procedit:
519 2057 725 2099 postquam
749 2062 843 2086 cou-

126 2108 211 2144 silia
228 2108 356 2144 Latini
378 2107 425 2143 ab
446 2120 489 2143 ea
518 2105 674 2143 turbata
687 2136 697 2153 ‚
717 2119 842 2156 eoque

126 2166 212 2214 ipso
229 2177 374 2201 caussae
392 2164 485 2200 belli
501 2171 592 2200 satae
608 2173 718 2200 erant
730 2192 740 2209 ‚
760 2177 843 2213 quo

127 2221 343 2259 verendum
362 2230 444 2258 erat
458 2249 468 2267 ,
489 2234 538 2258 110
556 2222 684 2258 Latini
701 2221 844 2258 domus

127 2287 381 2316 everteretur.
407 2277 594 2322 Acuisse,
618 2291 710 2315 cum
723 2278 844 2315 dilec-

126 2343 171 2370 tu
212 2348 285 2384 pro
330 2337 528 2373 excitasse.
547 2356 603 2363 ·-
622 2336 718 2380 408.
741 2337 844 2374 Nota

128 2393 287 2428 Furiam
319 2392 456 2429 alatam
471 2420 481 2438 ,
503 2401 549 2428 ut
577 2394 656 2440 jam
681 2406 741 2443 ap.
764 2395 842 2430 Eu-

129 2449 203 2497 rip.
224 2450 293 2485 Or.
316 2449 336 2484 3
350 2461 362 2483 1
374 2462 410 2494 7.
423 2452 576 2485 Verum
591 2449 640 2486 de
656 2450 717 2486 his
734 2463 843 2487 nunc

131 2505 337 2541 adeundus
353 2513 410 2541 est
426 2507 600 2556 Bottiger
617 2509 667 2544 V.
693 2507 737 2545 C.
758 2520 843 2543 von

131 2561 205 2598 der
230 2561 524 2599 Furienmaske.
542 2584 601 2590 ——
623 2570 715 2607 410.
739 2564 847 2600 Acri-

131 2618 275 2655 sioneis
309 2618 429 2669 vulgo
469 2618 610 2669 legitur
633 2618 728 2668 (sed
765 2629 848 2657 tan·

132 2684 218 2711 tum
233 2676 277 2712 in
292 2676 577 2712 recentioribus
592 2687 600 2712 :
618 2689 708 2712 nam
725 2677 846 2716 Aldd.

133 2724 325 2769 ornnes-et
347 2733 462 2771 Junt.
492 2732 654 2782 aliaeque
678 2733 850 2771 Acrisio-

900 1140 997 1177 noeis
1029 1147 1258 1190 agnoscunt.
1285 1140 1487 1176 Mutatum
1514 1137 1613 1175 forte

901 1210 920 1235 a
948 1196 1185 1248 Stephano).
1218 1195 1293 1234 Sed
1314 1197 1451 1233 Heius.
1482 1207 1611 1232 emen-

901 1254 1010 1291 davit
1042 1253 1298 1292 Acrisionaeis
1329 1253 1378 1290 ab
1414 1253 1613 1299 Acrisius,

901 1313 1134 1357 Acrisione,
1180 1300 1416 1362 Ᾱκρισιώνή,
1441 1318 1480 1347 et
1517 1309 1614 1346 hinc

900 1358 1182 1421 Ᾰκρισιωναῖος.
1215 1369 1296 1407 Νο0
1323 1368 1435 1405 aliter
1455 1367 1621 1406 Salmas:

902 1427 951 1463 ad
983 1427 1105 1465 Solin.
1140 1439 1179 1475 p.
1214 1433 1280 1469 41.
1321 1425 1532 1462 Enimvero
1561 1424 1618 1460 sic

904 1491 961 1519 est
972 1482 1078 1519 idem
1091 1495 1134 1518 ac
1149 1480 1356 1517 Danaeius
1367 1495 1382 1524 ;
1398 1493 1490 1516 nam
1508 1469 1618 1532 Ampe·

905 1537 1018 1579 σιώνη
1043 1547 1100 1574 est
1124 1540 1282 1582 Danae3
1305 1539 1394 1586 quis
1413 1545 1543 1573 autem
1562 1536 1618 1574 fe-

904 1603 964 1631 rat
997 1597 1171 1631 Danaen
1193 1592 1414 1630 condidisse
1438 1593 1618 1631 Ardeam

906 1652 1056 1688 colonis
1094 1649 1323 1687 Danaeiisfi
1357 1651 1449 1688 Non
1480 1649 1618 1697 video,

906 1707 1045 1769 quidni
1085 1707 1133 1744 ab
1181 1696 1379 1758 Ᾰκρίσιος,
1405 1695 1591 1758 Ᾱκρισίων
1608 1734 1619 1753 ,

905 1761 1166 1818 Ακρισιώνειος
1196 1763 1407 1801 formatum
1427 1775 1508 1800 esse
1526 1776 1618 1813 pos-

905 1824 977 1868 sit;
1009 1830 1047 1859 et
1076 1821 1125 1857 ab
1166 1821 1253 1870 ipso
1295 1820 1451 1857 Acrisio
1488 1821 1622 1857 coloni

905 1891 1052 1915 nomen
1073 1877 1222 1914 habent
1237 1876 1277 1913 11.
1297 1876 1325 1914 l.
1346 1876 1486 1913 melius
1503 1889 1623 1926 quam

907 1949 928 1973 a
949 1937 1097 1973 Danae.
1116 1935 1179 1973 Sic
1199 1945 1360 1984 quoque
1379 1932 1483 1983 apud
1502 1933 1620 1972 Ovid.

907 1995 1005 2030 Met.
1037 1995 1099 2039 V,
1124 1993 1204 2041 239
1237 1989 1485 2028 Acrisioneae
1510 2003 1622 2026 arces

909 2050 1025 2087 dictae
1047 2050 1145 2100 Argi
1158 2077 1169 2095 ,
1187 2061 1286 2099 quos
1308 2048 1486 2098 Acrisius
1513 2055 1620 2085 tene-

908 2107 977 2144 bat
989 2135 999 2153 ,
1016 2120 1101 2144 11011
1118 2108 1264 2143 Danae.
1274 2107 1468 2143 —Danae
1487 2106 1621 2156 igitur,

898 2165 1056 2201 'Acrisii
1088 2162 1194 2209 filia,
1223 2176 1315 2200 cum
1334 2163 1492 2213 Argivis
1521 2162 1623 2212 fugae

911 2221 1124 2259 comitibus
1146 2222 1241 2258 navi
1254 2228 1366 2258 vecta
1389 2219 1440 2256 ad
1459 2217 1625 2257 Rutulo-

911 2292 1002 2316 rum
1029 2279 1123 2315 litus
1151 2277 1348 2328 appulisse
1377 2285 1416 2313 et
1451 2273 1623 2312 Ardeam

911 2337 1149 2373 exstruxisse
1165 2335 1438 2378 dicitur.—-.¹41
1449 2345 1484 2369 1.
1503 2332 1626 2367 Locus

910 2393 1054 2430 Ardua
1070 2392 1277 2443 quondam
1292 2391 1443 2440 aliquot
1457 2389 1624 2426 Pierian.

910 2458 950 2487 et
965 2451 1022 2486 sic
1039 2449 1290 2486 manifestum
1306 2453 1364 2484 est
1381 2445 1561 2484 Servium
1576 2445 1626 2482 10-

911 2508 1033 2559 gisse,
1056 2507 1149 2556 qui,
1185 2507 1319 2548 Bene,
1351 2503 1429 2548 ait,
1460 2501 1624 2545 allusic;

915 2577 1011 2600 nam
1047 2561 1185 2599 Ardea
1211 2558 1328 2611 quasi
1355 2558 1497 2596 Ardua
1519 2553 1627 2618 dicfa

916 2629 996 2664 esc,
1027 2618 1073 2655 id
1095 2627 1155 2655 esc
1167 2628 1319 2666 magna
1337 2625 1379 2652 et
1396 2615 1548 2653 nobilis.
1570 2637 1627 2645 —-

914 2680 1043 2715 Locus
1058 2673 1258 2724 quondam
1276 2686 1298 2710 a
1316 2671 1531 2720 majoribus
1550 2672 1626 2709 (110-

915 2743 978 2771 tus
1007 2740 1065 2770 est
1086 2730 1241 2777 Ardea;
1263 2738 1302 2767 et
1323 2731 1537 2768 etiamnum
1558 2742 1627 2769 no-
