1767 3054
133 175 212 210 2-'0-'4

753 160 995 199 AENEIDOS

130 239 355 286 Certatim
379 253 478 283 sese
502 233 666 282 Rutuli
691 232 1003 279 exhortantur
1025 232 1073 277 in
1097 247 1240 278 arma.

128 316 267 360 Hunc
292 311 434 358 decus
458 308 698 373 egregium
719 307 882 353 sormae
905 316 1064 352 movet
1085 318 1225 368 atque
1244 306 1473 368 juventae3

128 389 267 434 Hunc
289 386 413 432 atavi
438 400 591 447 reges,
613 383 739 428 hunc
762 382 897 428 claris
923 381 1116 428 dextera
1140 381 1287 427 factis.

193 466 319 508 Dum
343 463 536 507 Turnus·
558 458 759 505 Rutulos
784 457 950 503 animis
974 455 1232 503 audacibus
1256 457 1426 519 inplet,

1561 467 1623 508 475

131 538 311 584 Allecto
336 538 383 582 in
408 538 616 582 Teucros
642 533 817 594 Stygiis
842 549 891 578 se
912 532 1116 578 concitat
1141 532 1246 590 alis,

131 616 245 657 Arte
268 625 411 669 uova;
441 608 680 672 speculata
700 607 879 666 locum,
905 622 1000 668 quo
1022 606 1161 653 litore
1181 605 1379 668 pulcher

122 803 262 840 preces
276 817 286 834 ‚
305 788 488 838 divosque
517 786 559 823 in
582 795 682 824 voca
697 798 841 823 vocas-

130 856 200 885 set.
237 844 446 891 ἐπηύξατο.
466 866 523 873 -—-
553 852 650 890 472.
684 842 843 879 Exhor-

129 914 288 949 tantur,
309 898 433 955 &3522
450 930 460 947 ,
480 900 658 953 ἐπῶρσαν
672 929 683 946 ,
700 903 844 938 Home-

126 964 270 998 ricum.
299 960 438 998 Rutuli
465 972 505 996 se
524 966 673 995 acuunt
689 957 739 994 ad
761 958 844 995 bel-

126 1019 212 1055 lum
226 1046 238 1062 ,
257 1018 324 1054 alii
339 1015 642 1067 pulchritudine
655 1042 667 1061 ‚
689 1016 754 1052 alii
770 1028 843 1051 no-

127 1075 280 1113 bilitate
299 1076 451 1119 Turni,
479 1073 546 1110 alii
566 1073 723 1109 virtutis
741 1073 843 1109 fama

129 1134 262 1170 erecti.
274 1134 323 1169 Et
340 1134 396 1168 sic
413 1132 585 1169 Servius.
607 1130 714 1167 Male
730 1133 842 1168 Pom-

125 1204 220 1240 pon.
255 1199 294 1227 et
321 1190 388 1226 alii
417 1190 537 1226 Hune
569 1201 622 1224 sc,
660 1190 842 1225 Turnum

126 1249 342 1298 accipiunt.

183 1306 266 1353 475
290 1318 376 1354 sqq.
403 1304 647 1354 Principium
669 1301 763 1339 belli
782 1303 844 1340 in-

123 1373 181 1401 ter
193 1364 352 1399 Latinos
372 1370 409 1397 et
421 1363 612 1408 Trojanos
626 1372 765 1397 cervus
777 1373 843 1396 ve-

122 1422 281 1457 natione
310 1420 586 1468 interemptuS.
614 1415 843 1466 Reprehen-

123 1491 209 1513 sum
230 1476 306 1513 hoc
322 1477 402 1523 jam
430 1475 537 1524 apud
558 1473 740 1511 Macroh.
766 1476 843 1512 Sat.

122 1537 160 1571 V
174 1563 184 1579 ,
208 1547 222 1569 1
234 1547 252 1580 7
270 1560 280 1578 ‚
301 1542 339 1569 et
354 1533 450 1568 hinc
469 1545 490 1568 a
507 1532 641 1568 multis
657 1539 845 1580 tanquam

123 1600 242 1627 tenue
266 1598 305 1627 et
324 1591 363 1625 vi
380 1591 490 1639 epica
502 1589 844 1626 destitutum.No-

122 1647 163 1684 lo
188 1646 399 1684 defendere
434 1655 605 1696 poetam.
634 1647 760 1682 Totus
780 1644 843 1682 hic

122 1705 237 1741 locus
256 1704 304 1740 de
323 1705 467 1740 caussis
482 1703 578 1740 belli
593 1704 636 1739 in
651 1704 843 1749 Trojanos

123 1763 310 1799 concitati
329 1773 471 1810 parum
490 1760 632 1810 placet.
657 1760 797 1796 Malim
823 1773 844 1795 a

122 1819 274 1868 magnis
307 1819 534 1854 animorum
563 1816 760 1863 motibus,
777 1817 845 1853 iris

123 1885 162 1913 et
178 1875 279 1913 odiis
292 1903 302 1921 ‚
318 1887 380 1911 cas
392 1874 592 1910 arcessitas
608 1885 689 1908 esse
700 1899 710 1917 ‚
725 1885 845 1921 quam

122 1946 144 1969 a
167 1931 405 1977 Discat-diae,
431 1944 501 1968 seu
522 1932 651 1968 Furiae
677 1929 843 1967 artibus.

122 1991 163 2029 Si
196 1990 316 2027 semel
351 1998 469 2040 poeta
496 2001 630 2024 rerum
656 1988 844 2024 miracula

122 2061 196 2098 pro
213 2048 358 2085 caussis
377 2045 624 2083 naturalibus
637 2045 774 2090 affert,
792 2045 843 2082 ab

123 2106 331 2155 allegorica
359 2112 463 2141 certe
495 2115 663 2153 persona
699 2103 844 2139 frustra

123 2177 166 2199 ea
203 2163 285 2212 peti
311 2171 425 2212 puto.
459 2162 543 2199 Nec
569 2169 698 2197 tamen
727 2173 843 2196 cerva

123 2220 186 2257 hic
210 2219 305 2256 belli
328 2228 386 2256 est
416 2231 575 2264 caussa3
595 2218 664 2254 sed
687 2219 842 2255 occasio

123 2286 277 2313 tantum
304 2285 342 2313 et
369 2277 542 2313 initium.
564 2276 842 2313 Nan-ationem

124 2347 282 2382 quoque
301 2334 386 2370 haec
409 2335 493 2383 ipsa
518 2346 577 2369 res
592 2359 602 2378 ,
623 2345 843 2369 concursus

123 2403 219 2426 caesa
237 2403 351 2426 cerva
374 2402 479 2427 sacra
504 2390 629 2427 factus
643 2418 653 2436 ‚
672 2403 746 2440 pro
764 2390 842 2426 illis

123 2447 367 2497 temporibus
419 2447 512 2484 facit
563 2447 812 2498 probabilem
831 2476 841 2493 ‚

123 2517 249 2553 quum
289 2503 408 2540 semel
441 2518 525 2541 non
560 2505 747 2551 consilio,
774 2505 843 2542 sed

121 2562 347 2597 animorum
381 2562 532 2611 impetu
567 2563 841 2601 committendi

119 2626 247 2655 essent
278 2619 405 2654 Latini
441 2631 532 2654 cum
571 2620 771 2666 Trojanis,
800 2629 840 2658 et

117 2689 180 2713 res
215 2675 263 2711 ad
293 2687 433 2711 manus
465 2674 709 2714 deducenda.
734 2680 838 2715 Tum

116 2741 234 2784 poeta
279 2732 485 2770 aemulatus
529 2740 692 2782 putatur
742 2735 836 2771 belli

116 2792 228 2832 Iliaci
246 2791 381 2838 initia,
403 2799 442 2827 et
473 2797 635 2827 retenta:
657 2791 699 2828 in
720 2792 835 2829 Auli-

911 785 960 822 de
999 784 1130 822 classis
1161 783 1412 822 Achivorum
1450 798 1602 824 caussas
1617 814 1627 832 ‚

908 845 1114 879 interemta
1133 842 1182 879 ab
1195 844 1493 893 Agamemnone
1514 856 1594 880 ceri
1607 858 1627 880 a

909 902 1046 937 Dianae
1079 913 1199 937 sacra.
1251 901 1427 937 Omnino
1463 901 1627 937 invento

909 958 1004 995 huic
1021 966 1149 1007 poetae
1167 966 1328 994 strenue
1344 957 1629 1003 incubuerunt,

909 1023 956 1051 ut
987 1027 1212 1065 pugnarum
1242 1022 1281 1051 et
1310 1014 1496 1052 odiorum
1516 1028 1628 1052 caus-

909 1085 967 1109 sas
991 1072 1040 1109 ah
1057 1073 1196 1109 occisis
1212 1085 1306 1109 casu
1319 1073 1439 1117 sacris
1455 1074 1630 1110 animan·

909 1130 1015 1166 tibus
1028 1158 1039 1176 ‚
1080 1142 1170 1179 quae
1205 1127 1416 1183 (ἀνειμένα
1429 1158 1440 1177 ,
1466 1127 1596 1182 ἄφετοι
1613 1131 1629 1182 )

908 1187 1034 1224 libere
1071 1196 1333 1237 vagarentur,
1372 1197 1627 1226 arcesserent.

909 1244 1100 1295 Exempla
1116 1245 1233 1282 affert
1248 1244 1372 1283 cerda
1381 1274 1392 1293 ,
1405 1245 1473 1282 sed
1485 1259 1529 1282 ea
1537 1255 1632 1283 sunt

909 1305 1153 1340 imitatorum
1167 1302 1328 1353 Virgilii
1344 1315 1354 1340 :
1372 1303 1540 1341 alterum
1555 1306 1634 1342 Sta-

912 1362 980 1407 tii,
1003 1362 1074 1410 qui
1096 1361 1222 1409 prima
1247 1372 1394 1410 pugnae
1419 1361 1583 1397 exordia
1610 1375 1632 1397 a

912 1417 1080 1469 tigribus
1099 1416 1254 1454 Baccho
1276 1418 1394 1454 sacris
1415 1416 1531 1454 duxit
1557 1417 1630 1455 lib.

911 1478 1015 1522 VII,
1035 1473 1160 1512 Theb.
1190 1475 1272 1518 564
1295 1488 1379 1524 sqq.
1403 1483 1442 1511 et
1457 1474 1546 1511 Val.
1570 1475 1629 1514 Fl.

912 1534 982 1583 qui
1004 1544 1169 1583 pugnae,
1199 1544 1275 1580 qua
1303 1532 1470 1582 Cyzicus
1502 1531 1629 1579 cadit,

912 1602 1089 1626 caussam
1122 1588 1172 1624 ab
1208 1590 1266 1625 ira
1304 1588 1473 1639 Cybeles
1504 1591 1629 1639 petit,

910 1654 1075 1697 propter
1095 1658 1240 1681 caesum
1265 1658 1420 1683 sacrum
1439 1645 1522 1683 deae
1547 1647 1630 1684 leo-

910 1717 1003 1740 nem
1030 1702 1101 1740 lib.
1134 1704 1214 1749 III,
1249 1703 1298 1739 15
1328 1716 1414 1753 sq.;
1435 1704 1506 1740 sed
1529 1704 1630 1752 Judi-

911 1762 1018 1798 cium
1038 1759 1180 1797 adhibe
1194 1788 1205 1806 ‚
1223 1761 1286 1796 uti
1307 1760 1414 1810 apud
1428 1760 1518 1798 illos
1535 1775 1630 1811 quo-

910 1831 1008 1866 que,
1034 1818 1104 1867 qui
1122 1829 1280 1867 magnas
1302 1830 1436 1855 rerum
1465 1831 1630 1856 conver-

911 1875 1041 1911 siones
1061 1888 1083 1910 a
1102 1875 1234 1923 parvis
1263 1876 1408 1911 caussis
1430 1889 1558 1926 nuper
1580 1877 1628 1913 li-

911 1930 1024 1969 bellis
1043 1931 1123 1967 suis
1144 1933 1373 1981 persequuti
1390 1941 1496 1971 sunt.

970 1997 1019 2036 47
1030 1989 1212 2032 5—483.
1233 1987 1396 2025 Animis
1416 2003 1457 2027 α.
1477 1989 1628 2041 implet.

909 2048 1171 2085 Homen'cum
1189 2045 1349 2099 θάρσους
1368 2049 1512 2089 πλῆσεν
1540 2047 1631 2100 φρέ-

908 2117 998 2151 νας,
1015 2113 1061 2141 ut
1075 2104 1177 2141 Ih'ad
1200 2117 1245 2157 ρ,
1269 2101 1364 2142 5832
1386 2106 1497 2143 Facit
1519 2119 1628 2142 nunc

909 2163 1052 2199 Alecto
1066 2190 1076 2209 ,
1108 2161 1218 2211 quod
1241 2163 1328 2199 Eris
1349 2164 1563 2200 Homerica
1578 2163 1624 2200 ΙΙ.

909 2215 954 2266 ὃ,
975 2226 1057 2264 444
1076 2219 1196 2263 νεῖκος
1216 2216 1358 2272 &gottw
1384 2217 1530 2272 ἔμβαλε
1550 2228 1625 2257 ete.

907 2300 965 2306 ——
991 2285 1088 2325 477.
1127 2279 1228 2315 Arte
1263 2291 1387 2323 nova,
1429 2290 1522 2314 cum
1551 2276 1625 2313 alia

908 2336 1065 2381 fraude,
1083 2347 1237 2372 novum
1263 2335 1399 2372 dolum
1427 2333 1625 2372 meditata.

908 2396 1032 2444 Supra
1049 2394 1090 2439 Ι,
1114 2393 1194 2440 657
1221 2405 1231 2431 :
1251 2395 1311 2429 At
1330 2390 1526 2440 Cytherea
1553 2405 1623 2428 720-

908 2464 975 2487 vas
998 2459 1125 2494 arces,
1164 2463 1268 2486 nova
1293 2456 1457 2499 pectore
1486 2459 1629 2486 versae

912 2507 1104 2544 Consilia.
1117 2528 1175 2535 —
1190 2509 1279 2556 Qua
1290 2503 1443 2544 Oudart
1454 2519 1528 2555 pro
1541 2519 1622 2544 var.

905 2565 999 2604 lect.
1029 2565 1135 2601 Bene
1155 2561 1469 2613 ‘Holdsworthus
1493 2563 1625 2601 ohser-

904 2622 1023 2658 vabat
1041 2629 1127 2656 arte
1148 2632 1252 2656 nova
1272 2632 1356 2656 non
1376 2619 1478 2657 bene
1504 2622 1622 2672 jungi

905 2691 996 2715 cum
1033 2677 1239 2727 speculata
1271 2676 1430 2723 locum3
1456 2691 1548 2716 nam
1578 2681 1623 2716 in

904 2735 1001 2782 hoc,
1022 2733 1132 2783 quod
1161 2735 1296 2772 locum
1318 2736 1621 2784 speculabatur,

904 2805 964 2829 ars
986 2792 1148 2830 Alectus
1179 2794 1345 2844 spectari
1369 2805 1452 2830 non
1474 2794 1618 2844 potuit.
