1767 3054
634 146 787 183 LIBER
821 147 936 184 vm.

1457 156 1536 204 2820

42 220 213 266 Effera.
239 223 471 266 Ductores
495 216 637 279 primi
663 219 909 279 Messapus
935 229 980 263 et
1004 219 1150 265 Ufens
1166 254 1178 276 ,

41 298 407 354 Contemtorque
431 291 572 337 deum
598 292 886 350 Mezentius,
912 293 1123 356 undiquc
1149 307 1324 357 cogunt

41 371 256 427 Auxilio,
277 380 324 415 et
348 369 467 415 latos
491 379 677 415 vastant
702 368 965 415 cultoribus
989 385 1140 431 agros.

41 446 247 492 Mittitur
266 456 313 491 et
336 445 492 507 magni
514 445 724 490 Venulus
748 445 994 492 Diomedis
1019 446 1077 491 ad
1099 445 1290 504 urbem,

39 519 135 577 Qui
154 529 283 580 petat
308 520 561 576 auxilium,
586 530 656 577 et,
678 520 814 565 Latio
840 521 1094 567 consistere
1115 525 1347 578 Teucros,
1504 546 1538 563 ιι»

37 594 303 640 Advectum
327 598 507 640 AEnean
532 594 690 652 classi,
715 594 961 656 victosque
983 594 1167 640 Penatis

35 668 243 725 Inferre,
268 680 313 714 et
340 670 446 715 satis
471 685 629 732 regem
655 686 704 715 se
732 668 889 715 dicere
909 668 1063 732 posci,

36 742 266 800 Edoceat,
292 745 557 806 multasque
581 745 686 790 viro
708 761 757 790 se
784 744 1039 807 adjungere
1063 745 1215 807 gentis

34 815 302 874 Dardanio,
328 828 374 863 et
394 817 485 862 late
509 817 645 863 Latio
672 816 1022 864 increbrescere
1046 833 1218 864 nomen
1246 836 1258 863 :

35 890 165 948 Quid
190 902 340 938 struat
364 891 437 937 his
463 892 650 954 coeptis,
677 908 841 953 quem,
865 893 903 938 si
934 893 1124 938 fortuna
1146 904 1394 954 sequatur,
1501 906 1534 934 ιε

35 965 268 1010 Eventum
295 981 464 1026 pugnae
489 966 674 1028 cupiat,
700 966 992 1012 manifestius
1015 967 1128 1028 ipsi,

34 1040 191 1096 Quam
210 1041 373 1085 Turno
395 1040 517 1102 regi,
544 1052 624 1086 aut
650 1041 748 1102 regi
775 1041 1002 1103 adparere
1023 1042 1207 1087 Latino.

99 1114 230 1159 Talia
255 1130 339 1176 per
365 1115 553 1161 Latium
576 1133 585 1159 :
607 1131 712 1176 quae
737 1115 1106 1161 Laomedontius
1132 1114 1273 1160 heros

35 1299 211 1348 accipere
257 1297 403 1334 durum
448 1311 529 1334 esse
568 1297 752 1336 arbitror.

33 1357 191 1393 Servius
210 1364 341 1393 autem
363 1368 437 1405 pro
464 1367 572 1391 more
599 1368 673 1392 suo
692 1369 753 1392 ar·

33 1421 216 1463 guntur,
235 1413 330 1449 dum
350 1412 398 1448 ad
417 1412 559 1449 ancilia
577 1424 752 1450 eommo-

33 1471 119 1506 veri
136 1470 249 1507 solita
280 1471 421 1515 refert;
444 1483 518 1505 nee
539 1482 657 1504 arma
679 1483 753 1519 pro

32 1527 249 1576 peditibus,
264 1524 454 1571 ὁπλίταις,
471 1526 512 1563 h.
524 1526 550 1562 1.
568 1525 646 1562 dici
663 1539 753 1577 pos-

32 1597 73 1621 se
96 1584 297 1622 videmur.
320 1586 380 1621 De
406 1585 592 1634 frIessapo
619 1586 752 1634 copias

33 1654 84 1678 ex
122 1643 290 1679 Etruriae
323 1641 494 1678 urbibus
530 1641 752 1679 adducente

32 1698 104 1736 lib.
124 1701 224 1746 VII,
247 1700 346 1748 691,
364 1698 412 1736 de
435 1699 579 1750 &sente
598 1700 694 1746 ⁰545,
713 1707 753 1736 et

33 1755 84 1792 de
114 1756 316 1793 blezeneio
345 1757 424 1803 647
456 1770 542 1808 sqq.
574 1757 655 1805 jam
675 1769 752 1794 me-

34 1822 253 1850 moraverat
272 1823 402 1864 poeta.

92 1883 133 1918 9.
165 1883 250 1920 sqq.
286 1871 353 1907 Ad
387 1869 620 1907 Diomedem
633 1898 644 1917 ‚
681 1872 753 1921 qui

34 1926 182 1963 auxilia
208 1935 343 1977 petant
356 1954 367 1972 ‚
385 1928 618 1973 mittuntur,
635 1929 757 1977 prop:

34 1992 95 2020 ter
131 1997 384 2022 communem
415 1985 609 2033 originem
643 1984 753 2021 Grae-

34 2053 118 2077 eam
134 2069 144 2086 ‚
169 2054 257 2092 quae
273 2043 412 2078 Turno
437 2041 638 2077 tribuitur.
659 2042 752 2078 Dio-

35 2098 158 2135 medis
193 2107 323 2135 autem
358 2099 401 2134 in
438 2099 654 2145 Trojanos,
681 2099 751 2148 qui

33 2157 153 2204 Troja
170 2165 282 2206 capta
298 2155 571 2206 profugerant,
588 2155 750 2204 ejusque

35 2214 103 2250 irae
114 2226 154 2250 se
166 2213 441 2250 subduxerant
455 2240 466 2258 ‚
487 2212 752 2249 inflammatus

34 2283 116 2308 esse
135 2270 303 2307 debebat
322 2271 489 2306 animus.
514 2272 616 2318 Quae
633 2268 752 2315 hujus

32 2327 238 2379 legationis
250 2327 410 2364 fortuna
429 2326 546 2362 fuerit
560 2353 570 2371 ‚
586 2325 686 2361 infra
700 2327 753 2362 vi-

33 2385 218 2423 debimus
240 2386 323 2429 xl,
348 2384 428 2420 226
452 2397 536 2432 sqq.
557 2383 752 2419 Venulum

34 2457 87 2481 ex
117 2443 276 2492 antiqua
298 2442 398 2478 fama
425 2440 589 2476 adscivit
615 2449 750 2490 poeta,

34 2508 228 2551 quantum
240 2511 291 2536 ex
301 2498 439 2537 Servio
451 2497 622 2548 colligas.
635 2499 754 2534 Hunc

33 2559 188 2608 inquit,
215 2556 335 2593 fuisse
363 2563 515 2593 constat
532 2556 749 2606 Argivum3

35 2626 128 2652 nam
145 2613 292 2652 Tiburs
308 2622 366 2651 est
381 2641 393 2661 ,
408 2621 454 2650 ut
475 2612 626 2650 indicat
639 2612 753 2649 locus

37 2673 122 2717 XI,
150 2671 245 2718 757.
275 2673 396 2708 Hune
424 2670 490 2707 alii
517 2670 653 2708 Lavini
682 2671 755 2705 im-

35 2739 191 2778 perasse
200 2727 296 2765 olim
306 2727 481 2766 tradunt.
494 2728 590 2765 Urbs
602 2727 716 2764 Diom
722 2740 756 2763 e-

37 2785 98 2823 dis
118 2786 315 2836 Argyripa
330 2793 401 2823 est.
419 2798 459 2823 v.
475 2785 547 2824 inf.
565 2787 638 2832 XI,
659 2785 754 2829 246.

250 2863 324 2907 111

821 1299 870 1337 ef.
892 1301 1001 1338 Serv.
1024 1298 1069 1335 ad
1091 1298 1130 1336 h.
1163 1298 1190 1335 l.
1214 1319 1272 1327 ——
1290 1311 1305 1334 1
1321 1311 1353 1336 1.
1381 1299 1536 1336 Adven-

820 1366 901 1393 tum
921 1356 1073 1394 Zulicb.
1086 1359 1197 1393 Vrat.
1222 1355 1294 1393 Ed.
1315 1357 1428 1394 Junt.
1448 1370 1539 1394 cum

821 1414 943 1451 Goth.
978 1422 1064 1450 tert.
1090 1414 1263 1450 AEneam
1291 1413 1381 1451 edd.
1419 1414 1540 1463 pleri-

820 1484 911 1520 que.
941 1470 1077 1506 Classe
1106 1469 1168 1507 ed.
1190 1473 1292 1507 Ven.
1323 1473 1540 1521 Vectosque

820 1527 927 1564 Leid.
948 1540 967 1562 a
987 1540 1039 1564 m.
1065 1540 1143 1564 sec.
1157 1549 1215 1555 —
1234 1540 1297 1565 12.
1318 1529 1373 1564 Ec
1392 1527 1535 1573 dicere,

818 1597 860 1621 se
883 1584 999 1635 posci
1027 1598 1159 1634 regem
1177 1584 1295 1636 fatiS.
1317 1598 1405 1635 sup,
1434 1588 1538 1629 VII,

821 1655 901 1689 272
924 1644 1042 1679 Hunc
1063 1641 1176 1678 illum
1190 1642 1462 1694 poscet-esula
1485 1646 1542 1682 Et

819 1713 909 1736 reor
925 1709 1000 1737 etc.
1033 1700 1229 1737 vocabulo
1261 1701 1310 1737 de
1338 1700 1426 1737 satis
1444 1714 1539 1751 pro-

818 1759 908 1807 prio
931 1757 1003 1794 lib.
1030 1760 1067 1794 V
1082 1785 1092 1801 ‚
1116 1770 1193 1804 707
1213 1761 1320 1803 ;V11
1335 1785 1346 1802 ,
1374 1758 1540 1801 584.—

824 1822 887 1858 14.
907 1814 1161 1851 Dardanium
1186 1823 1291 1851 et—
1305 1828 1450 1851 nomen
1475 1816 1538 1852 vir

818 1871 959 1908 doctus
987 1872 1030 1907 in
1060 1873 1175 1909 Mise.
1196 1872 1312 1910 Obss.
1342 1873 1412 1916 IV,
1439 1879 1536 1911 tom.

817 1930 876 1974 ΙΙ,
894 1941 934 1978 p.
952 1928 1032 1964 380
1048 1955 1059 1973 ‚
1071 1941 1154 1965 non
1170 1941 1333 1978 prorsus
1344 1928 1467 1974 male3
1485 1937 1541 1965 et-

815 1986 849 2022 si
867 1987 974 2022 enim
992 1985 1061 2021 vir
1079 1985 1308 2022 Dardanius
1330 1994 1368 2021 et
1398 1985 1538 2023 similia

816 2054 917 2091 saepe
952 2050 1198 2086 occurrunt,
1227 2050 1360 2078 tamen
1390 2055 1535 2081 nomen

816 2098 926 2135 nude
945 2099 1120 2148 positum
1145 2099 1275 2134 minus
1297 2107 1453 2148 gratum
1476 2101 1537 2138 vi-

816 2154 943 2192 detur.
971 2155 1240 2191 lncrebescere
1262 2156 1397 2207 vulgg.
1419 2156 1497 2195 vid.
1517 2160 1536 2194 1

817 2212 961 2262 Georg.
986 2212 1082 2261 359.
1117 2214 1309 2262 Asperior
1329 2226 1451 2251 sonus
1469 2227 1537 2252 an-

818 2270 999 2319 tiquioris
1032 2282 1126 2305 usus
1155 2283 1235 2306 esse
1269 2278 1308 2306 et
1330 2273 1535 2309 austerita-

818 2335 897 2363 tem
925 2327 1234 2377 gravitatemque
1253 2328 1404 2377 epicam
1429 2328 1534 2378 adju-

816 2396 911 2420 vare
952 2382 1121 2422 videtur.
1148 2405 1206 2412 —
1231 2385 1294 2422 16.
1332 2385 1435 2435 Ipsi,
1464 2388 1535 2437 qui

814 2442 895 2489 jam
924 2441 1107 2490 antiquus
1131 2442 1215 2489 ejus
1243 2443 1295 2478 sit
1321 2442 1458 2481 hostis.
1475 2465 1538 2474 --

819 2498 952 2535 «Vult
983 2506 1112 2535 autem
1139 2499 1334 2551 intelligi,
1363 2502 1417 2538 ait
1448 2503 1537 2539 Ser-

817 2556 929 2601 vius,
953 2558 1112 2593 AEneam
1138 2558 1256 2593 etiam
1280 2566 1418 2595 eontra
1434 2559 1534 2597 Dio·

817 2611 969 2649 medem
989 2612 1090 2665 bella
1112 2623 1313 2664 gesturum
1324 2642 1335 2662 ,
1352 2628 1437 2653 non
1454 2624 1540 2654 tan-

819 2678 903 2706 tum
929 2678 1091 2721 propter
1107 2683 1278 2722 praeseus
1301 2673 1534 2723 imperium,

820 2726 888 2764 sed
928 2736 968 2765 et
998 2740 1135 2766 caussa
1169 2729 1395 2769 hostilitatis
1434 2732 1535 2768 anti·

820 2797 922 2836 quae.
936 2803 956 2819 ι·

1307 2864 1369 2910 25
