<?xml version="1.0" encoding="UTF-8"?>
<!DOCTYPE html PUBLIC "-//W3C//DTD XHTML 1.0 Transitional//EN"
    "http://www.w3.org/TR/xhtml1/DTD/xhtml1-transitional.dtd">
<html xmlns="http://www.w3.org/1999/xhtml" xml:lang="en" lang="en">
 <head>
  <title>
</title>
<meta http-equiv="Content-Type" content="text/html;charset=utf-8" />
  <meta name='ocr-system' content='tesseract 3.04.00' />
  <meta name='ocr-capabilities' content='ocr_page ocr_carea ocr_par ocr_line ocrx_word'/>
</head>
<body>
  <div class='ocr_page' id='page_1' title='image "./operahey03virguoft_0312.png"; bbox 0 0 1767 3054; ppageno 0'>
   <div class='ocr_carea' id='block_1_1' title="bbox 228 162 308 199">
    <p class='ocr_par' dir='ltr' id='par_1_1' title="bbox 228 162 308 199">
     <span class='ocr_line' id='line_1_1' title="bbox 228 162 308 199; baseline -0.025 0"><span class='ocrx_word' id='word_1_1' title='bbox 228 162 308 199; x_wconf 83' lang='lat'>302</span> 
     </span>
    </p>
   </div>
   <div class='ocr_carea' id='block_1_2' title="bbox 859 150 1101 193">
    <p class='ocr_par' dir='ltr' id='par_1_2' title="bbox 859 150 1101 193">
     <span class='ocr_line' id='line_1_2' title="bbox 859 150 1101 193; baseline 0.004 -1"><span class='ocrx_word' id='word_1_2' title='bbox 859 150 1101 193; x_wconf 67' lang='lat' dir='ltr'>&#39;AENEIDOS</span> 
     </span>
    </p>
   </div>
   <div class='ocr_carea' id='block_1_3' title="bbox 221 226 1495 366">
    <p class='ocr_par' dir='ltr' id='par_1_3' title="bbox 221 226 1495 366">
     <span class='ocr_line' id='line_1_3' title="bbox 221 226 1495 288; baseline -0.005 -7"><span class='ocrx_word' id='word_1_3' title='bbox 221 229 658 280; x_wconf 86' lang='lat' dir='ltr'>Laomedontiaden</span> <span class='ocrx_word' id='word_1_4' title='bbox 682 227 943 286; x_wconf 78' lang='lat' dir='ltr'>Priamum,</span> <span class='ocrx_word' id='word_1_5' title='bbox 972 226 1208 274; x_wconf 82' lang='lat' dir='ltr'>Salamina</span> <span class='ocrx_word' id='word_1_6' title='bbox 1233 236 1495 288; x_wconf 86' lang='lat' dir='ltr'>petentem,</span> 
     </span>
     <span class='ocr_line' id='line_1_4' title="bbox 222 302 1265 366; baseline -0.01 -9"><span class='ocrx_word' id='word_1_7' title='bbox 222 314 454 357; x_wconf 88' lang='lat' dir='ltr'>Protenus</span> <span class='ocrx_word' id='word_1_8' title='bbox 475 305 690 353; x_wconf 79' lang='lat' dir='ltr'>Arcadiae</span> <span class='ocrx_word' id='word_1_9' title='bbox 716 303 894 366; x_wconf 78' lang='lat' dir='ltr'>gelidos</span> <span class='ocrx_word' id='word_1_10' title='bbox 920 304 1124 348; x_wconf 80' lang='lat' dir='ltr'>invisere</span> <span class='ocrx_word' id='word_1_11' title='bbox 1147 302 1265 348; x_wconf 88' lang='lat' dir='ltr'>finis.</span> 
     </span>
    </p>
   </div>
   <div class='ocr_carea' id='block_1_4' title="bbox 220 377 1422 443">
    <p class='ocr_par' dir='ltr' id='par_1_4' title="bbox 220 377 1422 443">
     <span class='ocr_line' id='line_1_5' title="bbox 220 377 1422 443; baseline -0.007 -11"><span class='ocrx_word' id='word_1_12' title='bbox 220 388 341 432; x_wconf 89' lang='lat' dir='ltr'>Tum</span> <span class='ocrx_word' id='word_1_13' title='bbox 364 382 481 429; x_wconf 89' lang='lat' dir='ltr'>mihi</span> <span class='ocrx_word' id='word_1_14' title='bbox 504 382 657 443; x_wconf 88' lang='lat' dir='ltr'>prima</span> <span class='ocrx_word' id='word_1_15' title='bbox 682 395 823 440; x_wconf 79' lang='lat' dir='ltr'>genas</span> <span class='ocrx_word' id='word_1_16' title='bbox 846 377 1049 423; x_wconf 79' lang='lat' dir='ltr'>vestibat</span> <span class='ocrx_word' id='word_1_17' title='bbox 1067 378 1184 423; x_wconf 85' lang='lat' dir='ltr'>flore</span> <span class='ocrx_word' id='word_1_18' title='bbox 1201 380 1422 441; x_wconf 80' lang='lat' dir='ltr'>juventa3</span> 
     </span>
    </p>
   </div>
   <div class='ocr_carea' id='block_1_5' title="bbox 1662 387 1724 418">
    <p class='ocr_par' dir='ltr' id='par_1_5' title="bbox 1662 387 1724 418">
     <span class='ocr_line' id='line_1_6' title="bbox 1662 387 1724 418; baseline 0 -1"><span class='ocrx_word' id='word_1_19' title='bbox 1662 387 1724 418; x_wconf 83' lang='lat'>160</span> 
     </span>
    </p>
   </div>
   <div class='ocr_carea' id='block_1_6' title="bbox 222 451 1544 742">
    <p class='ocr_par' dir='ltr' id='par_1_6' title="bbox 222 451 1439 589">
     <span class='ocr_line' id='line_1_7' title="bbox 222 451 1439 518; baseline -0.006 -12"><span class='ocrx_word' id='word_1_20' title='bbox 222 458 532 518; x_wconf 86' lang='lat' dir='ltr'>Mirabarque</span> <span class='ocrx_word' id='word_1_21' title='bbox 556 455 698 500; x_wconf 87' lang='lat' dir='ltr'>duces</span> <span class='ocrx_word' id='word_1_22' title='bbox 723 456 955 508; x_wconf 83' lang='lat' dir='ltr'>Teucros,</span> <span class='ocrx_word' id='word_1_23' title='bbox 981 451 1190 498; x_wconf 84' lang='lat' dir='ltr'>mirabar</span> <span class='ocrx_word' id='word_1_24' title='bbox 1214 464 1260 498; x_wconf 88' lang='lat' dir='ltr'>et</span> <span class='ocrx_word' id='word_1_25' title='bbox 1282 454 1439 515; x_wconf 90' lang='lat' dir='ltr'>ipsum</span> 
     </span>
     <span class='ocr_line' id='line_1_8' title="bbox 223 525 1284 589; baseline -0.008 -8"><span class='ocrx_word' id='word_1_26' title='bbox 223 529 682 585; x_wconf 82' lang='lat' dir='ltr'>Laomedontiaden3</span> <span class='ocrx_word' id='word_1_27' title='bbox 710 526 791 572; x_wconf 88' lang='lat' dir='ltr'>sed</span> <span class='ocrx_word' id='word_1_28' title='bbox 814 525 995 571; x_wconf 86' lang='lat' dir='ltr'>cunctis</span> <span class='ocrx_word' id='word_1_29' title='bbox 1022 525 1160 570; x_wconf 91' lang='lat' dir='ltr'>altior</span> <span class='ocrx_word' id='word_1_30' title='bbox 1182 526 1284 589; x_wconf 84' lang='lat' dir='ltr'>ibat</span> 
     </span>
    </p>

    <p class='ocr_par' dir='ltr' id='par_1_7' title="bbox 222 599 1544 742">
     <span class='ocr_line' id='line_1_9' title="bbox 222 599 1431 663; baseline -0.007 -8"><span class='ocrx_word' id='word_1_31' title='bbox 222 608 452 655; x_wconf 80' lang='lat' dir='ltr'>Anchises</span> <span class='ocrx_word' id='word_1_32' title='bbox 478 621 486 648; x_wconf 92' lang='lat'>:</span> <span class='ocrx_word' id='word_1_33' title='bbox 514 602 631 648; x_wconf 87' lang='lat' dir='ltr'>mihi</span> <span class='ocrx_word' id='word_1_34' title='bbox 656 617 787 647; x_wconf 89' lang='lat' dir='ltr'>mens</span> <span class='ocrx_word' id='word_1_35' title='bbox 807 599 1020 663; x_wconf 76' lang='lat' dir='ltr'>juvenali</span> <span class='ocrx_word' id='word_1_36' title='bbox 1049 599 1249 646; x_wconf 75' lang='lat' dir='ltr'>ardebat</span> <span class='ocrx_word' id='word_1_37' title='bbox 1270 617 1431 647; x_wconf 90' lang='lat' dir='ltr'>amore</span> 
     </span>
     <span class='ocr_line' id='line_1_10' title="bbox 225 674 1544 742; baseline -0.005 -15"><span class='ocrx_word' id='word_1_38' title='bbox 225 679 503 742; x_wconf 87' lang='lat' dir='ltr'>Conpellare</span> <span class='ocrx_word' id='word_1_39' title='bbox 524 676 681 722; x_wconf 85' lang='lat' dir='ltr'>virum</span> <span class='ocrx_word' id='word_1_40' title='bbox 695 711 706 732; x_wconf 93' lang='lat'>‚</span> <span class='ocrx_word' id='word_1_41' title='bbox 737 686 783 721; x_wconf 94' lang='lat' dir='ltr'>et</span> <span class='ocrx_word' id='word_1_42' title='bbox 805 675 984 720; x_wconf 79' lang='lat' dir='ltr'>dextrae</span> <span class='ocrx_word' id='word_1_43' title='bbox 1007 675 1293 736; x_wconf 83' lang='lat' dir='ltr'>conjungere</span> <span class='ocrx_word' id='word_1_44' title='bbox 1315 674 1544 721; x_wconf 83' lang='lat' dir='ltr'>dextram.</span> 
     </span>
    </p>
   </div>
   <div class='ocr_carea' id='block_1_7' title="bbox 223 747 1414 813">
    <p class='ocr_par' dir='ltr' id='par_1_8' title="bbox 223 747 1414 813">
     <span class='ocr_line' id='line_1_11' title="bbox 223 747 1414 813; baseline -0.007 -12"><span class='ocrx_word' id='word_1_45' title='bbox 223 753 442 810; x_wconf 87' lang='lat' dir='ltr'>Adeessi,</span> <span class='ocrx_word' id='word_1_46' title='bbox 466 763 512 797; x_wconf 88' lang='lat' dir='ltr'>et</span> <span class='ocrx_word' id='word_1_47' title='bbox 537 750 738 813; x_wconf 87' lang='lat' dir='ltr'>cupidus</span> <span class='ocrx_word' id='word_1_48' title='bbox 767 748 944 794; x_wconf 81' lang='lat' dir='ltr'>Phenei</span> <span class='ocrx_word' id='word_1_49' title='bbox 972 747 1060 794; x_wconf 87' lang='lat' dir='ltr'>sub</span> <span class='ocrx_word' id='word_1_50' title='bbox 1086 749 1258 794; x_wconf 87' lang='lat' dir='ltr'>moenia</span> <span class='ocrx_word' id='word_1_51' title='bbox 1282 748 1414 795; x_wconf 83' lang='lat' dir='ltr'>duxi.</span> 
     </span>
    </p>
   </div>
   <div class='ocr_carea' id='block_1_8' title="bbox 1669 757 1736 789">
    <p class='ocr_par' dir='ltr' id='par_1_9' title="bbox 1669 757 1736 789">
     <span class='ocr_line' id='line_1_12' title="bbox 1669 757 1736 789; baseline -0.03 0"><span class='ocrx_word' id='word_1_52' title='bbox 1669 757 1736 789; x_wconf 74' lang='lat'>165&#39;</span> 
     </span>
    </p>
   </div>
   <div class='ocr_carea' id='block_1_9' title="bbox 221 823 1644 1117">
    <p class='ocr_par' dir='ltr' id='par_1_10' title="bbox 221 823 1644 1117">
     <span class='ocr_line' id='line_1_13' title="bbox 221 823 1506 888; baseline -0.006 -10"><span class='ocrx_word' id='word_1_53' title='bbox 221 830 308 878; x_wconf 89' lang='lat' dir='ltr'>Ille</span> <span class='ocrx_word' id='word_1_54' title='bbox 333 827 452 874; x_wconf 91' lang='lat' dir='ltr'>mihi</span> <span class='ocrx_word' id='word_1_55' title='bbox 475 826 705 888; x_wconf 82' lang='lat' dir='ltr'>insignem</span> <span class='ocrx_word' id='word_1_56' title='bbox 729 823 1004 886; x_wconf 80' lang='lat' dir='ltr'>pharetram</span> <span class='ocrx_word' id='word_1_57' title='bbox 1027 823 1292 885; x_wconf 82' lang='lat' dir='ltr'>Lyciasque</span> <span class='ocrx_word' id='word_1_58' title='bbox 1314 824 1506 886; x_wconf 84' lang='lat' dir='ltr'>sagittas</span> 
     </span>
     <span class='ocr_line' id='line_1_14' title="bbox 225 896 1566 959; baseline -0.007 -7"><span class='ocrx_word' id='word_1_59' title='bbox 225 904 481 952; x_wconf 75' lang='lat' dir='ltr'>Discedens</span> <span class='ocrx_word' id='word_1_60' title='bbox 495 937 506 958; x_wconf 91' lang='lat'>‚</span> <span class='ocrx_word' id='word_1_61' title='bbox 531 898 923 959; x_wconf 80' lang='lat' dir='ltr'>chlamydemque</span> <span class='ocrx_word' id='word_1_62' title='bbox 946 913 1062 943; x_wconf 90' lang='lat' dir='ltr'>auro</span> <span class='ocrx_word' id='word_1_63' title='bbox 1083 896 1214 941; x_wconf 91' lang='lat' dir='ltr'>dedit</span> <span class='ocrx_word' id='word_1_64' title='bbox 1237 896 1566 956; x_wconf 82' lang='lat' dir='ltr'>intertextam,</span> 
     </span>
     <span class='ocr_line' id='line_1_15' title="bbox 225 970 1643 1040; baseline -0.008 -14"><span class='ocrx_word' id='word_1_65' title='bbox 225 984 473 1040; x_wconf 81' lang='lat' dir='ltr'>Frenaque</span> <span class='ocrx_word' id='word_1_66' title='bbox 494 975 630 1030; x_wconf 84' lang='lat' dir='ltr'>bina,</span> <span class='ocrx_word' id='word_1_67' title='bbox 655 990 786 1019; x_wconf 89' lang='lat' dir='ltr'>meus</span> <span class='ocrx_word' id='word_1_68' title='bbox 803 988 918 1034; x_wconf 56' lang='lat' dir='ltr'>&gt;quae</span> <span class='ocrx_word' id='word_1_69' title='bbox 941 987 1067 1018; x_wconf 91' lang='lat' dir='ltr'>nunc</span> <span class='ocrx_word' id='word_1_70' title='bbox 1091 970 1261 1029; x_wconf 87' lang='lat' dir='ltr'>habet,</span> <span class='ocrx_word' id='word_1_71' title='bbox 1288 987 1453 1029; x_wconf 86' lang='lat' dir='ltr'>aurea,</span> <span class='ocrx_word' id='word_1_72' title='bbox 1480 971 1643 1018; x_wconf 82' lang='lat' dir='ltr'>Pallas.</span> 
     </span>
     <span class='ocr_line' id='line_1_16' title="bbox 228 1046 1644 1117; baseline -0.007 -15"><span class='ocrx_word' id='word_1_73' title='bbox 228 1059 354 1117; x_wconf 80' lang='lat' dir='ltr'>Ergo</span> <span class='ocrx_word' id='word_1_74' title='bbox 378 1064 446 1110; x_wconf 86' lang='lat' dir='ltr'>et,</span> <span class='ocrx_word' id='word_1_75' title='bbox 469 1066 612 1114; x_wconf 90' lang='lat' dir='ltr'>quam</span> <span class='ocrx_word' id='word_1_76' title='bbox 632 1049 816 1112; x_wconf 82' lang='lat' dir='ltr'>petitis,</span> <span class='ocrx_word' id='word_1_77' title='bbox 835 1048 1000 1110; x_wconf 86' lang='lat' dir='ltr'>juncta</span> <span class='ocrx_word' id='word_1_78' title='bbox 1022 1059 1091 1094; x_wconf 87' lang='lat' dir='ltr'>est</span> <span class='ocrx_word' id='word_1_79' title='bbox 1114 1046 1232 1092; x_wconf 88' lang='lat' dir='ltr'>mihi</span> <span class='ocrx_word' id='word_1_80' title='bbox 1254 1046 1430 1093; x_wconf 89' lang='lat' dir='ltr'>foedere</span> <span class='ocrx_word' id='word_1_81' title='bbox 1453 1047 1644 1104; x_wconf 84' lang='lat' dir='ltr'>dextra;</span> 
     </span>
    </p>
   </div>
   <div class='ocr_carea' id='block_1_10' title="bbox 227 1121 1491 1188">
    <p class='ocr_par' dir='ltr' id='par_1_11' title="bbox 227 1121 1491 1188">
     <span class='ocr_line' id='line_1_17' title="bbox 227 1121 1491 1188; baseline -0.006 -13"><span class='ocrx_word' id='word_1_82' title='bbox 227 1133 310 1185; x_wconf 87' lang='lat' dir='ltr'>Et,</span> <span class='ocrx_word' id='word_1_83' title='bbox 331 1129 414 1173; x_wconf 83' lang='lat' dir='ltr'>lux</span> <span class='ocrx_word' id='word_1_84' title='bbox 438 1142 586 1188; x_wconf 89' lang='lat' dir='ltr'>quum</span> <span class='ocrx_word' id='word_1_85' title='bbox 611 1124 818 1186; x_wconf 87' lang='lat' dir='ltr'>primum</span> <span class='ocrx_word' id='word_1_86' title='bbox 843 1123 979 1169; x_wconf 87' lang='lat' dir='ltr'>terris</span> <span class='ocrx_word' id='word_1_87' title='bbox 1003 1138 1051 1167; x_wconf 84' lang='lat' dir='ltr'>se</span> <span class='ocrx_word' id='word_1_88' title='bbox 1078 1122 1280 1167; x_wconf 87' lang='lat' dir='ltr'>crastina</span> <span class='ocrx_word' id='word_1_89' title='bbox 1301 1121 1491 1179; x_wconf 84' lang='lat' dir='ltr'>reddet,</span> 
     </span>
    </p>
   </div>
   <div class='ocr_carea' id='block_1_11' title="bbox 1671 1142 1730 1173">
    <p class='ocr_par' dir='ltr' id='par_1_12' title="bbox 1671 1142 1730 1173">
     <span class='ocr_line' id='line_1_18' title="bbox 1671 1142 1730 1173; baseline -0.017 -11"><span class='ocrx_word' id='word_1_90' title='bbox 1671 1142 1730 1173; x_wconf 77' lang='lat'>170</span> 
     </span>
    </p>
   </div>
   <div class='ocr_carea' id='block_1_12' title="bbox 230 1195 1657 1487">
    <p class='ocr_par' dir='ltr' id='par_1_13' title="bbox 230 1195 1371 1259">
     <span class='ocr_line' id='line_1_19' title="bbox 230 1195 1371 1259; baseline -0.007 -9"><span class='ocrx_word' id='word_1_91' title='bbox 230 1203 423 1251; x_wconf 81' lang='lat' dir='ltr'>Auxilio</span> <span class='ocrx_word' id='word_1_92' title='bbox 447 1202 579 1247; x_wconf 85' lang='lat' dir='ltr'>laetos</span> <span class='ocrx_word' id='word_1_93' title='bbox 603 1199 860 1255; x_wconf 85' lang='lat' dir='ltr'>dimittam,</span> <span class='ocrx_word' id='word_1_94' title='bbox 888 1197 1155 1259; x_wconf 85' lang='lat' dir='ltr'>opibusque</span> <span class='ocrx_word' id='word_1_95' title='bbox 1174 1195 1371 1259; x_wconf 86' lang='lat' dir='ltr'>juvabo.</span> 
     </span>
    </p>

    <p class='ocr_par' dir='ltr' id='par_1_14' title="bbox 231 1272 1657 1487">
     <span class='ocr_line' id='line_1_20' title="bbox 231 1272 1466 1335; baseline -0.006 -9"><span class='ocrx_word' id='word_1_96' title='bbox 231 1285 422 1326; x_wconf 87' lang='lat' dir='ltr'>Interea</span> <span class='ocrx_word' id='word_1_97' title='bbox 446 1292 579 1323; x_wconf 87' lang='lat' dir='ltr'>saera</span> <span class='ocrx_word' id='word_1_98' title='bbox 598 1275 723 1332; x_wconf 78' lang='lat' dir='ltr'>haee,</span> <span class='ocrx_word' id='word_1_99' title='bbox 745 1273 937 1335; x_wconf 89' lang='lat' dir='ltr'>quando</span> <span class='ocrx_word' id='word_1_100' title='bbox 964 1272 1059 1318; x_wconf 89' lang='lat' dir='ltr'>huc</span> <span class='ocrx_word' id='word_1_101' title='bbox 1083 1272 1278 1318; x_wconf 86' lang='lat' dir='ltr'>venistis</span> <span class='ocrx_word' id='word_1_102' title='bbox 1301 1272 1466 1331; x_wconf 89' lang='lat' dir='ltr'>amici,</span> 
     </span>
     <span class='ocr_line' id='line_1_21' title="bbox 233 1347 1442 1415; baseline -0.007 -13"><span class='ocrx_word' id='word_1_103' title='bbox 233 1362 427 1413; x_wconf 85' lang='lat' dir='ltr'>Annua,</span> <span class='ocrx_word' id='word_1_104' title='bbox 451 1368 556 1415; x_wconf 86' lang='lat' dir='ltr'>quae</span> <span class='ocrx_word' id='word_1_105' title='bbox 577 1351 771 1397; x_wconf 84' lang='lat' dir='ltr'>differre</span> <span class='ocrx_word' id='word_1_106' title='bbox 795 1350 948 1406; x_wconf 83' lang='lat' dir='ltr'>nefas,</span> <span class='ocrx_word' id='word_1_107' title='bbox 973 1347 1209 1394; x_wconf 85' lang='lat' dir='ltr'>celebrate</span> <span class='ocrx_word' id='word_1_108' title='bbox 1231 1347 1442 1395; x_wconf 85' lang='lat' dir='ltr'>faventes</span> 
     </span>
     <span class='ocr_line' id='line_1_22' title="bbox 232 1422 1657 1487; baseline -0.008 -10"><span class='ocrx_word' id='word_1_109' title='bbox 232 1429 518 1485; x_wconf 86' lang='lat' dir='ltr'>Nobiscum,</span> <span class='ocrx_word' id='word_1_110' title='bbox 545 1436 591 1472; x_wconf 87' lang='lat' dir='ltr'>et</span> <span class='ocrx_word' id='word_1_111' title='bbox 609 1426 707 1487; x_wconf 85' lang='lat' dir='ltr'>jam</span> <span class='ocrx_word' id='word_1_112' title='bbox 727 1440 853 1470; x_wconf 88' lang='lat' dir='ltr'>nune</span> <span class='ocrx_word' id='word_1_113' title='bbox 879 1423 1118 1470; x_wconf 89' lang='lat' dir='ltr'>sociorum</span> <span class='ocrx_word' id='word_1_114' title='bbox 1141 1422 1403 1469; x_wconf 87' lang='lat' dir='ltr'>adsuescite</span> <span class='ocrx_word' id='word_1_115' title='bbox 1425 1422 1611 1470; x_wconf 89' lang='lat' dir='ltr'>mensis.</span> <span class='ocrx_word' id='word_1_116' title='bbox 1637 1442 1657 1462; x_wconf 70' lang='lat'>&gt;2</span> 
     </span>
    </p>
   </div>
   <div class='ocr_carea' id='block_1_13' title="bbox 232 1593 956 2274">
    <p class='ocr_par' dir='ltr' id='par_1_15' title="bbox 232 1593 956 2274">
     <span class='ocr_line' id='line_1_23' title="bbox 232 1593 948 1648; baseline -0.008 -13"><span class='ocrx_word' id='word_1_117' title='bbox 232 1610 354 1648; x_wconf 87' lang='lat' dir='ltr'>pore,</span> <span class='ocrx_word' id='word_1_118' title='bbox 388 1594 430 1631; x_wconf 82' lang='lat' dir='ltr'>id</span> <span class='ocrx_word' id='word_1_119' title='bbox 460 1607 555 1631; x_wconf 85' lang='lat' dir='ltr'>vero</span> <span class='ocrx_word' id='word_1_120' title='bbox 590 1602 669 1638; x_wconf 88' lang='lat' dir='ltr'>est,</span> <span class='ocrx_word' id='word_1_121' title='bbox 703 1593 812 1642; x_wconf 87' lang='lat' dir='ltr'>quod</span> <span class='ocrx_word' id='word_1_122' title='bbox 840 1594 948 1643; x_wconf 79' lang='lat' dir='ltr'>inge-</span> 
     </span>
     <span class='ocr_line' id='line_1_24' title="bbox 232 1649 946 1703; baseline -0.007 -11"><span class='ocrx_word' id='word_1_123' title='bbox 232 1657 346 1692; x_wconf 90' lang='lat' dir='ltr'>nium</span> <span class='ocrx_word' id='word_1_124' title='bbox 369 1661 497 1703; x_wconf 86' lang='lat' dir='ltr'>poetae</span> <span class='ocrx_word' id='word_1_125' title='bbox 520 1650 795 1688; x_wconf 87' lang='lat' dir='ltr'>commendare</span> <span class='ocrx_word' id='word_1_126' title='bbox 816 1649 946 1688; x_wconf 86' lang='lat' dir='ltr'>debet.</span> 
     </span>
     <span class='ocr_line' id='line_1_25' title="bbox 233 1707 950 1760; baseline -0.006 -12"><span class='ocrx_word' id='word_1_127' title='bbox 233 1735 291 1742; x_wconf 87' lang='lat'>-—-</span> <span class='ocrx_word' id='word_1_128' title='bbox 316 1712 409 1760; x_wconf 85' lang='lat'>159.</span> <span class='ocrx_word' id='word_1_129' title='bbox 430 1708 616 1747; x_wconf 81' lang='lat' dir='ltr'>Protinus</span> <span class='ocrx_word' id='word_1_130' title='bbox 633 1709 734 1745; x_wconf 88' lang='lat' dir='ltr'>Pier.</span> <span class='ocrx_word' id='word_1_131' title='bbox 755 1716 793 1743; x_wconf 88' lang='lat' dir='ltr'>et</span> <span class='ocrx_word' id='word_1_132' title='bbox 809 1707 857 1745; x_wconf 89' lang='lat' dir='ltr'>al.</span> <span class='ocrx_word' id='word_1_133' title='bbox 873 1735 883 1753; x_wconf 85' lang='lat'>,</span> <span class='ocrx_word' id='word_1_134' title='bbox 904 1717 950 1744; x_wconf 90' lang='lat' dir='ltr'>ut</span> 
     </span>
     <span class='ocr_line' id='line_1_26' title="bbox 236 1765 948 1815; baseline -0.01 -8"><span class='ocrx_word' id='word_1_135' title='bbox 236 1770 354 1814; x_wconf 83' lang='lat' dir='ltr'>alibi,</span> <span class='ocrx_word' id='word_1_136' title='bbox 384 1768 423 1804; x_wconf 90' lang='lat' dir='ltr'>h.</span> <span class='ocrx_word' id='word_1_137' title='bbox 454 1767 482 1803; x_wconf 92' lang='grc'>1.</span> <span class='ocrx_word' id='word_1_138' title='bbox 511 1774 568 1802; x_wconf 88' lang='lat' dir='ltr'>est</span> <span class='ocrx_word' id='word_1_139' title='bbox 596 1777 742 1815; x_wconf 90' lang='lat' dir='ltr'>porro,</span> <span class='ocrx_word' id='word_1_140' title='bbox 780 1765 948 1801; x_wconf 88' lang='lat' dir='ltr'>ulterius</span> 
     </span>
     <span class='ocr_line' id='line_1_27' title="bbox 233 1820 951 1878; baseline -0.008 -15"><span class='ocrx_word' id='word_1_141' title='bbox 233 1824 448 1878; x_wconf 83' lang='lat' dir='ltr'>pergendo.</span> <span class='ocrx_word' id='word_1_142' title='bbox 480 1823 665 1860; x_wconf 82' lang='lat' dir='ltr'>Ceterum</span> <span class='ocrx_word' id='word_1_143' title='bbox 691 1820 859 1858; x_wconf 88' lang='lat' dir='ltr'>offendit</span> <span class='ocrx_word' id='word_1_144' title='bbox 888 1821 951 1858; x_wconf 78' lang='lat' dir='ltr'>vi-</span> 
     </span>
     <span class='ocr_line' id='line_1_28' title="bbox 233 1878 951 1921; baseline -0.01 0"><span class='ocrx_word' id='word_1_145' title='bbox 233 1892 381 1921; x_wconf 76' lang='lat' dir='ltr'>sentem</span> <span class='ocrx_word' id='word_1_146' title='bbox 409 1880 589 1917; x_wconf 81' lang='lat' dir='ltr'>invisere.</span> <span class='ocrx_word' id='word_1_147' title='bbox 609 1878 725 1915; x_wconf 78' lang='lat' dir='ltr'>Vidit</span> <span class='ocrx_word' id='word_1_148' title='bbox 746 1878 823 1915; x_wconf 89' lang='lat' dir='ltr'>hoc</span> <span class='ocrx_word' id='word_1_149' title='bbox 844 1878 951 1915; x_wconf 88' lang='lat' dir='ltr'>idem</span> 
     </span>
     <span class='ocr_line' id='line_1_29' title="bbox 235 1937 950 1992; baseline -0.008 -14"><span class='ocrx_word' id='word_1_150' title='bbox 235 1954 352 1992; x_wconf 81' lang='lat' dir='ltr'>sagax</span> <span class='ocrx_word' id='word_1_151' title='bbox 379 1940 464 1985; x_wconf 87' lang='lat' dir='ltr'>vir,</span> <span class='ocrx_word' id='word_1_152' title='bbox 489 1940 574 1976; x_wconf 79' lang='lat' dir='ltr'>JaC.</span> <span class='ocrx_word' id='word_1_153' title='bbox 602 1938 777 1987; x_wconf 81' lang='lat' dir='ltr'>Bryant,</span> <span class='ocrx_word' id='word_1_154' title='bbox 803 1937 873 1986; x_wconf 87' lang='lat' dir='ltr'>qui</span> <span class='ocrx_word' id='word_1_155' title='bbox 892 1944 950 1973; x_wconf 85' lang='lat' dir='ltr'>to-</span> 
     </span>
     <span class='ocr_line' id='line_1_30' title="bbox 233 1994 950 2036; baseline -0.007 -2"><span class='ocrx_word' id='word_1_156' title='bbox 233 2009 320 2036; x_wconf 88' lang='lat' dir='ltr'>tum</span> <span class='ocrx_word' id='word_1_157' title='bbox 349 2008 507 2033; x_wconf 81' lang='lat' dir='ltr'>versum</span> <span class='ocrx_word' id='word_1_158' title='bbox 535 1994 735 2031; x_wconf 86' lang='lat' dir='ltr'>sublatum</span> <span class='ocrx_word' id='word_1_159' title='bbox 765 2007 845 2030; x_wconf 86' lang='lat' dir='ltr'>esse</span> <span class='ocrx_word' id='word_1_160' title='bbox 868 2006 950 2029; x_wconf 91' lang='lat' dir='ltr'>ma-</span> 
     </span>
     <span class='ocr_line' id='line_1_31' title="bbox 232 2050 950 2105; baseline -0.011 -12"><span class='ocrx_word' id='word_1_161' title='bbox 232 2057 279 2093; x_wconf 88' lang='lat' dir='ltr'>lit</span> <span class='ocrx_word' id='word_1_162' title='bbox 293 2084 302 2101; x_wconf 92' lang='lat'>,</span> <span class='ocrx_word' id='word_1_163' title='bbox 330 2056 479 2105; x_wconf 88' lang='lat' dir='ltr'>quippe</span> <span class='ocrx_word' id='word_1_164' title='bbox 502 2053 675 2090; x_wconf 87' lang='lat' dir='ltr'>otiosum</span> <span class='ocrx_word' id='word_1_165' title='bbox 702 2050 749 2086; x_wconf 91' lang='lat' dir='ltr'>ad</span> <span class='ocrx_word' id='word_1_166' title='bbox 767 2064 926 2087; x_wconf 86' lang='lat' dir='ltr'>sensum</span> <span class='ocrx_word' id='word_1_167' title='bbox 939 2078 950 2096; x_wconf 89' lang='lat'>,</span> 
     </span>
     <span class='ocr_line' id='line_1_32' title="bbox 235 2108 952 2163; baseline -0.01 -13"><span class='ocrx_word' id='word_1_168' title='bbox 235 2122 275 2150; x_wconf 86' lang='lat' dir='ltr'>et</span> <span class='ocrx_word' id='word_1_169' title='bbox 296 2114 452 2163; x_wconf 85' lang='lat' dir='ltr'>ingrato</span> <span class='ocrx_word' id='word_1_170' title='bbox 483 2109 603 2153; x_wconf 83' lang='lat' dir='ltr'>modo</span> <span class='ocrx_word' id='word_1_171' title='bbox 632 2108 952 2157; x_wconf 86' lang='lat' dir='ltr'>interpellantem</span> 
     </span>
     <span class='ocr_line' id='line_1_33' title="bbox 236 2164 952 2220; baseline -0.01 -13"><span class='ocrx_word' id='word_1_172' title='bbox 236 2170 401 2220; x_wconf 86' lang='lat' dir='ltr'>reliqua.</span> <span class='ocrx_word' id='word_1_173' title='bbox 425 2170 575 2204; x_wconf 86' lang='lat' dir='ltr'>Verum</span> <span class='ocrx_word' id='word_1_174' title='bbox 587 2193 597 2212; x_wconf 87' lang='lat'>,</span> <span class='ocrx_word' id='word_1_175' title='bbox 616 2168 648 2202; x_wconf 84' lang='lat' dir='ltr'>si</span> <span class='ocrx_word' id='word_1_176' title='bbox 664 2165 707 2201; x_wconf 87' lang='lat' dir='ltr'>id</span> <span class='ocrx_word' id='word_1_177' title='bbox 724 2165 861 2201; x_wconf 85' lang='lat' dir='ltr'>feceris</span> <span class='ocrx_word' id='word_1_178' title='bbox 877 2193 887 2210; x_wconf 86' lang='lat'>,</span> <span class='ocrx_word' id='word_1_179' title='bbox 904 2164 952 2201; x_wconf 86' lang='lat' dir='ltr'>ad</span> 
     </span>
     <span class='ocr_line' id='line_1_34' title="bbox 237 2222 956 2274; baseline -0.008 -10"><span class='ocrx_word' id='word_1_180' title='bbox 237 2227 473 2264; x_wconf 88' lang='lat' dir='ltr'>sententiam</span> <span class='ocrx_word' id='word_1_181' title='bbox 518 2222 756 2274; x_wconf 82' lang='lat' dir='ltr'>explendam</span> <span class='ocrx_word' id='word_1_182' title='bbox 812 2223 956 2259; x_wconf 85' lang='lat' dir='ltr'>senties</span> 
     </span>
    </p>
   </div>
   <div class='ocr_carea' id='block_1_14' title="bbox 240 2279 958 2334">
    <p class='ocr_par' dir='ltr' id='par_1_16' title="bbox 240 2279 958 2334">
     <span class='ocr_line' id='line_1_35' title="bbox 240 2279 958 2334; baseline -0.008 -13"><span class='ocrx_word' id='word_1_183' title='bbox 240 2282 390 2334; x_wconf 83' lang='lat' dir='ltr'>aliquid</span> <span class='ocrx_word' id='word_1_184' title='bbox 419 2280 601 2320; x_wconf 88' lang='lat' dir='ltr'>deficere.</span> <span class='ocrx_word' id='word_1_185' title='bbox 623 2301 680 2308; x_wconf 92' lang='lat'>—-</span> <span class='ocrx_word' id='word_1_186' title='bbox 704 2280 797 2317; x_wconf 91' lang='lat'>160.</span> <span class='ocrx_word' id='word_1_187' title='bbox 833 2279 958 2316; x_wconf 79' lang='lat' dir='ltr'>Vesci-</span> 
     </span>
    </p>
   </div>
   <div class='ocr_carea' id='block_1_15' title="bbox 239 2337 955 2787">
    <p class='ocr_par' dir='ltr' id='par_1_17' title="bbox 239 2337 955 2787">
     <span class='ocr_line' id='line_1_36' title="bbox 240 2337 955 2390; baseline -0.003 -14"><span class='ocrx_word' id='word_1_188' title='bbox 240 2343 309 2378; x_wconf 78' lang='lat' dir='ltr'>bac</span> <span class='ocrx_word' id='word_1_189' title='bbox 335 2354 401 2377; x_wconf 88' lang='lat' dir='ltr'>ore</span> <span class='ocrx_word' id='word_1_190' title='bbox 419 2339 469 2390; x_wconf 90' lang='lat' dir='ltr'>j.,</span> <span class='ocrx_word' id='word_1_191' title='bbox 504 2337 702 2383; x_wconf 64' lang='grc' dir='ltr'>πῦκασεν,</span> <span class='ocrx_word' id='word_1_192' title='bbox 735 2349 753 2372; x_wconf 89' lang='lat' dir='ltr'>a</span> <span class='ocrx_word' id='word_1_193' title='bbox 788 2338 955 2374; x_wconf 86' lang='lat' dir='ltr'>Marone</span> 
     </span>
     <span class='ocr_line' id='line_1_37' title="bbox 239 2394 953 2434; baseline 0 -1"><span class='ocrx_word' id='word_1_194' title='bbox 239 2405 466 2434; x_wconf 86' lang='lat' dir='ltr'>sumserunt</span> <span class='ocrx_word' id='word_1_195' title='bbox 501 2395 631 2432; x_wconf 89' lang='lat' dir='ltr'>multi.</span> <span class='ocrx_word' id='word_1_196' title='bbox 668 2394 773 2431; x_wconf 86' lang='lat' dir='ltr'>conf.</span> <span class='ocrx_word' id='word_1_197' title='bbox 816 2394 953 2433; x_wconf 83' lang='lat' dir='ltr'>cerda.</span> 
     </span>
     <span class='ocr_line' id='line_1_38' title="bbox 240 2450 949 2500; baseline -0.001 -11"><span class='ocrx_word' id='word_1_198' title='bbox 240 2454 405 2490; x_wconf 84' lang='lat' dir='ltr'>Fundus</span> <span class='ocrx_word' id='word_1_199' title='bbox 436 2454 480 2489; x_wconf 92' lang='lat' dir='ltr'>in</span> <span class='ocrx_word' id='word_1_200' title='bbox 515 2455 691 2489; x_wconf 86' lang='lat' dir='ltr'>Homero</span> <span class='ocrx_word' id='word_1_201' title='bbox 722 2450 866 2500; x_wconf 80' lang='lat' dir='ltr'>Odyss.</span> <span class='ocrx_word' id='word_1_202' title='bbox 902 2455 949 2496; x_wconf 88' lang='grc' dir='ltr'>λ,</span> 
     </span>
     <span class='ocr_line' id='line_1_39' title="bbox 243 2506 953 2556; baseline -0.003 -10"><span class='ocrx_word' id='word_1_203' title='bbox 243 2511 348 2553; x_wconf 84' lang='lat'>318,</span> <span class='ocrx_word' id='word_1_204' title='bbox 386 2511 481 2556; x_wconf 78' lang='lat'>319.</span> <span class='ocrx_word' id='word_1_205' title='bbox 517 2530 574 2537; x_wconf 89' lang='lat'>-—-</span> <span class='ocrx_word' id='word_1_206' title='bbox 613 2509 707 2545; x_wconf 86' lang='lat'>165.</span> <span class='ocrx_word' id='word_1_207' title='bbox 747 2506 953 2544; x_wconf 74' lang='lat' dir='ltr'>Pheneum</span> 
     </span>
     <span class='ocr_line' id='line_1_40' title="bbox 240 2564 954 2617; baseline -0.003 -13"><span class='ocrx_word' id='word_1_208' title='bbox 240 2567 373 2617; x_wconf 86' lang='lat' dir='ltr'>posuit</span> <span class='ocrx_word' id='word_1_209' title='bbox 403 2566 571 2613; x_wconf 87' lang='lat' dir='ltr'>priscam</span> <span class='ocrx_word' id='word_1_210' title='bbox 602 2564 781 2603; x_wconf 84' lang='lat' dir='ltr'>Arcadiae</span> <span class='ocrx_word' id='word_1_211' title='bbox 811 2565 954 2602; x_wconf 88' lang='lat' dir='ltr'>urbem</span> 
     </span>
     <span class='ocr_line' id='line_1_41' title="bbox 241 2619 955 2672; baseline -0.001 -13"><span class='ocrx_word' id='word_1_212' title='bbox 241 2623 256 2672; x_wconf 91' lang='lat'>(</span> <span class='ocrx_word' id='word_1_213' title='bbox 271 2624 315 2660; x_wconf 92' lang='lat'>11.</span> <span class='ocrx_word' id='word_1_214' title='bbox 338 2619 361 2668; x_wconf 79' lang='grc' dir='ltr'>β</span> <span class='ocrx_word' id='word_1_215' title='bbox 377 2649 386 2667; x_wconf 88' lang='grc'>,</span> <span class='ocrx_word' id='word_1_216' title='bbox 408 2622 489 2657; x_wconf 85' lang='grc'>605</span> <span class='ocrx_word' id='word_1_217' title='bbox 505 2622 533 2669; x_wconf 89' lang='lat'>),</span> <span class='ocrx_word' id='word_1_218' title='bbox 550 2623 769 2671; x_wconf 83' lang='lat' dir='ltr'>passimque</span> <span class='ocrx_word' id='word_1_219' title='bbox 786 2622 830 2657; x_wconf 90' lang='lat' dir='ltr'>in</span> <span class='ocrx_word' id='word_1_220' title='bbox 846 2621 955 2658; x_wconf 79' lang='lat' dir='ltr'>fabu-</span> 
     </span>
     <span class='ocr_line' id='line_1_42' title="bbox 239 2678 954 2726; baseline -0.004 -9"><span class='ocrx_word' id='word_1_221' title='bbox 239 2681 312 2726; x_wconf 84' lang='lat' dir='ltr'>lis,</span> <span class='ocrx_word' id='word_1_222' title='bbox 333 2678 516 2716; x_wconf 88' lang='lat' dir='ltr'>Herculis</span> <span class='ocrx_word' id='word_1_223' title='bbox 544 2680 733 2723; x_wconf 81' lang='lat' dir='ltr'>maxime,</span> <span class='ocrx_word' id='word_1_224' title='bbox 764 2691 954 2715; x_wconf 89' lang='lat' dir='ltr'>memora-</span> 
     </span>
     <span class='ocr_line' id='line_1_43' title="bbox 242 2734 953 2787; baseline 0 -14"><span class='ocrx_word' id='word_1_225' title='bbox 242 2746 322 2773; x_wconf 87' lang='lat' dir='ltr'>tam</span> <span class='ocrx_word' id='word_1_226' title='bbox 334 2764 351 2787; x_wconf 34' lang='lat'>,¹</span> <span class='ocrx_word' id='word_1_227' title='bbox 370 2743 557 2783; x_wconf 85' lang='lat' dir='ltr'>tanquam</span> <span class='ocrx_word' id='word_1_228' title='bbox 583 2734 715 2770; x_wconf 87' lang='lat' dir='ltr'>sedem</span> <span class='ocrx_word' id='word_1_229' title='bbox 747 2736 953 2781; x_wconf 87' lang='lat' dir='ltr'>majorum.</span> 
     </span>
    </p>
   </div>
   <div class='ocr_carea' id='block_1_16' title="bbox 244 2788 955 2836">
    <p class='ocr_par' dir='ltr' id='par_1_18' title="bbox 244 2788 955 2836">
     <span class='ocr_line' id='line_1_44' title="bbox 244 2788 955 2836; baseline -0.003 -6"><span class='ocrx_word' id='word_1_230' title='bbox 244 2814 301 2824; x_wconf 89' lang='lat'>—-</span> <span class='ocrx_word' id='word_1_231' title='bbox 332 2792 424 2830; x_wconf 86' lang='lat'>166.</span> <span class='ocrx_word' id='word_1_232' title='bbox 452 2792 514 2828; x_wconf 84' lang='lat' dir='ltr'>Ex</span> <span class='ocrx_word' id='word_1_233' title='bbox 548 2799 644 2827; x_wconf 88' lang='lat' dir='ltr'>noto</span> <span class='ocrx_word' id='word_1_234' title='bbox 678 2792 758 2828; x_wconf 84' lang='lat' dir='ltr'>ritu</span> <span class='ocrx_word' id='word_1_235' title='bbox 790 2794 865 2828; x_wconf 79' lang='grc' dir='ltr'>τῶν</span> <span class='ocrx_word' id='word_1_236' title='bbox 898 2788 955 2836; x_wconf 82' lang='grc' dir='ltr'>ξε-</span> 
     </span>
    </p>
   </div>
   <div class='ocr_carea' id='block_1_17' title="bbox 1014 1588 1737 2842">
    <p class='ocr_par' dir='ltr' id='par_1_19' title="bbox 1014 1588 1737 2842">
     <span class='ocr_line' id='line_1_45' title="bbox 1014 1588 1731 1639; baseline -0.006 -9"><span class='ocrx_word' id='word_1_237' title='bbox 1014 1592 1101 1630; x_wconf 77' lang='grc' dir='ltr'><strong>νίων</strong></span> <span class='ocrx_word' id='word_1_238' title='bbox 1117 1621 1127 1639; x_wconf 89' lang='grc'>,</span> <span class='ocrx_word' id='word_1_239' title='bbox 1151 1603 1364 1628; x_wconf 88' lang='lat' dir='ltr'>munerum</span> <span class='ocrx_word' id='word_1_240' title='bbox 1379 1588 1635 1639; x_wconf 83' lang='lat' dir='ltr'>hospitalium</span> <span class='ocrx_word' id='word_1_241' title='bbox 1648 1616 1658 1634; x_wconf 89' lang='lat'><strong><em>‚</em></strong></span> <span class='ocrx_word' id='word_1_242' title='bbox 1683 1588 1731 1626; x_wconf 83' lang='grc' dir='ltr'>ΙΙ.</span> 
     </span>
     <span class='ocr_line' id='line_1_46' title="bbox 1016 1646 1733 1698; baseline -0.004 -12"><span class='ocrx_word' id='word_1_243' title='bbox 1016 1648 1060 1696; x_wconf 85' lang='grc' dir='ltr'>ζ,</span> <span class='ocrx_word' id='word_1_244' title='bbox 1088 1663 1109 1686; x_wconf 86' lang='lat'>2</span> <span class='ocrx_word' id='word_1_245' title='bbox 1122 1662 1169 1698; x_wconf 89' lang='lat'>19</span> <span class='ocrx_word' id='word_1_246' title='bbox 1189 1657 1227 1684; x_wconf 88' lang='lat' dir='ltr'>et</span> <span class='ocrx_word' id='word_1_247' title='bbox 1245 1648 1294 1684; x_wconf 87' lang='lat' dir='ltr'>al.</span> <span class='ocrx_word' id='word_1_248' title='bbox 1310 1675 1320 1693; x_wconf 84' lang='lat'>‚</span> <span class='ocrx_word' id='word_1_249' title='bbox 1346 1661 1396 1684; x_wconf 79' lang='lat' dir='ltr'>ex</span> <span class='ocrx_word' id='word_1_250' title='bbox 1413 1659 1585 1696; x_wconf 88' lang='lat' dir='ltr'>quorum</span> <span class='ocrx_word' id='word_1_251' title='bbox 1602 1646 1733 1695; x_wconf 82' lang='lat' dir='ltr'>pretio</span> 
     </span>
     <span class='ocr_line' id='line_1_47' title="bbox 1017 1702 1734 1751; baseline -0.007 -7"><span class='ocrx_word' id='word_1_252' title='bbox 1017 1716 1056 1744; x_wconf 88' lang='lat' dir='ltr'>et</span> <span class='ocrx_word' id='word_1_253' title='bbox 1072 1715 1152 1743; x_wconf 88' lang='lat' dir='ltr'>arte</span> <span class='ocrx_word' id='word_1_254' title='bbox 1168 1713 1280 1742; x_wconf 89' lang='lat' dir='ltr'>tanto</span> <span class='ocrx_word' id='word_1_255' title='bbox 1297 1705 1423 1751; x_wconf 84' lang='lat' dir='ltr'>major</span> <span class='ocrx_word' id='word_1_256' title='bbox 1439 1702 1570 1740; x_wconf 87' lang='lat' dir='ltr'>honos</span> <span class='ocrx_word' id='word_1_257' title='bbox 1587 1715 1734 1739; x_wconf 84' lang='lat' dir='ltr'>accres-</span> 
     </span>
     <span class='ocr_line' id='line_1_48' title="bbox 1016 1763 1734 1811; baseline -0.004 -11"><span class='ocrx_word' id='word_1_258' title='bbox 1016 1764 1129 1801; x_wconf 89' lang='lat' dir='ltr'>cebat</span> <span class='ocrx_word' id='word_1_259' title='bbox 1160 1764 1219 1809; x_wconf 88' lang='lat' dir='ltr'>ei,</span> <span class='ocrx_word' id='word_1_260' title='bbox 1253 1763 1321 1811; x_wconf 90' lang='lat' dir='ltr'>qui</span> <span class='ocrx_word' id='word_1_261' title='bbox 1350 1774 1395 1797; x_wconf 89' lang='lat' dir='ltr'>ea</span> <span class='ocrx_word' id='word_1_262' title='bbox 1428 1768 1646 1810; x_wconf 85' lang='lat' dir='ltr'>acceperat.</span> <span class='ocrx_word' id='word_1_263' title='bbox 1675 1782 1734 1788; x_wconf 91' lang='lat'>—</span> 
     </span>
     <span class='ocr_line' id='line_1_49' title="bbox 1016 1820 1732 1868; baseline -0.004 -12"><span class='ocrx_word' id='word_1_264' title='bbox 1016 1843 1074 1850; x_wconf 92' lang='grc'>--</span> <span class='ocrx_word' id='word_1_265' title='bbox 1099 1821 1191 1868; x_wconf 81' lang='lat'>167.</span> <span class='ocrx_word' id='word_1_266' title='bbox 1226 1820 1444 1855; x_wconf 74' lang='lat' dir='ltr'>Intercexco</span> <span class='ocrx_word' id='word_1_267' title='bbox 1484 1821 1602 1856; x_wconf 86' lang='lat' dir='ltr'>Rom.</span> <span class='ocrx_word' id='word_1_268' title='bbox 1641 1830 1732 1854; x_wconf 91' lang='lat' dir='ltr'>cum</span> 
     </span>
     <span class='ocr_line' id='line_1_50' title="bbox 1016 1874 1732 1925; baseline -0.006 -9"><span class='ocrx_word' id='word_1_269' title='bbox 1016 1881 1164 1916; x_wconf 87' lang='lat' dir='ltr'>Moret.</span> <span class='ocrx_word' id='word_1_270' title='bbox 1185 1889 1262 1914; x_wconf 90' lang='lat' dir='ltr'>sec.</span> <span class='ocrx_word' id='word_1_271' title='bbox 1285 1874 1474 1914; x_wconf 83' lang='lat' dir='ltr'>Rottend.</span> <span class='ocrx_word' id='word_1_272' title='bbox 1497 1888 1558 1925; x_wconf 86' lang='lat' dir='ltr'>pr.</span> <span class='ocrx_word' id='word_1_273' title='bbox 1584 1887 1605 1911; x_wconf 91' lang='lat' dir='ltr'>a</span> <span class='ocrx_word' id='word_1_274' title='bbox 1627 1888 1732 1912; x_wconf 89' lang='lat' dir='ltr'>man.</span> 
     </span>
     <span class='ocr_line' id='line_1_51' title="bbox 1018 1933 1733 1986; baseline -0.004 -13"><span class='ocrx_word' id='word_1_275' title='bbox 1018 1950 1079 1986; x_wconf 90' lang='lat' dir='ltr'>pr.</span> <span class='ocrx_word' id='word_1_276' title='bbox 1114 1943 1203 1972; x_wconf 85' lang='lat' dir='ltr'>tert.</span> <span class='ocrx_word' id='word_1_277' title='bbox 1242 1933 1407 1971; x_wconf 87' lang='lat' dir='ltr'>Mentel.</span> <span class='ocrx_word' id='word_1_278' title='bbox 1443 1935 1541 1982; x_wconf 82' lang='lat' dir='ltr'>Reg.</span> <span class='ocrx_word' id='word_1_279' title='bbox 1570 1941 1608 1969; x_wconf 89' lang='lat' dir='ltr'>et</span> <span class='ocrx_word' id='word_1_280' title='bbox 1634 1934 1733 1970; x_wconf 79' lang='lat' dir='ltr'>Exc.</span> 
     </span>
     <span class='ocr_line' id='line_1_52' title="bbox 1018 1989 1733 2030; baseline -0.006 0"><span class='ocrx_word' id='word_1_281' title='bbox 1018 1995 1235 2030; x_wconf 87' lang='lat' dir='ltr'>Burmann.</span> <span class='ocrx_word' id='word_1_282' title='bbox 1278 1998 1317 2028; x_wconf 89' lang='lat' dir='ltr'>et</span> <span class='ocrx_word' id='word_1_283' title='bbox 1364 1989 1510 2027; x_wconf 85' lang='lat' dir='ltr'>arridet</span> <span class='ocrx_word' id='word_1_284' title='bbox 1555 1991 1733 2027; x_wconf 87' lang='lat' dir='ltr'>Heinsio.</span> 
     </span>
     <span class='ocr_line' id='line_1_53' title="bbox 1019 2046 1735 2097; baseline -0.006 -10"><span class='ocrx_word' id='word_1_285' title='bbox 1019 2050 1178 2089; x_wconf 71' lang='lat' dir='ltr'>Scilicet</span> <span class='ocrx_word' id='word_1_286' title='bbox 1194 2051 1298 2085; x_wconf 90' lang='lat' dir='ltr'>inest</span> <span class='ocrx_word' id='word_1_287' title='bbox 1317 2046 1466 2097; x_wconf 84' lang='lat' dir='ltr'>aliquid</span> <span class='ocrx_word' id='word_1_288' title='bbox 1481 2048 1604 2096; x_wconf 87' lang='lat' dir='ltr'>prisci</span> <span class='ocrx_word' id='word_1_289' title='bbox 1619 2046 1735 2084; x_wconf 90' lang='lat' dir='ltr'>robo-</span> 
     </span>
     <span class='ocr_line' id='line_1_54' title="bbox 1020 2101 1736 2158; baseline -0.004 -14"><span class='ocrx_word' id='word_1_290' title='bbox 1020 2108 1088 2153; x_wconf 85' lang='lat' dir='ltr'>ris,</span> <span class='ocrx_word' id='word_1_291' title='bbox 1111 2105 1129 2143; x_wconf 78' lang='grc' dir='ltr'><em>ὁ</em></span> <span class='ocrx_word' id='word_1_292' title='bbox 1154 2108 1220 2150; x_wconf 70' lang='grc' dir='ltr'>τῆς</span> <span class='ocrx_word' id='word_1_293' title='bbox 1241 2102 1499 2158; x_wconf 71' lang='grc' dir='ltr'>ἀρχαιότητος</span> <span class='ocrx_word' id='word_1_294' title='bbox 1518 2101 1638 2148; x_wconf 83' lang='grc' dir='ltr'><strong>πίνος.</strong></span> <span class='ocrx_word' id='word_1_295' title='bbox 1657 2107 1736 2142; x_wconf 86' lang='lat' dir='ltr'>Re·</span> 
     </span>
     <span class='ocr_line' id='line_1_55' title="bbox 1018 2159 1736 2215; baseline -0.004 -14"><span class='ocrx_word' id='word_1_296' title='bbox 1018 2166 1124 2215; x_wconf 87' lang='lat' dir='ltr'>cepit</span> <span class='ocrx_word' id='word_1_297' title='bbox 1162 2175 1322 2213; x_wconf 88' lang='lat' dir='ltr'>quoque</span> <span class='ocrx_word' id='word_1_298' title='bbox 1358 2159 1606 2208; x_wconf 80' lang='lat' dir='ltr'>Wakefield3</span> <span class='ocrx_word' id='word_1_299' title='bbox 1641 2160 1736 2198; x_wconf 78' lang='lat' dir='ltr'>alte-</span> 
     </span>
     <span class='ocr_line' id='line_1_56' title="bbox 1021 2219 1737 2268; baseline -0.007 -9"><span class='ocrx_word' id='word_1_300' title='bbox 1021 2235 1112 2258; x_wconf 88' lang='lat' dir='ltr'>rum</span> <span class='ocrx_word' id='word_1_301' title='bbox 1139 2230 1272 2258; x_wconf 89' lang='lat' dir='ltr'>tamen</span> <span class='ocrx_word' id='word_1_302' title='bbox 1297 2219 1414 2267; x_wconf 85' lang='lat' dir='ltr'>docte</span> <span class='ocrx_word' id='word_1_303' title='bbox 1449 2219 1626 2264; x_wconf 86' lang='lat' dir='ltr'>dictum,</span> <span class='ocrx_word' id='word_1_304' title='bbox 1657 2219 1737 2268; x_wconf 84' lang='lat' dir='ltr'>epi-</span> 
     </span>
     <span class='ocr_line' id='line_1_57' title="bbox 1022 2276 1736 2317; baseline -0.007 0"><span class='ocrx_word' id='word_1_305' title='bbox 1022 2279 1131 2317; x_wconf 88' lang='lat' dir='ltr'>theto</span> <span class='ocrx_word' id='word_1_306' title='bbox 1160 2278 1350 2315; x_wconf 86' lang='lat' dir='ltr'>translato</span> <span class='ocrx_word' id='word_1_307' title='bbox 1383 2276 1432 2313; x_wconf 88' lang='lat' dir='ltr'>ad</span> <span class='ocrx_word' id='word_1_308' title='bbox 1466 2276 1646 2313; x_wconf 88' lang='lat' dir='ltr'>alterum.</span> <span class='ocrx_word' id='word_1_309' title='bbox 1677 2297 1736 2304; x_wconf 90' lang='lat'><em>-</em></span> 
     </span>
     <span class='ocr_line' id='line_1_58' title="bbox 1027 2330 1732 2385; baseline -0.009 -11"><span class='ocrx_word' id='word_1_310' title='bbox 1027 2349 1121 2384; x_wconf 85' lang='lat'>171.</span> <span class='ocrx_word' id='word_1_311' title='bbox 1156 2335 1393 2385; x_wconf 77' lang='lat' dir='ltr'>Opibusque.</span> <span class='ocrx_word' id='word_1_312' title='bbox 1429 2336 1538 2372; x_wconf 81' lang='lat' dir='ltr'>Serv.</span> <span class='ocrx_word' id='word_1_313' title='bbox 1575 2330 1619 2368; x_wconf 86' lang='lat' dir='ltr'>id</span> <span class='ocrx_word' id='word_1_314' title='bbox 1650 2341 1732 2377; x_wconf 82' lang='lat' dir='ltr'>est,</span> 
     </span>
     <span class='ocr_line' id='line_1_59' title="bbox 1023 2388 1736 2442; baseline -0.007 -12"><span class='ocrx_word' id='word_1_315' title='bbox 1023 2392 1206 2430; x_wconf 80' lang='lat' dir='ltr'>militibus</span> <span class='ocrx_word' id='word_1_316' title='bbox 1216 2408 1234 2438; x_wconf 91' lang='lat'><em>;</em></span> <span class='ocrx_word' id='word_1_317' title='bbox 1273 2405 1367 2442; x_wconf 87' lang='lat' dir='ltr'>opes</span> <span class='ocrx_word' id='word_1_318' title='bbox 1404 2388 1567 2440; x_wconf 81' lang='lat' dir='ltr'>antiqui</span> <span class='ocrx_word' id='word_1_319' title='bbox 1607 2402 1736 2426; x_wconf 85' lang='lat' dir='ltr'>voca-</span> 
     </span>
     <span class='ocr_line' id='line_1_60' title="bbox 1022 2446 1737 2487; baseline -0.001 -1"><span class='ocrx_word' id='word_1_320' title='bbox 1022 2451 1123 2486; x_wconf 82' lang='lat' dir='ltr'>bant</span> <span class='ocrx_word' id='word_1_321' title='bbox 1147 2449 1303 2487; x_wconf 78' lang='lat' dir='ltr'>milites.</span> <span class='ocrx_word' id='word_1_322' title='bbox 1334 2451 1467 2486; x_wconf 84' lang='lat' dir='ltr'>Potest</span> <span class='ocrx_word' id='word_1_323' title='bbox 1513 2446 1592 2483; x_wconf 84' lang='lat' dir='ltr'>hoe</span> <span class='ocrx_word' id='word_1_324' title='bbox 1612 2447 1667 2484; x_wconf 81' lang='lat' dir='ltr'>ita</span> <span class='ocrx_word' id='word_1_325' title='bbox 1695 2460 1737 2485; x_wconf 76' lang='lat' dir='ltr'>se</span> 
     </span>
     <span class='ocr_line' id='line_1_61' title="bbox 1018 2505 1736 2555; baseline -0.006 -11"><span class='ocrx_word' id='word_1_326' title='bbox 1018 2507 1177 2544; x_wconf 89' lang='lat' dir='ltr'>habere.</span> <span class='ocrx_word' id='word_1_327' title='bbox 1221 2505 1298 2545; x_wconf 86' lang='lat' dir='ltr'>Sed</span> <span class='ocrx_word' id='word_1_328' title='bbox 1336 2512 1452 2554; x_wconf 90' lang='lat' dir='ltr'>poeta</span> <span class='ocrx_word' id='word_1_329' title='bbox 1492 2505 1626 2553; x_wconf 89' lang='lat' dir='ltr'>posuit</span> <span class='ocrx_word' id='word_1_330' title='bbox 1669 2517 1736 2555; x_wconf 85' lang='lat' dir='ltr'>ge-</span> 
     </span>
     <span class='ocr_line' id='line_1_62' title="bbox 1019 2560 1733 2610; baseline -0.004 -9"><span class='ocrx_word' id='word_1_331' title='bbox 1019 2577 1094 2601; x_wconf 91' lang='lat' dir='ltr'>nus</span> <span class='ocrx_word' id='word_1_332' title='bbox 1113 2576 1122 2602; x_wconf 92' lang='lat'>:</span> <span class='ocrx_word' id='word_1_333' title='bbox 1140 2562 1340 2599; x_wconf 72' lang='lat' dir='ltr'>auxilium</span> <span class='ocrx_word' id='word_1_334' title='bbox 1359 2569 1399 2597; x_wconf 89' lang='lat' dir='ltr'>et</span> <span class='ocrx_word' id='word_1_335' title='bbox 1417 2573 1530 2610; x_wconf 79' lang='lat' dir='ltr'>opes,</span> <span class='ocrx_word' id='word_1_336' title='bbox 1552 2560 1592 2598; x_wconf 90' lang='lat' dir='ltr'>h.</span> <span class='ocrx_word' id='word_1_337' title='bbox 1613 2574 1647 2598; x_wconf 90' lang='lat' dir='ltr'>e.</span> <span class='ocrx_word' id='word_1_338' title='bbox 1666 2574 1733 2605; x_wconf 89' lang='lat' dir='ltr'>ea,</span> 
     </span>
     <span class='ocr_line' id='line_1_63' title="bbox 1020 2617 1737 2670; baseline -0.001 -13"><span class='ocrx_word' id='word_1_339' title='bbox 1020 2621 1164 2670; x_wconf 80' lang='lat' dir='ltr'>quibus</span> <span class='ocrx_word' id='word_1_340' title='bbox 1182 2619 1232 2656; x_wconf 86' lang='lat' dir='ltr'>ad</span> <span class='ocrx_word' id='word_1_341' title='bbox 1243 2617 1393 2654; x_wconf 84' lang='lat' dir='ltr'>bellum</span> <span class='ocrx_word' id='word_1_342' title='bbox 1411 2617 1629 2668; x_wconf 86' lang='lat' dir='ltr'>gerendum</span> <span class='ocrx_word' id='word_1_343' title='bbox 1642 2620 1737 2656; x_wconf 90' lang='lat' dir='ltr'>Tro-</span> 
     </span>
     <span class='ocr_line' id='line_1_64' title="bbox 1016 2676 1733 2724; baseline 0 -11"><span class='ocrx_word' id='word_1_344' title='bbox 1016 2678 1099 2724; x_wconf 82' lang='lat' dir='ltr'>jani</span> <span class='ocrx_word' id='word_1_345' title='bbox 1132 2676 1275 2712; x_wconf 89' lang='lat' dir='ltr'>instrui</span> <span class='ocrx_word' id='word_1_346' title='bbox 1301 2682 1341 2710; x_wconf 91' lang='lat' dir='ltr'>et</span> <span class='ocrx_word' id='word_1_347' title='bbox 1375 2676 1508 2711; x_wconf 89' lang='lat' dir='ltr'>ornari</span> <span class='ocrx_word' id='word_1_348' title='bbox 1535 2683 1733 2724; x_wconf 89' lang='lat' dir='ltr'>poterant.</span> 
     </span>
     <span class='ocr_line' id='line_1_65' title="bbox 1020 2731 1734 2782; baseline -0.001 -13"><span class='ocrx_word' id='word_1_349' title='bbox 1020 2755 1078 2763; x_wconf 90' lang='lat'>—</span> <span class='ocrx_word' id='word_1_350' title='bbox 1101 2745 1176 2780; x_wconf 83' lang='lat'>172</span> <span class='ocrx_word' id='word_1_351' title='bbox 1199 2745 1284 2782; x_wconf 84' lang='lat' dir='ltr'>sqq.</span> <span class='ocrx_word' id='word_1_352' title='bbox 1303 2731 1424 2770; x_wconf 91' lang='lat' dir='ltr'>Color</span> <span class='ocrx_word' id='word_1_353' title='bbox 1442 2731 1580 2768; x_wconf 89' lang='lat' dir='ltr'>similis</span> <span class='ocrx_word' id='word_1_354' title='bbox 1598 2743 1734 2769; x_wconf 85' lang='lat' dir='ltr'>narra-</span> 
     </span>
     <span class='ocr_line' id='line_1_66' title="bbox 1021 2784 1704 2842; baseline -0.001 -15"><span class='ocrx_word' id='word_1_355' title='bbox 1021 2790 1140 2828; x_wconf 86' lang='lat' dir='ltr'>tionis</span> <span class='ocrx_word' id='word_1_356' title='bbox 1159 2789 1235 2828; x_wconf 88' lang='lat' dir='ltr'>Od.</span> <span class='ocrx_word' id='word_1_357' title='bbox 1255 2803 1306 2842; x_wconf 77' lang='grc' dir='ltr'>γ,</span> <span class='ocrx_word' id='word_1_358' title='bbox 1341 2790 1394 2833; x_wconf 78' lang='grc'>34</span> <span class='ocrx_word' id='word_1_359' title='bbox 1416 2801 1474 2839; x_wconf 84' lang='lat' dir='ltr'>sq.</span> <span class='ocrx_word' id='word_1_360' title='bbox 1495 2784 1544 2835; x_wconf 68' lang='grc' dir='ltr'>δ,</span> <span class='ocrx_word' id='word_1_361' title='bbox 1576 2789 1628 2833; x_wconf 78' lang='grc'>48</span> <span class='ocrx_word' id='word_1_362' title='bbox 1647 2800 1704 2839; x_wconf 86' lang='lat' dir='ltr'>sq.</span> 
     </span>
    </p>
   </div>
  </div>
 </body>
</html>
