1767 3054
720 140 873 179 LIBER
904 141 953 176 V.
1543 151 1563 173 2
1577 139 1593 171 3

90 216 301 271 Auxilia,
322 225 367 260 et
389 211 546 259 fractis
568 211 825 257 discentem
851 228 1045 257 currere
1068 212 1220 257 remis.

90 289 206 336 Inde
232 295 389 351 Gyan,
411 288 655 350 ipsamque
676 287 854 349 ingenti
880 287 1002 332 mole
1028 286 1310 332 Chimaeram

87 363 427 425 Consequitur;
449 361 598 418 cedit,
620 362 846 423 quoniam
869 362 1069 424 spoliata
1092 361 1318 423 magistro
1338 371 1421 405 est.

152 438 290 485 Solus
304 438 498 501 jamque
521 438 626 499 ipso
645 447 861 498 superest
881 438 928 483 in
954 438 1044 483 line
1070 435 1351 492 Cloanthus,
1539 447 1594 474 223

86 515 239 570 Quem
261 512 402 575 petit,
429 523 477 558 et
498 514 694 558 summis
717 512 918 558 adnixus
940 512 1123 557 viribus
1147 521 1300 574 urget.

84 592 206 635 Tum
226 605 341 634 vero
364 588 621 651 ingeminat
643 589 847 644 clamor,
871 588 1126 649 cunctique
1150 595 1426 649 sequentem

85 663 315 726 Instigant
337 663 527 720 studiis,
548 675 834 726 resonatque
857 663 1125 725 fragoribus
1151 662 1315 708 aether.

84 739 145 786 Hi
165 740 413 802 proprium
434 740 578 786 decus
600 752 646 786 et
667 751 856 802 partum
876 738 1183 801 indignantur
1203 738 1433 784 honorem
1451 773 1462 793 ‚

83 814 144 861 Ni
168 826 378 873 teneant,
400 815 640 877 vitamque
663 815 829 860 volunt
852 829 942 876 pro
965 813 1106 860 laude
1126 813 1315 876 pacisci.
1538 823 1595 852 230

83 892 182 937 Hos
204 907 444 937 successus
467 890 568 948 alit;
598 900 820 952 possunt,
844 889 957 951 quia
984 905 1122 951 posse
1141 888 1383 934 videntur.

83 967 140 1011 Et
166 965 261 1011 sors
283 965 480 1027 aequatis
501 965 733 1027 cepissent
755 964 949 1026 praemia
971 964 1165 1021 rostris,

83 1041 143 1087 Ni
171 1041 347 1103 palmas
372 1050 519 1103 ponto
542 1039 739 1086 tendens
765 1050 991 1101 utrasque
1021 1038 1280 1086 Cloanthus

83 1115 396 1179 Fudissctque
419 1131 606 1176 preces,
627 1115 857 1176 divosque
879 1114 926 1160 in
951 1125 1064 1160 vota
1086 1123 1297 1160 vocasset
1319 1132 1328 1160 :

86 1293 189 1329 circa
232 1300 388 1329 metam.
422 1290 608 1328 Brevibus
650 1291 771 1328 vadis
788 1320 798 1336 ‚

84 1350 247 1400 propius
260 1349 307 1386 ad
319 1349 532 1400 scopulum
547 1360 556 1386 :
571 1362 608 1386 v.
635 1357 711 1394 204
727 1377 737 1395 ‚
762 1358 806 1385 ut

83 1409 102 1444 Ι
116 1436 126 1454 ,
156 1420 170 1444 ι
187 1421 202 1445 1
218 1421 232 1445 1
249 1436 260 1454 ,
289 1421 303 1445 1
319 1420 365 1445 12
381 1435 392 1453 ‚
414 1407 486 1444 ubi
513 1406 645 1443 brevia
665 1416 705 1444 et
726 1420 806 1456 syr-

83 1475 152 1504 tes.
174 1467 275 1504 Mox
292 1464 509 1503 discentem
527 1473 585 1502 est
605 1466 807 1516 experien-

84 1532 162 1561 tem
177 1551 188 1570 ‚
229 1533 451 1562 conantem.
472 1546 531 1551 —
552 1531 648 1568 224.
695 1522 810 1561 Cedit

82 1581 123 1620 h.
141 1596 175 1620 e.
200 1583 394 1633 praeteriri
412 1595 452 1619 se
472 1582 566 1618 sinit
589 1581 804 1627 Chimaera3

84 1639 258 1690 spoliata
297 1640 488 1692 magistro
503 1669 514 1687 ‚
548 1642 724 1677 Menoete
764 1641 807 1676 in

85 1711 191 1735 mare
211 1699 388 1750 projecto
403 1726 414 1745 ‚
443 1712 500 1735 vs.
537 1700 630 1746 173.
654 1700 702 1735 In
714 1697 807 1751 sine

84 1758 206 1794 totius
228 1770 364 1794 cursus
378 1785 388 1802 ‚
421 1758 495 1795 int.
527 1756 602 1793 sub
635 1756 806 1793 reditum

83 1814 133 1852 ad
163 1813 270 1852 litus.
310 1814 362 1852 cf.
388 1813 459 1852 inf.
501 1828 537 1852 V.
578 1815 686 1861 327,
708 1815 804 1852 328.

87 1873 321 1922 Sequentem
354 1871 610 1909 Mnestheum
626 1900 636 1918 ,
658 1873 727 1921 qui
745 1873 806 1909 in-

85 1929 261 1979 sequitur
303 1929 568 1975 Cloanthum,
608 1939 731 1980 urget.
749 1952 807 1958 —-

89 1988 184 2024 228.
209 1985 358 2023 Studiis
373 1985 414 2024 h.
442 1986 469 2024 l.
494 1988 655 2037 proprie
669 2015 679 2032 ‚
701 1996 744 2024 ut
764 1989 806 2024 in

86 2057 273 2083 consessu
329 2043 519 2081 ludorum
569 2045 805 2082 circensium

84 2104 132 2142 de
152 2103 285 2140 favore
306 2103 583 2153 spectantium.
609 2102 657 2140 cf.
693 2102 803 2142 Iliad.

85 2159 133 2213 ψ,
153 2175 190 2200 v.
219 2162 298 2205 448
321 2174 405 2210 sqq.
431 2168 469 2196 et
493 2160 570 2207 767
589 2189 599 2206 ‚
628 2161 726 2208 7583
747 2163 805 2198 Si-

84 2221 160 2258 lius
173 2221 284 2264 XVI,
307 2220 547 2269 319—332.
569 2218 808 2270 Fragoribus

82 2278 122 2317 h.
144 2277 170 2315 l.
191 2290 267 2328 pro
288 2277 458 2314 clamore
478 2290 523 2313 ac
545 2277 701 2327 plausu.

145 2337 342 2386 229—23
355 2348 368 2372 1
379 2364 387 2373 .
404 2334 609 2385 Propriam
631 2335 750 2372 decus
766 2335 806 2373 h.

84 2394 110 2431 l.
129 2402 173 2431 ut
191 2394 295 2440 aliam,
310 2407 383 2444 pro
400 2401 512 2444 parta
524 2394 603 2442 jam
618 2402 656 2431 et
676 2403 808 2444 parata

83 2452 260 2492 victoria.
274 2451 545 2503 Indignamur
557 2481 567 2496 ,
587 2451 631 2487 ni
641 2460 667 2490 t.
680 2482 690 2497 ,
711 2452 807 2489 doc-

86 2511 164 2548 tior
183 2510 307 2548 forma
326 2523 466 2561 quam,
488 2523 528 2548 se
546 2523 625 2547 non
645 2518 780 2548 tenere
792 2539 803 2554 ,

33 2580 35 2582 ·
86 2567 160 2605 sibi
181 2568 293 2618 eripi.
313 2570 376 2608 Sic
413 2565 467 2614 εἰ,
489 2566 520 2607 εἰ
549 2566 617 2621 μή.
652 2568 810 2606 Pacisci

89 2627 282 2677 exquisite
308 2639 407 2678 pro,
439 2626 626 2673 reddere,
653 2627 805 2678 impen-

89 2682 181 2721 dere
198 2697 209 2731 ;
249 2698 299 2722 ex
340 2684 562 2736 vulgariore
605 2685 775 2722 formula
797 2697 807 2723 ε

89 2741 280 2780 redimere
335 2741 475 2780 famam
529 2745 807 2794 sempiternam

93 2807 229 2839 morte.
256 2801 319 2840 Sic
344 2814 472 2839 emere
503 2801 572 2840 inf.
597 2804 653 2840 IX
669 2830 679 2849 ,
712 2802 805 2839 206.

873 1291 1052 1327 Imitatus
1087 1293 1182 1329 Stat.
1213 1289 1385 1328 ITheb.
1416 1290 1495 1339 319
1524 1287 1597 1325 hoc

872 1362 997 1386 α’νιιηι
1029 1347 1163 1398 cupiat
1201 1361 1280 1398 pro
1317 1349 1405 1384 luce
1427 1347 1595 1397 pacisci.

874 1409 999 1444 Locus
1016 1420 1037 1443 a
1061 1408 1197 1444 Burm.
1219 1407 1300 1454 jam
1322 1404 1516 1443 laudatus.
1539 1427 1596 1433 —

877 1467 928 1502 23
941 1480 974 1503 1.
991 1468 1184 1507 Possunt,
1209 1463 1305 1515 quia
1321 1477 1439 1514 posse
1454 1462 1596 1500 viden-

876 1531 940 1560 tur
972 1523 1021 1560 ad
1049 1522 1239 1560 fiduciam
1269 1523 1504 1559 certantium
1538 1535 1597 1559 re-

873 1582 975 1619 ferre
995 1581 1153 1628 malim;
1184 1578 1368 1618 efficiunt
1389 1579 1453 1625 id,
1487 1580 1599 1630 qnod

874 1640 1002 1677 facere
1028 1640 1212 1686 student,
1234 1652 1303 1676 seu
1325 1640 1367 1676 in
1399 1651 1447 1676 eo
1481 1647 1595 1679 suut.

875 1707 921 1735 ut
944 1698 986 1735 id
1007 1697 1206 1743 efliciant3
1238 1698 1427 1747 quoniam
1447 1696 1523 1734 sibi
1545 1697 1599 1733 xi-

874 1755 1022 1793 dentur
1049 1755 1091 1792 id
1121 1754 1278 1793 efficere
1309 1768 1436 1805 posse.
1468 1755 1597 1792 Multa

875 1822 1108 1865 argutantur
1126 1816 1260 1864 Intpp.
1278 1813 1461 1863 inprimis
1480 1815 1599 1863 Trap-

873 1873 978 1922 piuS.
1019 1874 1087 1909 Est
1117 1872 1195 1909 hoc
1226 1871 1356 1917 idem,
1396 1870 1464 1908 sed
1500 1871 1598 1907 male

874 1929 1145 1975 intellectum,
1169 1929 1281 1979 quod
1302 1936 1447 1966 nostrae
1474 1930 1597 1965 aetatis

873 1988 1033 2037 ingenia
1071 1982 1263 2024 πάνδεινα
1305 1994 1343 2023 et
1384 1983 1596 2038 πάντολμα

875 2057 955 2095 prae
971 2058 1012 2082 se
1033 2043 1210 2082 ferebant
1232 2056 1241 2082 :
1261 2043 1362 2080 nihil
1385 2058 1467 2081 esse
1487 2044 1598 2094 quod

875 2115 957 2138 uon
984 2103 1135 2148 valeas,
1161 2101 1282 2140 modo
1312 2102 1408 2140 velis
1437 2102 1591 2139 valere:

874 2161 1046 2206 scilicet,
1080 2161 1198 2198 modo
1226 2160 1278 2197 sic
1310 2159 1494 2198 divinitus
1518 2159 1597 2196 illis

877 2218 1089 2268 Ingenium
1111 2227 1151 2257 et
1168 2231 1296 2256 rerum
1304 2217 1404 2270 fato
1415 2218 1595 2268 pruden-

875 2276 933 2312 tia
976 2277 1110 2328 major
1143 2292 1157 2315 .·
1193 2290 1311 2328 quam
1349 2285 1479 2314 tamen
1518 2276 1597 2313 fere

876 2334 1007 2372 deesse
1030 2337 1113 2373 istis
1131 2335 1316 2373 vidimus.

936 2395 1178 2439 232—-243,
1197 2395 1335 2431 Lineas
1347 2392 1453 2444 apud
1475 2393 1595 2430 Hom.

875 2450 1014 2488 ductas
1037 2452 1127 2491 vide
1152 2453 1178 2491 l.
1208 2465 1243 2490 c.
1276 2451 1388 2489 Iliad.
1424 2448 1474 2502 ψ,
1512 2452 1594 2501 769

873 2522 931 2560 sq.
947 2538 957 2556 ,
981 2510 1052 2547 ubi
1078 2511 1238 2562 Ulysses
1268 2511 1309 2547 in
1341 2523 1482 2548 cursus
1509 2522 1597 2546 cer-

876 2570 1022 2606 tamine
1044 2569 1224 2606 similiter
1245 2577 1339 2605 vota
1368 2567 1474 2606 facit.
1503 2567 1597 2607 Pal-

876 2639 964 2663 mas
1000 2636 1188 2678 utrasque
1228 2627 1387 2677 antique
1408 2654 1418 2672 ,
1466 2627 1597 2675 inquit

875 2686 983 2723 Serv.
997 2713 1007 2731 ,
1028 2698 1147 2735 quem
1168 2683 1258 2721 vide
1272 2713 1283 2730 ,
1308 2697 1382 2735 pro
1407 2683 1596 2734 palmam

876 2752 1096 2794 utriunque.
1118 2742 1235 2779 Divos
1255 2742 1296 2779 in
1325 2750 1426 2782 vota
1443 2753 1595 2779 vocare

876 2802 915 2839 vi
938 2814 1029 2838 sane
1051 2810 1090 2839 et
1113 2814 1230 2838 seusu
1249 2800 1353 2852 idem
1372 2813 1453 2838 esse
1477 2798 1594 2839 debet
