1767 3054
192 135 274 173 300

820 135 877 170 AE'
942 134 1062 172 IDOS

192 207 428 270 Quodque
452 207 511 253 ab
536 207 682 269 stirpe
708 207 831 253 fores
853 207 1048 269 geminis
1070 205 1348 269 conjunctus
1370 207 1575 269 Atridis3
1627 219 1686 251 130

167 284 287 347 §ed
309 300 411 329 mea
436 299 510 328 me
535 284 709 341 virtus,
736 294 782 328 et
808 293 967 328 sancta
994 283 1185 328 oracula
1209 281 1394 340 divum,

193 359 486 422 Cognatique
512 370 691 420 patres,
718 369 798 403 tua
821 357 957 403 terris
979 357 1128 404 didita
1150 359 1271 403 fama
1286 392 1298 415 ,

193 434 492 496 Conjunxcre
522 432 632 489 tibi,
659 444 705 477 ct
731 432 836 477 satis
863 447 1002 492 egere
1026 432 1277 477 volentem.

192 509 466 564 Dardanus,
493 507 648 552 Iliacae
673 506 852 567 primus
878 515 1012 565 pater
1035 506 1167 551 urbis
1193 517 1240 551 et
1264 516 1452 564 auctor,

192 583 401 637 Electra,
427 591 480 626 ut
506 580 638 626 Graii
661 577 938 640 perhibent,
964 578 1206 625 Atlantide
1231 591 1411 636 cretuS,
1630 589 1688 620 13⁵

192 657 460 702 Advehitur
483 658 714 712 Teucros;
740 654 972 699 Electram
995 650 1244 699 maxumus
1265 655 1396 698 Atlas

191 730 377 786 Edidit,
403 730 621 775 aetherios
646 729 845 774 humero
872 726 954 789 qui
979 728 1177 774 sustinet
1198 725 1345 772 orbis.

191 802 338 848 Vobis
357 803 625 848 Mercurius
645 813 780 865 pater
805 813 895 858 est,
922 818 1064 863 quem
1089 800 1292 847 candida
1313 799 1443 846 Maia

192 879 396 940 Cyllenae
420 878 576 940 gelido
600 887 883 940 conceptum
904 877 1083 924 vertice
1106 876 1250 935 fudit3

192 955 254 997 At
275 953 474 1022 Maiam,
501 952 674 999 auditis
698 953 737 999 si
759 952 1019 1014 quidquam
1042 952 1303 1008 credimus,
1327 950 1482 1009 Atlas,

190 1096 411 1146 symbolice
438 1106 476 1134 et
504 1098 684 1149 religiose
713 1096 909 1149 significa-

192 1153 280 1198 bat,
305 1162 373 1190 aut
389 1155 620 1204 simpliciter
638 1169 709 1205 per
733 1168 840 1192 sacra
872 1165 911 1193 et

190 1210 285 1247 deos
305 1223 344 1247 se
360 1212 583 1261 supplicare
600 1222 784 1249 testatum
802 1213 913 1250 facie-

191 1267 272 1304 bat.
284 1269 390 1304 Hinc
409 1271 572 1306 omnino
585 1270 742 1307 foederis
755 1298 764 1315 ,
778 1272 885 1320 pacis
900 1299 910 1317 ,

190 1324 410 1375 legationis,
423 1327 651 1377 symbolum
671 1337 727 1364 est
747 1328 909 1366 factum.

256 1383 349 1419 130.
387 1384 450 1419 Ab
484 1384 605 1434 stirpe
630 1385 798 1436 geminis
818 1399 910 1422 con-

188 1438 346 1486 junctus
366 1441 532 1479 Atridis.
554 1444 811 1492 Cognationis
830 1457 910 1494 gra-

193 1495 267 1532 dus
289 1509 369 1533 esse
398 1508 618 1547 potuerunt
655 1500 789 1549 plures
804 1528 814 1545 ‚
835 1514 909 1536 nec

192 1551 272 1588 dici
296 1561 449 1603 potest,
478 1569 690 1604 quemnam
715 1565 831 1604 poeta
854 1570 910 1594 se-

192 1619 341 1660 quutus
360 1612 409 1646 sit
422 1640 431 1656 ‚
451 1625 530 1660 quo
544 1625 635 1648 cum
649 1613 798 1648 Atridis
815 1626 909 1650 con-

189 1668 350 1714 junctus
377 1677 477 1704 esset
502 1669 697 1707 Evander.
732 1671 908 1708 Omnino

191 1732 408 1773 utrumque
430 1739 553 1776 genus
573 1739 594 1762 a
613 1728 714 1763 Jove
739 1726 907 1763 duceba-

193 1788 291 1818 tur:
321 1790 407 1818 tum
437 1795 455 1818 a
480 1783 708 1828 sororibus,
739 1784 910 1822 Atlantis

193 1835 373 1884 filiabus,
410 1848 448 1876 et
475 1839 658 1877 Evander
691 1849 730 1876 et
758 1841 910 1879 Atridae

193 1895 356 1931 oriundi
374 1906 507 1942 erant3
532 1898 582 1933 ab
608 1897 746 1934 iisdem
771 1899 910 1936 Atlan-

194 1952 243 1988 tis
263 1950 420 1990 filiabus
433 1983 443 2000 ‚
461 1954 634 1991 Pleiadas
655 1965 800 1992 vocant
813 1984 822 2001 ‚
838 1957 912 1993 alia

196 2012 379 2060 cognatio
398 2025 495 2049 mox
521 2026 558 2049 V.
591 2013 668 2055 134
696 2027 780 2062 sqq.
808 2014 913 2052 inter

195 2066 425 2104 Evandrum
442 2077 480 2105 et
498 2072 660 2106 AEneam
677 2070 911 2109 deducitur:

195 2135 287 2160 nam
320 2124 525 2162 Dardanus
553 2127 705 2163 Electra
736 2136 775 2164 et
810 2130 912 2166 Jove

195 2189 322 2227 natus,
343 2183 525 2220 Evander
546 2193 677 2220 autem
695 2186 909 2232 Mercurii,

196 2239 264 2274 cui
292 2241 398 2275 Maia
429 2249 575 2288 mater,
597 2240 704 2278 filius
730 2241 911 2291 perhibe-

195 2292 328 2334 batur.
347 2310 386 2334 ν.
405 2299 573 2348 Dionys,
594 2300 611 2333 I
625 2325 635 2342 ‚
661 2299 727 2335 31.
749 2300 910 2336 Praecla-

197 2362 239 2385 re
259 2361 388 2389 autem
416 2363 454 2391 et
475 2357 678 2405 ingeniose
698 2365 813 2405 poeta
835 2357 909 2394 hac

198 2410 350 2455 generis
382 2413 666 2458 conjunctione
697 2414 823 2450 utitur
858 2414 909 2451 ad

198 2474 352 2500 caussas
369 2469 545 2505 amicitiae
562 2470 665 2506 inter
681 2470 909 2508 Evandrum

197 2527 237 2555 et
255 2521 446 2568 ‘trojanos
463 2524 767 2565 ferendas.—-13
779 2541 812 2565 1.
831 2529 914 2564 Sed

198 2585 269 2612 tua
281 2590 342 2613 me
353 2578 491 2623 virtus,
505 2590 572 2617 tua
589 2584 700 2620 terris
712 2584 839 2621 didita
842 2587 910 2636 sa-

200 2645 290 2677 ma,
310 2633 553 2686 Cognatique
572 2649 708 2686 patres
721 2651 761 2677 et
770 2651 909 2678 sancta

199 2691 366 2728 oracula
385 2692 512 2728 divum
541 2694 790 2746 Conjlmxere
814 2698 884 2734 tibi
894 2713 909 2743 ,·

200 2748 264 2784 vir
289 2747 428 2787 doctus
447 2750 612 2790 Observ.
634 2754 746 2791 Misc.
770 2755 850 2793 vol.
870 2758 908 2803 Ι,

1614 963 1688 997 ,ι4ο

975 1116 1016 1153 p.
1058 1113 1123 1149 19.
1156 1099 1351 1136 Potuisset
1385 1095 1546 1147 quidem
1575 1104 1692 1146 poeta

976 1169 1015 1196 et
1033 1156 1133 1194 illud
1154 1155 1278 1202 velle3
1307 1162 1354 1190 ut
1373 1167 1434 1203 ap.
1458 1155 1598 1190 Horat.
1622 1161 1691 1188 tua

977 1229 1039 1253 me
1063 1214 1134 1251 tibi
1148 1213 1277 1250 virtus
1284 1211 1390 1263 fecit
1409 1209 1595 1248 amicum.
1616 1210 1692 1248 Sed

976 1281 1092 1324 poeta
1126 1284 1234 1308 nunc
1268 1270 1433 1307 alterum
1469 1267 1611 1305 voluit.
1634 1288 1693 1296 ·--

977 1333 1074 1368 Mea
1099 1328 1249 1374 virtus,
1273 1328 1434 1376 respicit
1461 1324 1585 1372 illud3
1609 1338 1690 1361 non

976 1387 1165 1433 extimui,
1197 1384 1436 1423 confidentia
1451 1410 1460 1428 ,
1495 1391 1534 1420 et
1571 1383 1694 1419 animi

975 1444 1122 1482 fiducia
1137 1459 1188 1482 ex
1204 1456 1300 1481 meae
1319 1442 1477 1478 virtutis
1493 1441 1694 1477 conscien-

976 1504 1028 1538 tia
1041 1531 1052 1547 ,
1076 1515 1197 1553 quam
1221 1499 1385 1537 eandem
1402 1496 1563 1536 confido
1584 1496 1690 1547 apud

974 1567 1012 1596 te
1041 1560 1130 1596 loco
1153 1549 1288 1608 aliquo
1315 1565 1354 1594 et
1374 1553 1605 1593 auctoritate
1623 1553 1691 1590 ha-

974 1616 1105 1652 bitum
1132 1617 1194 1652 iri.
1233 1612 1566 1651 Oracula'divum
1594 1623 1614 1647 a
1633 1613 1692 1649 Si-

975 1672 1083 1722 bylla
1094 1681 1266 1723 accepta.
1282 1673 1402 1715 v.VI,
1416 1670 1471 1718 96
1485 1698 1495 1714 ‚
1511 1682 1579 1715 97.
1595 1668 1691 1719 Cog-

977 1729 1067 1766 nati
1081 1739 1238 1779 patres,
1265 1741 1336 1778 per
1364 1727 1538 1764 Atlantis
1566 1724 1690 1772 filias,

975 1787 1182 1824 Dardanus
1227 1799 1249 1822 a
1294 1788 1397 1823 Jove
1431 1792 1471 1820 et
1507 1784 1660 1821 Electra
1680 1810 1691 1828 ,

975 1845 1201 1881 Mercurius
1217 1856 1234 1879 a
1254 1845 1356 1881 Jove
1373 1850 1412 1878 et
1430 1842 1536 1878 Maia
1551 1849 1667 1877 natus
1681 1867 1692 1885 ,

975 1910 1020 1938 ut
1038 1901 1157 1938 modo
1177 1899 1371 1945 vidimus,
1390 1906 1429 1935 et
1454 1905 1502 1935 ut
1518 1910 1614 1935 mox
1632 1896 1692 1933 di-

975 1961 1117 1996 sertius
1132 1967 1276 1995 narrat.
1299 1955 1552 2007 Conjunxere
1568 1953 1610 1992 h.
1628 1953 1694 1990 ad-

978 2016 1128 2053 duxere
1148 2029 1230 2062 me,
1255 2024 1302 2052 ut
1327 2027 1390 2050 me
1409 2012 1483 2049 tibi
1505 2012 1691 2063 adjunge-

977 2087 1020 2111 re
1036 2072 1228 2111 studeam.
1258 2074 1296 2107 V
1294 2071 1465 2108 olentem
1482 2083 1496 2106 .·
1510 2070 1693 2106 Homeri-

978 2145 1026 2169 co
1054 2143 1188 2177 more,
1206 2142 1288 2180 quo
1323 2125 1422 2165 ἑκὼν
1461 2123 1616 2164 ἀέκοντί
1642 2138 1689 2179 γε

975 2189 1080 2241 Θυμῷ
1102 2188 1267 2225 obvium
1285 2194 1356 2225 est.

996 2252 1000 2254 ’
1041 2247 1133 2290 134.
1155 2243 1375 2281 Αᾱνεῆἰεὶιν
1392 2244 1576 2285 Teucros,
1600 2239 1640 2277 h.
1655 2253 1687 2277 e.

976 2303 1025 2340 ad
1044 2305 1239 2347 Teucros;
1257 2314 1310 2338 sc.
1332 2297 1525 2351 Troadem
1537 2324 1548 2342 ‚
1569 2309 1687 2346 quam

974 2362 1127 2399 Teucer
1161 2367 1249 2395 tum
1289 2357 1470 2400 tenebat,
1502 2352 1689 2390 advectus

975 2425 1056 2463 est;
1076 2415 1289 2454 Dardanus
1303 2417 1361 2452 ihi
1376 2410 1605 2451 Dardanum
1622 2424 1691 2447 ur-

973 2459 1064 2510 bem
1096 2471 1397 2519 cond-idit311us
1425 2475 1554 2505 autem
1581 2465 1690 2504 filins

973 2531 1115 2568 Ilium:
1131 2530 1321 2566 hactenus
1337 2529 1470 2576 itaque
1486 2532 1604 2574 poeta
1626 2524 1687 2560 di-

974 2600 1060 2624 cere
1082 2588 1239 2636 potuit:
1267 2583 1408 2620 Iliacae
1436 2581 1588 2632 primus
1612 2596 1689 2632 pa-

975 2653 1037 2681 ter
1052 2642 1153 2679 urbis
1171 2651 1211 2678 et
1218 2649 1368 2678 auctor.
1379 2661 1438 2669 -
1455 2646 1546 2684 140.
1569 2640 1688 2690 Quic-

977 2712 1098 2751 quam
1116 2698 1152 2735 si
1169 2697 1291 2736 Goth.
1314 2706 1403 2736 tert.
1428 2698 1464 2735 si
1493 2700 1684 2751 quiquam

977 2760 1092 2795 Rom.
1111 2756 1260 2806 aliquot
1277 2755 1376 2793 Pier.
1391 2755 1520 2794 auditi
1535 2758 1570 2796 si
1583 2757 1685 2810 quic-
