1767 3054
572 145 648 180 AD
679 143 886 180 LIBRUM
914 145 1005 180 Vll.
1458 145 1534 192 387

48 231 190 271 porum
205 218 366 269 planitie
379 224 624 254 concurrunt
637 218 798 253 Turnus
815 225 854 253 et
870 219 1009 254 AEneas
1024 245 1034 263 ‚
1052 230 1187 268 pugna
1206 217 1303 254 facta
1317 231 1405 267 quae
1417 220 1546 255 AEnei·

50 287 140 324 dem
157 285 335 323 absolvit.
362 284 479 335 Fugit
503 283 626 319 fracto
648 296 738 319 ense
758 285 919 320 Turnus
940 296 949 321 :
968 284 1168 321 inclusum
1187 297 1225 321 se
1245 284 1350 321 videt
1369 285 1547 335 undique

52 364 228 390 acorona
247 350 507 401 spectantium
527 362 537 388 :
558 353 691 400 Atque
708 348 798 386 hinc
819 360 944 387 vasta
963 351 1102 401 palus,
1130 350 1223 388 hinc
1248 351 1377 388 ardua
1398 351 1547 388 moenia

52 420 219 472 cingunt
234 420 337 464 XII,
359 419 454 466 745.
474 418 630 457 Scilicet
650 417 712 456 hae
734 427 828 455 sunt
843 419 1013 468 paludes
1034 419 1311 464 Laurentina»,
1337 419 1385 457 ad
1410 419 1549 457 urbem

52 500 176 538 usque
209 486 414 537 productae
433 499 442 524 :
473 486 619 537 quibus
649 489 823 524 Laurens
847 487 912 524 hie
944 497 1090 525 tractus
1120 490 1335 525 etiamnum
1362 488 1494 525 invius
1514 497 1553 524 et

51 556 270 592 inaccessus
290 563 346 590 est
365 567 374 590 ε
396 554 501 591 idem
526 563 654 590 tamen
673 557 778 604 apris
793 555 992 604 frequens,
1013 570 1114 606 quos
1132 557 1246 593 toties
1265 564 1392 606 poetae
1408 569 1555 593 memo-

50 628 151 657 rant.
171 633 209 658 v.
229 620 388 659 Cluver.
410 634 449 671 p.
467 621 548 657 886
563 648 573 667 ,
597 619 693 667 8873
718 620 891 670 Vulpius
910 621 938 659 l.
956 636 989 659 0.
1008 636 1048 672 p.
1071 623 1136 659 36.
1151 625 1199 660 Et
1211 622 1258 658 de
1275 624 1322 659 iis
1342 624 1424 673 ipse
1439 624 1554 660 Maro

51 685 122 723 lib.
147 688 185 723 X
200 714 210 732 ,
235 699 310 734 107
339 700 423 737 sqq.
448 700 563 736 aper,
593 699 710 736 quem
728 685 875 723 multos
896 699 1021 724 3111105
1040 687 1222 739 defendit
1236 688 1359 737 palus
1382 691 1558 725 Lauren-

54 752 135 798 tia,
156 751 254 790 silva
265 762 408 803 pastus
428 753 667 791 arundinea.
689 754 783 790 Erat
801 754 922 804 igitur
945 754 1120 804 paluster
1148 754 1213 791 hic
1239 763 1385 791 tractus
1412 754 1555 804 passim

55 819 163 856 silvis
180 821 361 856 consitus
379 832 388 857 :
403 821 463 857 uti
477 821 641 857 omnino
654 832 834 870 magnam
848 821 929 870 agri
943 821 1171 857 Laurentini
1187 829 1339 871 partem
1347 819 1445 856 silva
1458 821 1558 855 Lau-

58 884 216 921 rentina
241 886 474 936 occupabat.
499 887 629 923 Latius
653 895 783 923 tamen
807 899 851 923 ea
878 887 1169 936 antiquioribus
1189 886 1436 937 temporibus
1465 899 1560 936 pro-

58 952 197 990 cedere
217 952 369 991 debuit.
391 955 446 991 Ea
463 962 520 990 est
533 981 544 1000 ,
565 953 613 990 de
630 966 706 1004 qua
723 953 792 990 lib.
816 955 873 990 IV
891 967 947 991 vs.
970 954 1047 991 381
1071 966 1156 1003 sqq.
1181 953 1402 1002 accipiendi
1419 965 1428 990 :
1452 953 1561 990 Silva

47 1018 134 1072 suit
147 1021 230 1057 late
247 1021 377 1057 dumis
393 1030 512 1070 atque
529 1020 620 1057 ilice
640 1020 757 1070 nigra
777 1020 964 1057 Horrida.
985 1023 1058 1058 Per
1074 1020 1144 1057 has
1163 1019 1295 1071 fugam
1312 1020 1477 1057 faciebat
1493 1022 1561 1058 Ni-

60 1100 126 1124 sus
143 1090 278 1124 castris
291 1101 468 1140 egressus
489 1086 537 1123 ad
556 1086 745 1123 interiora
764 1087 854 1123 loca
873 1099 1010 1123 versus
1034 1095 1187 1123 montes
1205 1086 1384 1125 Albanos
1396 1115 1407 1133 ,
1430 1095 1469 1123 et
1491 1088 1562 1136 qui

59 1155 108 1193 iis
125 1154 284 1203 subest,
301 1155 432 1193 lacum
450 1154 673 1204 Albanum,
693 1153 741 1191 ad
751 1166 870 1207 quem
889 1154 1050 1193 Latinus
1069 1162 1242 1192 armenta
1263 1163 1348 1193 tum
1365 1152 1559 1192 habebat:

59 1220 158 1260 ibid.
181 1221 258 1270 387
281 1236 339 1274 sq.

119 1288 158 1325 A
179 1289 378 1328 Laurento
391 1318 402 1338 ,
419 1290 453 1327 si
472 1287 522 1325 ad
541 1289 732 1327 orientem
750 1290 886 1341 paullo
910 1290 1025 1327 3111115
1044 1291 1087 1328 111
1099 1289 1386 1328 Mediterranea
1406 1302 1561 1340 proces-

71 1365 200 1400 seras,
217 1356 279 1391 111
302 1357 361 1393 M.
392 1368 577 1405 passuum
602 1369 622 1392 a
641 1356 763 1403 mari,
785 1355 994 1393 Lavinium
1016 1357 1064 1394 ab
1094 1359 1214 1394 AEnea
1238 1357 1313 1393 fuit
1331 1355 1559 1393 conditum:

65 1419 155 1457 urbs
167 1422 408 1472 etpromissa
425 1420 578 1461 Lavini*
588 1424 738 1461 moenia
757 1424 829 1462 lib.
850 1427 869 1461 I
883 1453 894 1471 ,
918 1425 1013 1462 258.
1035 1428 1068 1463 T
1072 1425 1127 1462 ria
1146 1427 1219 1461 ista
1237 1437 1426 1475 passuum
1438 1423 1560 1459 millia

65 1487 236 1526 redeunt
256 1489 304 1526 ad
323 1492 463 1529 XXIV
475 1490 597 1528 stadia
611 1519 621 1538 ,
634 1504 722 1542 quae
740 1491 881 1529 Strabo
892 1491 963 1529 Iih.
981 1494 1032 1538 V,
1049 1505 1089 1542 p.
1113 1492 1192 1528 350
1209 1493 1253 1537 B,
1271 1499 1309 1528 et
1327 1491 1495 1540 Dionys.
1516 1492 1534 1526 Ι
1549 1516 1559 1534 ,

69 1553 121 1590 56
143 1565 375 1594 memorant.
401 1559 439 1594 A
462 1559 589 1595 Roma
615 1557 747 1594 aberat
779 1557 899 1594 millia
933 1569 1121 1607 passuum
1144 1559 1240 1595 XX.
1268 1557 1347 1596 Sita
1372 1555 1468 1593 urbs
1497 1550 1560 1593 ἐπὶ

70 1617 178 1674 λόφῳ
200 1619 270 1660 τινὶ
290 1637 354 1674 ap.
375 1625 543 1676 Dionys.
565 1626 608 1671 1,
631 1625 682 1668 45
699 1653 709 1672 ,
727 1625 810 1662 sive
834 1623 946 1661 collis
964 1626 998 1661 is
1016 1625 1114 1671 fuit,
1136 1625 1180 1662 in
1198 1637 1278 1675 quo
1302 1637 1409 1661 nunc
1428 1625 1468 1660 S.
1487 1625 1562 1660 Pe-

65 1689 248 1727 tronellae
263 1691 416 1741 fanum
439 1698 520 1738 est',
539 1704 578 1730 v.
599 1691 759 1730 Cluver.
784 1705 824 1742 p.
849 1692 950 1742 894,
974 1705 1044 1728 seu
1062 1704 1146 1728 non
1168 1692 1287 1742 longe
1307 1691 1355 1728 ab
1375 1690 1561 1728 hocloco

67 1755 180 1793 collis
197 1758 268 1807 qui
289 1771 397 1794 nunc
415 1760 554 1794 Monte
576 1757 621 1792 di
642 1760 802 1792 Bevuno
823 1758 1053 1805 appellatur.
1076 1760 1130 1791 Ita
1155 1758 1385 1792 Holstenins
1414 1765 1561 1793 statue-

68 1820 138 1858 bat
161 1834 170 1859 :
190 1836 228 1860 v.
254 1823 379 1872 Vulp.
401 1823 428 1859 l.
448 1822 475 1858 l.
497 1836 538 1872 p.
564 1823 611 1858 31
637 1830 676 1857 et
696 1821 763 1858 86.
783 1820 937 1857 Ibidem
959 1820 1023 1856 alii
1046 1833 1120 1870 pro
1144 1828 1276 1857 vetere
1303 1821 1468 1857 Lavinio
1493 1819 1561 1857 ha·

69 1887 249 1926 buerunt
263 1888 501 1939 oppidulum
513 1886 677 1925 patrica
693 1887 757 1924 vel
769 1887 948 1932 Pratica,
966 1886 1075 1937 quod
1089 1888 1178 1924 Mla
1192 1899 1325 1937 passus
1341 1886 1391 1923 ab
1404 1900 1451 1924 eo
1464 1888 1564 1925 colle

71 1954 191 1992 abest.
212 1956 264 1991 Iis
279 1955 453 2005 Vulpius
475 1954 666 1991 hactenus
685 1952 953 1989 accedendum
979 1953 1198 1999 statuebat,
1219 1961 1265 1989 ut
1280 1952 1339 1989 ibi
1358 1953 1467 1989 lucus
1487 1956 1564 1990 Pa—

72 2021 141 2059 tris
155 2022 217 2059 vel
224 2022 331 2059 Jovis
343 2021 536 2073 Indigetis
547 2021 665 2058 fuisse
684 2019 885 2066 videatur;
906 2033 988 2057 esse
1007 2021 1112 2057 enim
1125 2033 1272 2057 nomen
1286 2032 1308 2056 a
1320 2022 1442 2057 Patre
1453 2019 1562 2058 Indi-

71 2098 157 2141 gete
180 2089 344 2127 ductum
361 2100 373 2128 t
393 2102 467 2126 nec
484 2090 601 2140 longe
620 2088 751 2125 abesse
772 2088 921 2125 sontem
939 2089 1132 2132 Numen,
1155 2087 1204 2124 ad
1223 2101 1342 2138 quem
1357 2089 1563 2126 Lavinium

72 2158 190 2195 situm
208 2158 327 2195 fuisse
347 2171 429 2195 uno
447 2171 515 2194 ore
535 2170 672 2194 omnes
696 2155 869 2194 tradunt.
891 2159 940 2194 In
962 2157 1063 2193 hanc
1082 2156 1223 2193 urbem
1247 2156 1366 2193 delati
1383 2165 1476 2194 sunt
1493 2160 1563 2196 Pe-

73 2234 181 2263 nates
206 2227 381 2274 Trojam'.
406 2229 534 2262 Varro
554 2224 602 2261 de
631 2227 674 2262 L.
703 2227 746 2262 L.
766 2226 843 2270 IV,
862 2238 903 2274 p.
932 2225 982 2261 35
1011 2223 1228 2274 Oppidum,
1260 2225 1368 2274 quod
1390 2224 1564 2274 primum

74 2293 278 2330 condicum
307 2292 348 2329 in
370 2292 487 2329 Latio
514 2291 644 2342 scirpis
670 2294 865 2329 Romame
886 2290 1090 2328 Lavinium
1104 2305 1120 2336 ;
1141 2304 1236 2328 nam
1256 2290 1310 2327 ibi
1329 2290 1387 2328 dii
1395 2301 1564 2341 penates

75 2361 208 2399 nostri.
222 2363 308 2398 Hoc
324 2374 349 2396 α
368 2359 507 2397 Latini
507 2359 606 2413 filia
618 2388 630 2405 ,
647 2373 736 2410 quae
754 2358 965 2410 conjuncta
978 2360 1133 2402 AEneae,
1149 2357 1315 2394 Lavinia
1333 2359 1562 2409 appellata:

74 2428 344 2466 ineditissima
374 2428 485 2465 collis
509 2436 643 2478 parte,
669 2435 707 2464 et
731 2426 891 2477 quidem
919 2427 1085 2463 Veneris
1112 2426 1240 2462 Frutis
1263 2426 1438 2476 templo,
1454 2428 1564 2475 cujus

75 2496 190 2533 etiam
221 2495 362 2534 Strabo
390 2497 441 2542 V,
461 2508 502 2545 p.
527 2495 607 2532 355
627 2496 664 2532 A
691 2492 760 2544 (p.
786 2495 864 2531 232
880 2492 894 2543 )
912 2494 1113 2539 meminit,
1135 2491 1305 2539 conditi,
1326 2494 1360 2530 si
1382 2494 1564 2532 Solinum

77 2560 208 2599 audias
225 2574 258 2599 c.
279 2563 301 2598 8
317 2590 328 2608 ‚
351 2561 423 2600 ubi
444 2575 483 2599 v.
503 2562 660 2599 Salmas.
678 2574 717 2611 p.
739 2573 815 2610 49,
834 2562 1005 2610 atquein
1023 2572 1070 2597 eo
1091 2559 1182 2597 loco
1204 2559 1355 2608 relicti,
1373 2563 1446 2598 etsi
1461 2561 1564 2598 Alba

77 2630 211 2679 Longa
222 2629 393 2677 condita,
404 2638 442 2668 et
453 2629 542 2667 sede
555 2630 665 2680 regni
677 2628 917 2666 facta.Etiam
930 2640 973 2664 ea
984 2629 1025 2664 in
1040 2640 1079 2664 10
1091 2635 1322 2678 portentum
1332 2629 1565 2675 intercessit,

79 2694 188 2746 quod
205 2696 372 2748 Dionys.
392 2700 411 2734 I
425 2726 435 2744 ,
458 2698 508 2745 67
532 2699 716 2747 exponit,
738 2704 776 2732 et
794 2695 842 2732 de
859 2707 940 2744 quo
958 2695 1232 2732 auctoritatem
1251 2695 1418 2732 Annalis
1432 2698 1567 2734 Ponti-

77 2761 223 2812 ficum,
235 2763 376 2811 Cincii,
390 2765 571 2812 Caesaris,
588 2763 811 2802 Tuberonis
830 2763 976 2801 excitat
993 2764 1134 2800 Victor
1153 2764 1202 2801 O.
1224 2763 1274 2801 G.
1295 2764 1343 2800 R.
1375 2762 1564 2811 17.Colo-
