1767 3054
791 131 943 167 mmm
977 131 1029 166 v.
1646 145 1663 177 ς

162 209 360 267 Jamque
384 202 506 255 dies,
531 201 579 246 ni
605 201 764 258 fallor,
786 202 941 257 adest,
966 216 1109 263 quem
1132 216 1317 262 semper
1342 203 1587 260 acerbum,

164 283 361 342 Semper
382 279 668 324 honoratum
685 314 697 335 ‚
724 277 789 323 sic
812 277 858 323 di
882 277 1124 334 voluistis,
1147 275 1351 326 habebo

163 360 300 403 Hunc
319 369 406 416 ego
428 354 622 402 Gaetulis
643 371 831 416 agerem
853 354 892 401 si
913 352 1134 415 Syrtibus
1156 353 1314 411 exsul,

161 430 443 493 Argolicove
463 430 582 476 mari
609 431 895 493 deprensus,
917 440 963 475 et
987 428 1104 474 urbe
1125 431 1361 490 Mycenae,

161 508 332 551 Annua
351 516 463 551 vota
488 516 643 552 tamen
664 505 980 567 sollennisque
1005 503 1171 550 ordine
1197 519 1393 566 pompas

161 582 482 642 Exsequerer,
503 593 831 643 strueremque
851 581 947 627 suis
968 579 1134 627 altaria
1157 579 1308 627 donis.

160 657 299 701 Nune
319 655 445 700 ultro
467 655 525 701 ad
551 656 733 703 cineres
755 657 901 718 ipsius
922 667 968 702 et
991 672 1096 702 ossa
1115 656 1346 717 parentis,

160 730 302 775 Haud
322 730 540 791 equidem
560 733 659 778 sine
684 743 863 789 mente,
885 747 1018 788 reor,
1041 731 1142 777 sine
1166 730 1357 775 numine
1383 729 1547 774 divum

158 801 423 861 Adsumus,
448 815 493 849 et
520 817 684 867 portus
708 806 850 852 delati
872 808 1102 853 intramus
1127 805 1315 851 amieos.

159 879 284 939 Ergo
305 877 450 940 agite,
473 890 518 925 et
544 879 703 926 laetum
727 880 885 926 cuncti
911 879 1204 925 celebremus
1224 878 1480 934 honorem3

155 1051 363 1098 ruut3hoc
380 1060 511 1090 tamen
531 1055 769 1104 exquisitius
792 1069 873 1092 esse

153 1109 326 1148 videtur.
345 1132 402 1138 —
421 1114 526 1148 Aras
544 1125 556 1148 :
576 1112 696 1149 funus
716 1126 735 1148 a
760 1115 875 1150 saeri-

156 1166 249 1205 ficio
274 1168 432 1205 funebri
462 1169 661 1220 designat,
690 1171 799 1220 quod
827 1172 873 1208 ad

154 1239 296 1276 rogum
316 1235 354 1263 et
380 1227 553 1264 cinerem
582 1241 681 1264 urna
700 1229 874 1266 conden-

155 1284 273 1329 dum,
302 1284 490 1321 Manibus
507 1284 639 1322 fiebat.
662 1286 710 1322 ef.
739 1301 776 1324 v.
806 1288 872 1323 86.

155 1343 257 1378 Mox
276 1341 467 1392 m'fallor
485 1342 584 1378 male
605 1342 653 1378 ad
671 1345 764 1380 anni
784 1358 874 1381 eon-

154 1399 373 1446 fnsionem‚
405 1413 494 1449 quae
514 1408 597 1436 erat
623 1400 731 1451 apud
754 1404 873 1449 majo-

154 1470 229 1503 res,
249 1457 372 1495 refert
384 1459 556 1496 Servius.
578 1438 760 1496 fieroicis
778 1469 874 1497 tem-

153 1515 320 1566 poribus
346 1528 429 1553 non
462 1517 539 1552 nisi
572 1507 744 1555 at'solis
777 1518 875 1555 side-

153 1587 324 1624 rumque
379 1575 659 1612 conversiones
678 1603 688 1621 ‚
739 1576 874 1626 quales

152 1633 347 1682 cujusque
393 1632 519 1669 oculis
571 1634 837 1671 occurrebant
861 1664 871 1681 ‚

153 1690 487 1741 computabantur
507 1693 600 1728 anni
624 1699 663 1728 et
684 1691 780 1729 dies.
807 1694 875 1729 At-

151 1750 222 1799 qui
248 1750 291 1785 in
322 1748 384 1785 his
417 1761 501 1786 non
533 1762 687 1799 semper
721 1763 874 1787 summa

153 1806 369 1852 subtilitas,
395 1808 472 1843 nisi
500 1820 551 1844 ex
570 1816 675 1853 arte,
705 1816 777 1846 est.
800 1809 872 1846 Ce-

155 1872 284 1900 terum
322 1878 388 1901 vv.
432 1871 485 1914 49
520 1878 605 1915 sqq.
632 1867 873 1904 ornatissimi

153 1929 246 1958 sunt
266 1930 304 1957 et
335 1921 475 1971 pathos
497 1922 672 1969 habent3
703 1937 743 1960 se
766 1923 871 1961 diem

152 1978 446 2016 celebraturum
463 1992 543 2016 esse
559 1993 714 2030 semper
729 1990 767 2018 et
786 1983 873 2018 ubi-

153 2050 230 2088 que
249 2066 258 2080 ,
296 2038 336 2073 in
382 2037 536 2074 deserto
558 2067 568 2084 ‚
613 2039 655 2074 in
695 2039 794 2075 mari
833 2049 871 2076 et

152 2094 290 2132 mediis
314 2096 356 2131 iu
378 2094 575 2133 hostibus,

213 2154 280 2191 51.
321 2154 440 2190 Nunc
490 2167 563 2202 ego
611 2154 804 2192 refellitur
850 2169 869 2192 a

152 2212 288 2249 Burm.
312 2213 470 2262 Age-rer
500 2213 659 2263 Hagen.
696 2215 868 2251 Distine-

148 2270 299 2307 tionem
334 2279 423 2320 post
455 2271 571 2306 Hunc
603 2284 676 2321 ego
710 2273 870 2316 sustulit

151 2329 314 2374 Burm.‚
363 2336 408 2364 ut
439 2327 538 2365 adeo
572 2329 622 2364 sit
656 2330 773 2365 Hunc
794 2343 866 2380 ego

150 2398 313 2437 agerem
331 2415 341 2430 ,
377 2385 411 2421 si
443 2386 561 2423 exsul
578 2400 752 2437 agerem.
783 2390 865 2425 Du-

149 2443 235 2481 bito
250 2472 259 2489 ,
285 2457 335 2481 an
361 2444 416 2481 sic
442 2453 557 2494 poeta
578 2446 743 2481 senserit
764 2457 773 2482 :
796 2449 865 2496 qui

150 2500 252 2539 forte
273 2516 344 2553 per
368 2498 637 2540 ἀνταπόὸῡτεν
657 2503 768 2554 loqui
785 2517 864 2540 ma-

149 2558 250 2597 luit:
286 2562 404 2597 Hunc
424 2574 521 2612 ego,
551 2561 584 2597 se'
606 2583 664 2589 —
684 2570 723 2598 et
758 2575 868 2599 nunc

148 2625 346 2655 structura
366 2627 514 2657 mutata
539 2632 548 2657 :
576 2633 868 2657 annua—ez·-

148 2687 343 2726 sequerer.
362 2698 420 2706 —-
443 2678 492 2715 51
519 2699 578 2707 ·—-
599 2679 622 2716 5
629 2685 665 2723 4.
699 2679 868 2716 Gaemlae

153 2733 291 2781 Syrtes*
314 2735 448 2785 paullo
484 2736 600 2774 latius
633 2735 772 2782 dictae,
817 2751 867 2773 ex

150 2801 259 2829 more
300 2801 521 2843 poetarum.
571 2796 671 2834 Nam
721 2794 868 2832 Goetuli

941 1067 1079 1091 versus
1109 1054 1358 1092 occidentem
1389 1052 1534 1090 Afrieae
1564 1055 1664 1090 etin

943 1111 1147 1149 meridiem
1168 1113 1412 1149 habitarunt.
1425 1133 1483 1139 -——
1498 1112 1564 1148 52.
1588 1113 1663 1147 Ar-

939 1169 1153 1221 golt'coque
1171 1172 1535 1219 F1·an0.Depressus
1550 1169 1658 1206 Leid.
1720 1205 1722 1207 ,

942 1241 1012 1265 un.
1028 1236 1067 1264 et
1081 1228 1204 1266 Goth.
1219 1241 1313 1274 sec„
1334 1241 1383 1264 ex
1394 1240 1516 1264 more.
1531 1227 1581 1264 ef.
1603 1229 1661 1264 IV

943 1285 1147 1335 Georg.42
1159 1298 1173 1321 1
1183 1314 1191 1322 .
1203 1287 1386 1334 Mycenae
1394 1285 1540 1322 Medic.
1554 1284 1662 1322 Gud.

943 1355 1034 1379 cum
1063 1343 1146 1379 aliis
1176 1343 1522 1393 praestantioribus
1555 1344 1662 1393 apud

942 1401 1042 1437 Pier.
1060 1409 1099 1437 et
1116 1402 1253 1438 Heius.
1283 1402 1377 1438 item
1397 1402 1557 1439 Servius
1571 1430 1582 1447 ,
1618 1411 1663 1438 ut

941 1458 1076 1494 urbem
1111 1458 1256 1495 Patavi
1284 1473 1373 1508 sup.
1393 1461 1434 1505 I,
1474 1467 1570 1506 247.
1604 1482 1662 1488 —

943 1515 1244 1565 Deprehensus,
1280 1517 1459 1554 sollenne
1494 1517 1543 1553 de
1574 1531 1665 1568 pro-

943 1571 1056 1611 cella.
1079 1574 1160 1612 vid.
1185 1576 1371 1625 Georgic.
1395 1576 1465 1619 IV,
1491 1588 1529 1612 v.
1567 1582 1663 1619 421.

941 1633 1062 1669 Nunc
1095 1641 1226 1669 tamen
1247 1633 1481 1682 simpliciter
1509 1632 1558 1670 de
1588 1647 1635 1671 eo
1655 1663 1664 1679 ,

943 1691 1010 1726 eui
1049 1691 1279 1741 importuna
1309 1704 1370 1727 res
1408 1691 1537 1728 alieno
1570 1700 1664 1728 tem-

941 1761 1039 1797 pore
1055 1750 1310 1798 supervenit3
1330 1761 1403 1798 pro
1427 1749 1581 1800 vulgari
1602 1762 1611 1787 :
1633 1753 1665 1787 si

941 1819 1117 1842 versarer
1148 1807 1192 1842 in
1225 1807 1501 1857 navigatione,
1523 1816 1593 1844 aut
1623 1810 1663 1845 in

941 1863 1027 1901 solo
1050 1864 1197 1902 hostili.
1220 1867 1416 1913 Pompas,
1443 1865 1602 1902 inferias
1625 1875 1663 1902 et

941 1923 1157 1971 parentalia
1185 1921 1234 1958 ab
1263 1930 1453 1971 apparatu
1480 1921 1662 1960 sacrificii

938 1980 1110 2016 sollenni
1141 1980 1321 2029 designat
1340 2001 1398 2006 —
1418 1980 1484 2023 54.
1512 1981 1662 2031 Exqui-

938 2037 1010 2073 site
1048 2037 1198 2074 altaria
1233 2035 1444 2081 struimus,
1491 2041 1660 2076 exstrui·

938 2107 1050 2139 mus,
1090 2094 1218 2132 donis.
1248 2095 1385 2145 Vulgo
1417 2095 1527 2132 dona
1556 2095 1596 2134 h.
1623 2111 1658 2136 e.

937 2165 1056 2190 sacrae
1079 2167 1139 2190 res
1153 2182 1163 2200 ‚
1193 2166 1283 2203 quae
1305 2153 1557 2200 offeruntur,
1590 2168 1660 2191 ex-

936 2220 1140 2248 slrmmtur
1168 2211 1207 2248 in
1239 2224 1327 2248 ara.
1344 2211 1530 2258 —Sui5,
1556 2212 1596 2250 h.
1623 2228 1655 2251 e.

936 2268 1093 2308 debitis.
1115 2270 1164 2307 cf.
1180 2269 1262 2307 Ecl.
1285 2272 1345 2306 111
1360 2299 1371 2316 ‚
1394 2270 1482 2310 62..

997 2328 1049 2365 55
1080 2342 1138 2379 sq.
1169 2331 1332 2378 Quanto
1366 2328 1488 2379 magis
1514 2341 1624 2365 nunc
1644 2358 1653 2374 ‚

934 2398 1024 2422 eum
1053 2395 1143 2431 ete.,
1168 2399 1254 2424 sme
1287 2396 1443 2431 mente,
1476 2400 1564 2423 sene
1587 2400 1658 2423 tm-

934 2444 1040 2481 mine
1057 2444 1210 2490 divam,
1231 2446 1316 2481 sine
1336 2444 1502 2482 consilio
1527 2458 1570 2482 ac
1591 2458 1656 2483 vo·

932 2502 1084 2540 luntate
1103 2503 1351 2541 deorum.—
1368 2503 1432 2541 ’8.
1455 2505 1510 2540 Ec
1525 2504 1660 2540 cuncti

935 2561 1072 2598 laetum
1092 2562 1226 2613 vulgg.
1248 2561 1364 2599 codd.
1391 2570 1429 2598 et
1444 2561 1534 2599 edd,
1555 2575 1654 2612 prae-

936 2627 995 2656 ter
1015 2622 1114 2657 Pier.
1129 2629 1166 2657 et
1185 2622 1316 2658 Heius,
1332 2623 1485 2657 Laetum
1505 2619 1654 2656 cunctis

933 2680 1037 2724 conj.
1062 2680 1197 2716 Heius.
1212 2679 1305 2719 an
1318 2677 1544 2725 jucundum
1556 2706 1565 2723 ‚
1583 2678 1650 2714 sed

934 2745 1089 2787 gratum
1119 2749 1272 2773 sacrum
1302 2735 1526 2787 significare
1554 2735 1650 2771 vult.

934 2816 992 2823 —
1027 2796 1250 2839 Honorem,
1302 2793 1454 2832 easdem
1496 2793 1653 2830 inferias
