1767 3054
238 158 320 195 410
813 139 1091 178 EXCURSUS
1121 138 1161 174 II

230 225 315 274 pari
342 218 463 259 modo
482 217 703 271 graviorem
727 227 901 252 caussam
930 213 1063 263 clypei
1089 211 1138 248 ab
1165 207 1341 248 Hesiodo
1372 215 1453 245 tam
1479 208 1638 259 copiose
1667 207 1739 246 de-

234 290 386 340 scripti.

291 358 464 396 Inferior
486 358 664 393 Homero
687 353 729 389 in
749 351 827 388 hoc
857 350 973 386 Maro
1002 355 1082 394 cst,
1101 356 1147 384 ut
1166 348 1246 395 jam
1265 359 1286 383 a
1302 346 1439 385 Servio
1458 343 1710 382 observatum
1724 370 1737 390 ‚

234 426 318 465 illic
337 425 494 476 singula
509 452 519 470 ,
550 423 643 458 dum
652 419 785 473 fiunt,
814 424 1034 453 narrantur
1050 429 1063 451 .·
1091 413 1154 451 hic
1174 428 1275 452 vero
1294 413 1475 465 perficto
1497 425 1614 463 opere
1644 425 1737 449 nos-

231 503 385 531 cuntur.
400 492 511 528 Nam
534 498 571 525 et
591 486 652 523 hic
673 498 790 521 arma
804 482 914 534 prius
931 480 1088 531 accepit
1103 482 1259 518 AEneas
1275 494 1397 531 quam
1414 487 1612 530 spectaret
1620 492 1638 524 ;
1653 476 1708 514 ibi
1717 505 1732 522 ‚

225 572 442 614 postquam
467 554 603 593 omnia
633 562 803 591 narrata
830 560 942 596 sunt,
962 549 1018 586 sie
1038 561 1066 583 a
1088 547 1252 585 Thetide
1273 547 1504 598 deferuntur
1519 546 1578 583 ad
1597 544 1738 583 Achil-

234 632 326 668 lem.
350 630 450 678 Quae
465 625 527 662 bis
547 622 707 671 subjicit
738 620 810 657 alia
835 619 992 658 Servius
1006 645 1016 663 ‚
1035 629 1121 653 non
1147 614 1354 666 probanda
1377 627 1518 653 censeo
1537 627 1547 654 :
1576 627 1736 660 verum,

233 708 358 746 quum
376 693 426 731 ab
444 695 622 730 Homero
639 689 800 726 alteram
818 686 1014 723 rationem
1032 690 1269 733 occupatam
1283 680 1454 728 videret,
1478 680 1577 731 quid
1594 681 1739 718 faceret

233 766 351 802 Maro
365 790 376 809 ‚
398 762 495 806 nisi,
512 767 582 805 ut,
602 758 636 794 si
662 755 762 807 quid
791 766 938 792 novare
966 751 1146 797 volebat,
1175 749 1286 800 quod
1306 750 1446 799 utique
1475 747 1663 795 debebat,
1686 748 1738 785 ad

235 832 421 877 alteram,
453 827 518 865 vel
544 826 718 869 invitus,
743 819 1021 865 descenderet,
1042 825 1300 868 narraretque
1325 816 1423 853 adeo
1445 828 1490 852 ac
1510 816 1645 866 potius
1669 815 1738 853 de-

234 898 426 937 scriberet
439 924 449 942 ,
472 906 561 945 quae
576 894 656 940 jam
675 892 774 927 facta
793 895 918 926 erant.
934 885 1011 925 Sed
1028 885 1113 922 haec
1131 886 1211 933 jam
1226 883 1428 921 veteribus
1444 882 1650 921 observata
1662 912 1673 931 ,
1691 893 1740 922 nt

233 970 278 1005 in
296 966 431 1006 Servio
454 962 650 1006 vidimus,
672 958 788 996 docte
815 969 859 993 ac
889 954 1089 992 subtiliter
1117 953 1304 1004 exposuit
1325 952 1550 1003 Lessingius
1565 952 1610 990 in
1633 953 1739 989 Iao-

238 1044 383 1074 coonte
415 1048 456 1085 p.
484 1034 564 1077 184
583 1044 670 1082 sqq.

292 1105 362 1141 Est
388 1111 520 1139 tamen
548 1097 657 1137 aliud
687 1110 772 1135 non
797 1108 907 1147 aeque
936 1093 1215 1140 observatum,
1248 1090 1358 1143 quod
1391 1099 1525 1129 tamen
1550 1101 1740 1142 magnum

236 1174 342 1209 inter
354 1172 577 1208 Homerum
595 1175 633 1203 et
650 1165 867 1217 Virgilium
881 1191 892 1211 ,
913 1172 952 1200 et
964 1163 1173 1213 utriusque
1193 1161 1326 1213 clypei
1344 1159 1649 1210 descriptionem
1663 1157 1744 1196 dis·-

237 1241 388 1277 crimen
418 1236 638 1275 constituit.
672 1233 738 1271 Ab
774 1235 951 1270 Homero
982 1238 1214 1282 argumenta
1249 1231 1303 1266 ita
1330 1227 1523 1278 descripta
1556 1235 1673 1274 sunt,
1698 1236 1741 1265 ut

235 1307 440 1344 oculorum
473 1302 607 1341 sensui
625 1301 801 1350 objecta,
831 1309 872 1337 ec
891 1306 987 1335 ante
1009 1298 1143 1335 oeulos
1166 1295 1304 1347 posita
1335 1308 1419 1332 esse
1441 1293 1680 1337 videantur;
1699 1300 1741 1329 at.

236 1373 432 1424 Virgilius
460 1371 574 1408 aliam
600 1370 705 1406 viam
727 1369 925 1418 ingressus
947 1364 1073 1402 menti
1102 1373 1140 1402 et
1171 1362 1333 1407 animo,
1357 1375 1426 1408 ea,
1445 1373 1534 1411 quae
1556 1371 1738 1410 expressa

235 1442 279 1477 in
295 1440 438 1491 clypeo
454 1438 603 1475 fuerint
614 1465 624 1483 ‚
644 1433 865 1487 cogitanda
877 1462 888 1479 ,
911 1447 994 1470 non
1011 1431 1196 1470 videnda
1208 1460 1219 1476 ,
1239 1430 1443 1481 proponit.
1457 1429 1560 1466 Nam
1575 1438 1742 1464 exorsus

235 1515 317 1544 erat
335 1519 344 1544 ε
366 1505 453 1543 Illic
475 1519 535 1542 res
558 1504 686 1541 Italas
690 1502 854 1554 feaerc‘zc
870 1515 909 1538 v.
931 1500 1015 1537 626
1031 1527 1042 1546 ‚
1055 1512 1132 1536 nec
1154 1510 1250 1535 vero
1271 1509 1334 1533 eas
1353 1495 1540 1544 deinceps
1559 1501 1715 1530 enarrat
1727 1520 1739 1540 ‚

237 1574 305 1611 sed
330 1574 487 1623 potiora
515 1579 668 1607 tantum
697 1568 892 1606 nonnulla
924 1580 975 1603 ex
1003 1568 1050 1603 iis
1079 1565 1257 1616 attingit,
1279 1563 1354 1601 alia
1373 1562 1557 1599 disertius
1581 1558 1743 1610 quidem

239 1642 406 1691 exponit
419 1667 430 1685 ‚
453 1641 506 1675 ita
525 1647 656 1674 tamen
669 1664 678 1682 ,
702 1645 748 1672 ut
765 1637 809 1672 in
826 1642 998 1671 mentem
1017 1635 1152 1683 potius
1172 1639 1353 1678 revocet,
1373 1638 1412 1667 et
1424 1657 1436 1676 ,
1452 1625 1656 1678 quomodo
1675 1640 1743 1664 ex-

238 1721 371 1760 pressa
392 1708 471 1744 sint
489 1712 555 1742 aut
576 1717 657 1741 esse
680 1703 905 1753 potuerint,
931 1699 1149 1748 judicanda
1165 1698 1309 1735 lectori
1325 1697 1536 1746 relinquat.
1560 1694 1743 1732 Nec.nisi

236 1777 283 1811 iu
305 1774 425 1811 rebus
443 1772 617 1823 Augusti
635 1770 684 1806 ad
706 1769 837 1819 clypei
853 1770 977 1818 ipsam
997 1767 1168 1816 speciem
1187 1764 1363 1801 animum
1380 1768 1564 1799 nostrum
1583 1768 1744 1796 revocat

241 1852 279 1879 et
300 1841 568 1893 anaglyphum
594 1851 696 1890 opus
715 1836 878 1888 aliquod
900 1834 1089 1872 describit
1107 1844 1116 1870 :
1143 1833 1193 1881 67
1206 1844 1222 1869 1
1255 1832 1354 1869 Haec
1374 1829 1479 1868 incer
1498 1827 1640 1866 tumidi
1660 1827 1744 1865 late

243 1912 365 1948 maris
384 1910 467 1947 ibae
489 1910 624 1962 imago
648 1922 733 1960 sqq.

297 1983 483 2031 Pugnam
499 1980 543 2015 in
561 1977 704 2029 clypeo
721 1975 968 2026 exsculptam
986 1976 1192 2013 Romanus
1207 1979 1324 2022 poeta
1339 1964 1493 2020 egregie
1513 1956 1700 2012 variavit,
1712 1966 1743 2003 si

241 2063 332 2086 cum
356 2047 569 2086 Homerico
590 2055 628 2083 et
643 2044 841 2082 Hesiodeo
862 2044 1005 2095 clypeo
1025 2052 1240 2091 compares.
1260 2038 1392 2075 Graeci
1409 2043 1538 2087 poetae
1551 2034 1622 2072 illo
1641 2034 1741 2070 anti·

242 2130 323 2168 quo
343 2128 524 2153 sermone
545 2113 732 2165 praeclare
757 2113 800 2148 in
819 2112 897 2149 hoc
920 2113 982 2147 nsi
1001 2117 1134 2154 erant,
1151 2117 1198 2145 ut
1214 2098 1364 2159 ἔριδα,
1380 2106 1496 2156 Κῆρα
1508 2131 1520 2150 ,
1540 2099 1683 2150 Φόβον,
1699 2102 1740 2138 in

243 2187 325 2222 acie
356 2185 655 2222 constituerent.
678 2179 850 2219 Reddita
867 2179 952 2216 baec
973 2179 1059 2228 ipsa
1086 2184 1152 2213 aut
1168 2174 1309 2212 similia
1324 2171 1535 2222 sculptoris
1552 2177 1635 2207 arte
1657 2169 1739 2206 fue-

242 2260 339 2288 runt
356 2253 400 2288 in
418 2249 579 2302 Cypseli
595 2261 680 2285 arca
699 2247 805 2298 apud
822 2246 1051 2285 Pausaniam
1063 2272 1074 2291 ‚
1091 2255 1179 2293 quae
1196 2240 1396 2292 sigillatim
1410 2238 1507 2275 olim
1525 2236 1738 2274 accuratius

244 2333 264 2355 a
287 2333 349 2356 me
382 2319 561 2369 exposita
596 2325 690 2354 sunt
710 2329 718 2354 :
740 2315 931 2367 Virgilius
953 2324 1138 2364 pugnam
1172 2308 1356 2345 navalem
1387 2305 1591 2343 substituit
1620 2311 1660 2340 et
1693 2303 1736 2340 al:

242 2386 430 2434 Apolline
454 2386 617 2422 Actiaco
639 2384 802 2434 propria
827 2393 963 2418 rerum
989 2384 1217 2429 argumenta
1240 2375 1383 2425 petivit
1407 2384 1527 2409 verss.
1548 2370 1628 2417 677
1656 2383 1735 2420 sqq.

301 2455 438 2501 Quum
455 2454 497 2488 in
509 2451 571 2488 his
587 2451 801 2502 Virgilium
813 2449 878 2486 vel
895 2446 1103 2484 defendam
1120 2444 1185 2481 vel
1196 2454 1381 2480 excusem
1393 2468 1405 2487 ‚
1416 2447 1475 2476 est
1489 2436 1615 2483 aliud,
1632 2438 1734 2487 quod

245 2518 293 2554 ab
323 2518 407 2554 aliis
431 2531 516 2554 non
545 2517 830 2568 reprehensum
856 2514 997 2559 videm
1016 2514 1100 2562 ipse
1122 2523 1223 2561 aegre
1247 2509 1344 2546 fero.
1370 2508 1420 2543 In
1447 2516 1577 2540 rerum
1595 2503 1733 2541 scilice·

243 2583 410 2627 dilectu,
435 2597 531 2632 quas
560 2585 603 2620 in
632 2584 774 2633 clypeo
804 2581 1027 2630 exsculptas
1054 2577 1184 2624 dedit,
1212 2582 1366 2612 certum
1380 2569 1574 2620 judicium
1596 2570 1666 2606 vix
1683 2582 1732 2606 se-

245 2658 397 2701 quutus
417 2649 544 2685 videri
567 2658 711 2699 potest.
730 2650 894 2687 Omissis
915 2649 1020 2684 enim
1043 2644 1172 2681 multo
1189 2638 1423 2678 clarioribus
1437 2637 1550 2674 factis
1569 2638 1727 2674 intexui

244 2715 438 2753 nonnulla
453 2742 463 2759 ,
483 2727 570 2762 quae
595 2714 798 2764 quomodo
817 2716 922 2752 inter
946 2712 1162 2762 insigniora
1180 2711 1453 2746 Romanorum
1470 2703 1571 2741 facta
1591 2701 1653 2739 vel
1668 2701 1729 2740 fat·¹

245 2781 382 2820 referri
405 2781 609 2831 potuerint
636 2794 721 2820 non
745 2792 957 2836 assequor}
980 2786 1028 2816 ut
1049 2776 1150 2815 Meti
1171 2776 1202 2813 F
1205 2772 1332 2831 uffetii
1353 2770 1728 2823 suppliciumque«

1755 497 1763 562 1

1759 574 1762 581 ψ
