<?xml version="1.0" encoding="UTF-8"?>
<!DOCTYPE html PUBLIC "-//W3C//DTD XHTML 1.0 Transitional//EN"
    "http://www.w3.org/TR/xhtml1/DTD/xhtml1-transitional.dtd">
<html xmlns="http://www.w3.org/1999/xhtml" xml:lang="en" lang="en">
 <head>
  <title>
</title>
<meta http-equiv="Content-Type" content="text/html;charset=utf-8" />
  <meta name='ocr-system' content='tesseract 3.04.00' />
  <meta name='ocr-capabilities' content='ocr_page ocr_carea ocr_par ocr_line ocrx_word'/>
</head>
<body>
  <div class='ocr_page' id='page_1' title='image "./operahey03virguoft_0044.png"; bbox 0 0 1767 3054; ppageno 0'>
   <div class='ocr_carea' id='block_1_1' title="bbox 135 139 1632 1017">
    <p class='ocr_par' dir='ltr' id='par_1_1' title="bbox 138 139 1003 181">
     <span class='ocr_line' id='line_1_1' title="bbox 138 139 1003 181; baseline 0.008 -7"><span class='ocrx_word' id='word_1_1' title='bbox 138 139 186 181; x_wconf 59' lang='lat'>33.</span> <span class='ocrx_word' id='word_1_2' title='bbox 759 143 1003 181; x_wconf 71' lang='lat' dir='ltr'>AENEIDOS</span> 
     </span>
    </p>

    <p class='ocr_par' dir='ltr' id='par_1_2' title="bbox 135 208 1431 278">
     <span class='ocr_line' id='line_1_2' title="bbox 135 208 1431 278; baseline 0.008 -27"><span class='ocrx_word' id='word_1_3' title='bbox 135 212 334 268; x_wconf 83' lang='lat' dir='ltr'>Jamque</span> <span class='ocrx_word' id='word_1_4' title='bbox 359 208 457 254; x_wconf 88' lang='lat' dir='ltr'>fere</span> <span class='ocrx_word' id='word_1_5' title='bbox 481 209 633 271; x_wconf 89' lang='lat' dir='ltr'>spatio</span> <span class='ocrx_word' id='word_1_6' title='bbox 660 221 894 269; x_wconf 81' lang='lat' dir='ltr'>extremo,</span> <span class='ocrx_word' id='word_1_7' title='bbox 918 213 1142 274; x_wconf 79' lang='lat' dir='ltr'><strong>fessique,</strong></span> <span class='ocrx_word' id='word_1_8' title='bbox 1169 214 1257 260; x_wconf 88' lang='lat' dir='ltr'>sub</span> <span class='ocrx_word' id='word_1_9' title='bbox 1283 216 1431 278; x_wconf 81' lang='lat' dir='ltr'>ipsam</span> 
     </span>
    </p>

    <p class='ocr_par' dir='ltr' id='par_1_3' title="bbox 136 281 1322 348">
     <span class='ocr_line' id='line_1_3' title="bbox 136 281 1322 348; baseline 0.008 -22"><span class='ocrx_word' id='word_1_10' title='bbox 136 282 299 327; x_wconf 88' lang='lat' dir='ltr'>Finem</span> <span class='ocrx_word' id='word_1_11' title='bbox 324 281 665 340; x_wconf 83' lang='lat' dir='ltr'>adventabant,</span> <span class='ocrx_word' id='word_1_12' title='bbox 694 284 784 329; x_wconf 75' lang='lat' dir='ltr'>levi</span> <span class='ocrx_word' id='word_1_13' title='bbox 805 301 912 330; x_wconf 89' lang='lat' dir='ltr'>cum</span> <span class='ocrx_word' id='word_1_14' title='bbox 933 287 1157 348; x_wconf 83' lang='lat' dir='ltr'>sanguine</span> <span class='ocrx_word' id='word_1_15' title='bbox 1180 289 1322 336; x_wconf 83' lang='lat' dir='ltr'>Nisus</span> 
     </span>
    </p>

    <p class='ocr_par' dir='ltr' id='par_1_4' title="bbox 138 355 1150 422">
     <span class='ocr_line' id='line_1_4' title="bbox 138 355 1150 422; baseline 0.005 -20"><span class='ocrx_word' id='word_1_16' title='bbox 138 355 337 403; x_wconf 84' lang='lat' dir='ltr'>Labitur</span> <span class='ocrx_word' id='word_1_17' title='bbox 358 358 542 416; x_wconf 79' lang='lat' dir='ltr'>infelix3</span> <span class='ocrx_word' id='word_1_18' title='bbox 565 359 694 405; x_wconf 83' lang='lat' dir='ltr'>caesis</span> <span class='ocrx_word' id='word_1_19' title='bbox 719 371 770 405; x_wconf 90' lang='lat' dir='ltr'>ut</span> <span class='ocrx_word' id='word_1_20' title='bbox 796 360 917 406; x_wconf 91' lang='lat' dir='ltr'>sorte</span> <span class='ocrx_word' id='word_1_21' title='bbox 936 361 1150 422; x_wconf 86' lang='lat' dir='ltr'>juvencis</span> 
     </span>
    </p>

    <p class='ocr_par' dir='ltr' id='par_1_5' title="bbox 137 430 1630 572">
     <span class='ocr_line' id='line_1_5' title="bbox 137 430 1630 495; baseline 0.006 -18"><span class='ocrx_word' id='word_1_22' title='bbox 137 434 286 478; x_wconf 90' lang='lat' dir='ltr'>Fusus</span> <span class='ocrx_word' id='word_1_23' title='bbox 311 430 509 476; x_wconf 90' lang='lat' dir='ltr'>humum</span> <span class='ocrx_word' id='word_1_24' title='bbox 529 432 788 494; x_wconf 83' lang='lat' dir='ltr'>viridisque</span> <span class='ocrx_word' id='word_1_25' title='bbox 813 450 956 495; x_wconf 87' lang='lat' dir='ltr'>super</span> <span class='ocrx_word' id='word_1_26' title='bbox 979 436 1292 483; x_wconf 82' lang='lat' dir='ltr'>madefecerat</span> <span class='ocrx_word' id='word_1_27' title='bbox 1312 437 1498 485; x_wconf 84' lang='lat' dir='ltr'>herbas.</span> <span class='ocrx_word' id='word_1_28' title='bbox 1570 449 1630 479; x_wconf 77' lang='lat'>330</span> 
     </span>
     <span class='ocr_line' id='line_1_6' title="bbox 137 505 1289 572; baseline 0.008 -23"><span class='ocrx_word' id='word_1_29' title='bbox 137 505 227 552; x_wconf 89' lang='lat' dir='ltr'>Hic</span> <span class='ocrx_word' id='word_1_30' title='bbox 246 505 435 567; x_wconf 67' lang='lat' dir='ltr'>juvenis</span> <span class='ocrx_word' id='word_1_31' title='bbox 449 507 547 567; x_wconf 86' lang='lat' dir='ltr'>jam</span> <span class='ocrx_word' id='word_1_32' title='bbox 573 507 726 551; x_wconf 84' lang='lat' dir='ltr'>victor</span> <span class='ocrx_word' id='word_1_33' title='bbox 746 522 890 558; x_wconf 87' lang='lat' dir='ltr'>ovans</span> <span class='ocrx_word' id='word_1_34' title='bbox 910 509 1107 570; x_wconf 73' lang='lat' dir='ltr'>vestigia</span> <span class='ocrx_word' id='word_1_35' title='bbox 1126 526 1289 572; x_wconf 90' lang='lat' dir='ltr'>presso</span> 
     </span>
    </p>

    <p class='ocr_par' dir='ltr' id='par_1_6' title="bbox 136 579 1327 648">
     <span class='ocr_line' id='line_1_7' title="bbox 136 579 1327 648; baseline 0.005 -23"><span class='ocrx_word' id='word_1_36' title='bbox 136 579 276 625; x_wconf 88' lang='lat' dir='ltr'>Haud</span> <span class='ocrx_word' id='word_1_37' title='bbox 298 579 448 624; x_wconf 85' lang='lat' dir='ltr'>tenuit</span> <span class='ocrx_word' id='word_1_38' title='bbox 474 579 675 626; x_wconf 86' lang='lat' dir='ltr'>titubata</span> <span class='ocrx_word' id='word_1_39' title='bbox 697 582 820 640; x_wconf 89' lang='lat' dir='ltr'>solo;</span> <span class='ocrx_word' id='word_1_40' title='bbox 846 582 927 628; x_wconf 90' lang='lat' dir='ltr'>sed</span> <span class='ocrx_word' id='word_1_41' title='bbox 951 599 1129 644; x_wconf 85' lang='lat' dir='ltr'>pronus</span> <span class='ocrx_word' id='word_1_42' title='bbox 1152 584 1201 629; x_wconf 91' lang='lat' dir='ltr'>in</span> <span class='ocrx_word' id='word_1_43' title='bbox 1223 586 1327 648; x_wconf 92' lang='lat' dir='ltr'>ipso</span> 
     </span>
    </p>

    <p class='ocr_par' dir='ltr' id='par_1_7' title="bbox 135 653 1312 720">
     <span class='ocr_line' id='line_1_8' title="bbox 135 653 1312 720; baseline 0.004 -19"><span class='ocrx_word' id='word_1_44' title='bbox 135 653 350 701; x_wconf 85' lang='lat' dir='ltr'>Concidit</span> <span class='ocrx_word' id='word_1_45' title='bbox 378 654 717 719; x_wconf 90' lang='lat' dir='ltr'>immundoque</span> <span class='ocrx_word' id='word_1_46' title='bbox 739 658 848 704; x_wconf 88' lang='lat' dir='ltr'>fimo</span> <span class='ocrx_word' id='word_1_47' title='bbox 872 674 1102 720; x_wconf 88' lang='lat' dir='ltr'>sacroque</span> <span class='ocrx_word' id='word_1_48' title='bbox 1128 674 1312 706; x_wconf 88' lang='lat' dir='ltr'>cruore.</span> 
     </span>
    </p>

    <p class='ocr_par' dir='ltr' id='par_1_8' title="bbox 136 733 1351 796">
     <span class='ocr_line' id='line_1_9' title="bbox 136 733 1351 796; baseline 0.004 -20"><span class='ocrx_word' id='word_1_49' title='bbox 136 734 243 776; x_wconf 86' lang='lat' dir='ltr'>Non</span> <span class='ocrx_word' id='word_1_50' title='bbox 265 740 420 775; x_wconf 92' lang='lat' dir='ltr'>tamen</span> <span class='ocrx_word' id='word_1_51' title='bbox 445 733 660 793; x_wconf 78' lang='lat' dir='ltr'>Euryali,</span> <span class='ocrx_word' id='word_1_52' title='bbox 685 749 781 779; x_wconf 91' lang='lat' dir='ltr'>non</span> <span class='ocrx_word' id='word_1_53' title='bbox 804 734 881 779; x_wconf 90' lang='lat' dir='ltr'>ille</span> <span class='ocrx_word' id='word_1_54' title='bbox 907 733 1081 780; x_wconf 83' lang='lat' dir='ltr'>oblitus</span> <span class='ocrx_word' id='word_1_55' title='bbox 1106 749 1351 796; x_wconf 87' lang='lat' dir='ltr'>amorum;</span> 
     </span>
    </p>

    <p class='ocr_par' dir='ltr' id='par_1_9' title="bbox 135 806 1632 945">
     <span class='ocr_line' id='line_1_10' title="bbox 135 806 1632 876; baseline 0.008 -25"><span class='ocrx_word' id='word_1_56' title='bbox 135 809 256 852; x_wconf 86' lang='lat' dir='ltr'>Nam</span> <span class='ocrx_word' id='word_1_57' title='bbox 281 821 381 854; x_wconf 84' lang='lat' dir='ltr'>sese</span> <span class='ocrx_word' id='word_1_58' title='bbox 405 806 628 870; x_wconf 86' lang='lat' dir='ltr'>obposuit</span> <span class='ocrx_word' id='word_1_59' title='bbox 647 809 774 855; x_wconf 91' lang='lat' dir='ltr'>Salio</span> <span class='ocrx_word' id='word_1_60' title='bbox 797 827 883 872; x_wconf 88' lang='lat' dir='ltr'>per</span> <span class='ocrx_word' id='word_1_61' title='bbox 900 809 1083 856; x_wconf 88' lang='lat' dir='ltr'>lubrica</span> <span class='ocrx_word' id='word_1_62' title='bbox 1106 827 1321 876; x_wconf 85' lang='lat' dir='ltr'>surgens;</span> <span class='ocrx_word' id='word_1_63' title='bbox 1572 823 1632 855; x_wconf 86' lang='lat'>335</span> 
     </span>
     <span class='ocr_line' id='line_1_11' title="bbox 136 880 1178 945; baseline 0.006 -20"><span class='ocrx_word' id='word_1_64' title='bbox 136 880 220 926; x_wconf 92' lang='lat' dir='ltr'>Ille</span> <span class='ocrx_word' id='word_1_65' title='bbox 246 894 403 928; x_wconf 90' lang='lat' dir='ltr'>autem</span> <span class='ocrx_word' id='word_1_66' title='bbox 427 883 574 945; x_wconf 86' lang='lat' dir='ltr'>spissa</span> <span class='ocrx_word' id='word_1_67' title='bbox 589 883 737 945; x_wconf 87' lang='lat' dir='ltr'>jacuit</span> <span class='ocrx_word' id='word_1_68' title='bbox 761 886 1002 931; x_wconf 74' lang='lat' dir='ltr'>revolutus</span> <span class='ocrx_word' id='word_1_69' title='bbox 1024 901 1178 932; x_wconf 87' lang='lat' dir='ltr'>arena.</span> 
     </span>
    </p>

    <p class='ocr_par' dir='ltr' id='par_1_10' title="bbox 137 953 1224 1017">
     <span class='ocr_line' id='line_1_12' title="bbox 137 953 1224 1017; baseline 0.006 -18"><span class='ocrx_word' id='word_1_70' title='bbox 137 953 319 1000; x_wconf 86' lang='lat' dir='ltr'>Emicat</span> <span class='ocrx_word' id='word_1_71' title='bbox 341 956 573 1017; x_wconf 85' lang='lat' dir='ltr'>Euryalus</span> <span class='ocrx_word' id='word_1_72' title='bbox 587 991 600 1016; x_wconf 93' lang='lat'>,</span> <span class='ocrx_word' id='word_1_73' title='bbox 622 968 668 1003; x_wconf 87' lang='lat' dir='ltr'>et</span> <span class='ocrx_word' id='word_1_74' title='bbox 691 974 886 1004; x_wconf 86' lang='lat' dir='ltr'>munere</span> <span class='ocrx_word' id='word_1_75' title='bbox 909 959 1063 1006; x_wconf 80' lang='lat' dir='ltr'>victor</span> <span class='ocrx_word' id='word_1_76' title='bbox 1088 960 1224 1005; x_wconf 87' lang='lat' dir='ltr'>amici</span> 
     </span>
    </p>
   </div>
   <div class='ocr_carea' id='block_1_2' title="bbox 134 1165 857 2825">
    <p class='ocr_par' dir='ltr' id='par_1_11' title="bbox 134 1165 855 2083">
     <span class='ocr_line' id='line_1_13' title="bbox 138 1165 852 1214; baseline 0.006 -11"><span class='ocrx_word' id='word_1_77' title='bbox 138 1165 327 1214; x_wconf 83' lang='lat' dir='ltr'>habebat3</span> <span class='ocrx_word' id='word_1_78' title='bbox 349 1169 449 1206; x_wconf 82' lang='lat' dir='ltr'>ratio</span> <span class='ocrx_word' id='word_1_79' title='bbox 473 1178 604 1206; x_wconf 84' lang='lat' dir='ltr'>tamen</span> <span class='ocrx_word' id='word_1_80' title='bbox 639 1182 682 1206; x_wconf 90' lang='lat' dir='ltr'>ac</span> <span class='ocrx_word' id='word_1_81' title='bbox 710 1184 771 1207; x_wconf 87' lang='lat' dir='ltr'>res</span> <span class='ocrx_word' id='word_1_82' title='bbox 793 1183 852 1206; x_wconf 90' lang='lat' dir='ltr'>re-</span> 
     </span>
     <span class='ocr_line' id='line_1_14' title="bbox 137 1227 850 1275; baseline 0.007 -14"><span class='ocrx_word' id='word_1_83' title='bbox 137 1227 257 1275; x_wconf 87' lang='lat' dir='ltr'>spuit.</span> <span class='ocrx_word' id='word_1_84' title='bbox 276 1227 391 1272; x_wconf 84' lang='lat' dir='ltr'>Nam,</span> <span class='ocrx_word' id='word_1_85' title='bbox 407 1230 440 1264; x_wconf 83' lang='lat' dir='ltr'>si</span> <span class='ocrx_word' id='word_1_86' title='bbox 452 1228 667 1266; x_wconf 87' lang='lat' dir='ltr'>transiisset</span> <span class='ocrx_word' id='word_1_87' title='bbox 684 1231 850 1275; x_wconf 86' lang='lat' dir='ltr'>socium,</span> 
     </span>
     <span class='ocr_line' id='line_1_15' title="bbox 138 1286 851 1338; baseline 0.004 -18"><span class='ocrx_word' id='word_1_88' title='bbox 138 1296 199 1320; x_wconf 89' lang='lat' dir='ltr'>res</span> <span class='ocrx_word' id='word_1_89' title='bbox 233 1296 317 1320; x_wconf 90' lang='lat' dir='ltr'>non</span> <span class='ocrx_word' id='word_1_90' title='bbox 347 1286 530 1338; x_wconf 80' lang='lat' dir='ltr'>ambigua</span> <span class='ocrx_word' id='word_1_91' title='bbox 567 1286 648 1332; x_wconf 84' lang='lat' dir='ltr'>jam</span> <span class='ocrx_word' id='word_1_92' title='bbox 691 1287 851 1334; x_wconf 77' lang='lat' dir='ltr'>fnisset,</span> 
     </span>
     <span class='ocr_line' id='line_1_16' title="bbox 137 1342 855 1391; baseline 0.006 -14"><span class='ocrx_word' id='word_1_93' title='bbox 137 1350 226 1379; x_wconf 90' lang='lat' dir='ltr'>uter</span> <span class='ocrx_word' id='word_1_94' title='bbox 242 1342 352 1391; x_wconf 90' lang='lat' dir='ltr'>prior</span> <span class='ocrx_word' id='word_1_95' title='bbox 372 1353 482 1381; x_wconf 88' lang='lat' dir='ltr'>esset.</span> <span class='ocrx_word' id='word_1_96' title='bbox 504 1344 649 1380; x_wconf 87' lang='lat' dir='ltr'>Verius</span> <span class='ocrx_word' id='word_1_97' title='bbox 672 1344 737 1381; x_wconf 88' lang='lat' dir='ltr'>alii</span> <span class='ocrx_word' id='word_1_98' title='bbox 760 1344 855 1382; x_wconf 88' lang='lat' dir='ltr'>editi</span> 
     </span>
     <span class='ocr_line' id='line_1_17' title="bbox 137 1401 852 1452; baseline 0.006 -17"><span class='ocrx_word' id='word_1_99' title='bbox 137 1407 177 1435; x_wconf 88' lang='lat' dir='ltr'>et</span> <span class='ocrx_word' id='word_1_100' title='bbox 208 1401 380 1449; x_wconf 87' lang='lat' dir='ltr'>scripti:</span> <span class='ocrx_word' id='word_1_101' title='bbox 409 1401 683 1452; x_wconf 79' lang='lat' dir='ltr'>ambiguumve</span> <span class='ocrx_word' id='word_1_102' title='bbox 710 1415 723 1438; x_wconf 93' lang='lat'>.·</span> <span class='ocrx_word' id='word_1_103' title='bbox 755 1401 852 1439; x_wconf 90' lang='lat' dir='ltr'>duc-</span> 
     </span>
     <span class='ocr_line' id='line_1_18' title="bbox 136 1457 851 1510; baseline 0.006 -17"><span class='ocrx_word' id='word_1_104' title='bbox 136 1464 220 1493; x_wconf 88' lang='lat' dir='ltr'>tum</span> <span class='ocrx_word' id='word_1_105' title='bbox 238 1458 344 1493; x_wconf 88' lang='lat' dir='ltr'>enim</span> <span class='ocrx_word' id='word_1_106' title='bbox 364 1467 421 1494; x_wconf 87' lang='lat' dir='ltr'>est</span> <span class='ocrx_word' id='word_1_107' title='bbox 436 1472 485 1495; x_wconf 80' lang='lat' dir='ltr'>ex</span> <span class='ocrx_word' id='word_1_108' title='bbox 507 1473 542 1497; x_wconf 84' lang='lat' dir='ltr'>v.</span> <span class='ocrx_word' id='word_1_109' title='bbox 564 1459 644 1495; x_wconf 80' lang='lat'>382</span> <span class='ocrx_word' id='word_1_110' title='bbox 670 1459 782 1506; x_wconf 85' lang='lat' dir='ltr'>Iliad,</span> <span class='ocrx_word' id='word_1_111' title='bbox 801 1457 826 1510; x_wconf 75' lang='grc' dir='ltr'>ψ</span> <span class='ocrx_word' id='word_1_112' title='bbox 841 1488 851 1507; x_wconf 87' lang='grc'>,</span> 
     </span>
     <span class='ocr_line' id='line_1_19' title="bbox 134 1511 855 1570; baseline 0.004 -18"><span class='ocrx_word' id='word_1_113' title='bbox 134 1511 214 1552; x_wconf 69' lang='grc' dir='ltr'>Καί</span> <span class='ocrx_word' id='word_1_114' title='bbox 237 1527 279 1551; x_wconf 81' lang='grc' dir='ltr'>νυ</span> <span class='ocrx_word' id='word_1_115' title='bbox 301 1527 364 1551; x_wconf 80' lang='grc' dir='ltr'>κεν</span> <span class='ocrx_word' id='word_1_116' title='bbox 393 1513 417 1557; x_wconf 76' lang='grc' dir='ltr'>ἢ</span> <span class='ocrx_word' id='word_1_117' title='bbox 437 1529 516 1569; x_wconf 69' lang='grc' dir='ltr'>παρ</span> <span class='ocrx_word' id='word_1_118' title='bbox 525 1515 652 1554; x_wconf 77' lang='grc' dir='ltr'>έ)ασσ’</span> <span class='ocrx_word' id='word_1_119' title='bbox 675 1515 699 1559; x_wconf 76' lang='grc' dir='ltr'>ἢ</span> <span class='ocrx_word' id='word_1_120' title='bbox 725 1514 855 1570; x_wconf 65' lang='grc' dir='ltr'>ἀμφή-</span> 
     </span>
     <span class='ocr_line' id='line_1_20' title="bbox 137 1570 853 1624; baseline 0.007 -17"><span class='ocrx_word' id='word_1_121' title='bbox 137 1584 238 1624; x_wconf 61' lang='lat' dir='ltr'>paors</span> <span class='ocrx_word' id='word_1_122' title='bbox 224 1586 260 1608; x_wconf 82' lang='grc' dir='ltr'>ν</span> <span class='ocrx_word' id='word_1_123' title='bbox 303 1570 430 1613; x_wconf 76' lang='grc' dir='ltr'>ἔθτκεν</span> <span class='ocrx_word' id='word_1_124' title='bbox 466 1574 552 1624; x_wconf 92' lang='lat' dir='ltr'>(sc.</span> <span class='ocrx_word' id='word_1_125' title='bbox 588 1574 660 1612; x_wconf 77' lang='grc' dir='ltr'>αὐτ</span> <span class='ocrx_word' id='word_1_126' title='bbox 664 1588 732 1621; x_wconf 71' lang='grc' dir='ltr'>ον,</span> <span class='ocrx_word' id='word_1_127' title='bbox 769 1588 853 1612; x_wconf 89' lang='lat' dir='ltr'>non</span> 
     </span>
     <span class='ocr_line' id='line_1_21' title="bbox 135 1629 853 1682; baseline 0.006 -17"><span class='ocrx_word' id='word_1_128' title='bbox 135 1629 330 1682; x_wconf 66' lang='grc' dir='ltr'>πρᾶγμα,</span> <span class='ocrx_word' id='word_1_129' title='bbox 354 1631 464 1678; x_wconf 88' lang='lat' dir='ltr'>quod</span> <span class='ocrx_word' id='word_1_130' title='bbox 487 1633 648 1682; x_wconf 85' lang='lat' dir='ltr'>vulgare</span> <span class='ocrx_word' id='word_1_131' title='bbox 672 1639 793 1678; x_wconf 87' lang='lat' dir='ltr'>esset,</span> <span class='ocrx_word' id='word_1_132' title='bbox 815 1641 853 1669; x_wconf 90' lang='lat' dir='ltr'>et</span> 
     </span>
     <span class='ocr_line' id='line_1_22' title="bbox 134 1687 854 1737; baseline 0.007 -16"><span class='ocrx_word' id='word_1_133' title='bbox 134 1687 294 1737; x_wconf 84' lang='lat' dir='ltr'>Virgilii</span> <span class='ocrx_word' id='word_1_134' title='bbox 308 1688 529 1726; x_wconf 84' lang='lat' dir='ltr'>imitatione</span> <span class='ocrx_word' id='word_1_135' title='bbox 547 1690 756 1735; x_wconf 84' lang='lat' dir='ltr'>refellitur3</span> <span class='ocrx_word' id='word_1_136' title='bbox 771 1703 854 1726; x_wconf 85' lang='lat' dir='ltr'>am-</span> 
     </span>
     <span class='ocr_line' id='line_1_23' title="bbox 136 1742 850 1798; baseline 0.006 -19"><span class='ocrx_word' id='word_1_137' title='bbox 136 1742 298 1795; x_wconf 78' lang='lat' dir='ltr'>biguum</span> <span class='ocrx_word' id='word_1_138' title='bbox 327 1757 382 1782; x_wconf 86' lang='lat' dir='ltr'>sc.</span> <span class='ocrx_word' id='word_1_139' title='bbox 411 1747 563 1782; x_wconf 90' lang='lat' dir='ltr'>socium</span> <span class='ocrx_word' id='word_1_140' title='bbox 589 1746 850 1798; x_wconf 78' lang='lat' dir='ltr'>reliquisset).</span> 
     </span>
     <span class='ocr_line' id='line_1_24' title="bbox 136 1801 850 1842; baseline 0.001 -3"><span class='ocrx_word' id='word_1_141' title='bbox 136 1803 205 1839; x_wconf 87' lang='lat' dir='ltr'>Est</span> <span class='ocrx_word' id='word_1_142' title='bbox 234 1801 330 1838; x_wconf 83' lang='lat' dir='ltr'>alter</span> <span class='ocrx_word' id='word_1_143' title='bbox 364 1803 478 1839; x_wconf 87' lang='lat' dir='ltr'>locus</span> <span class='ocrx_word' id='word_1_144' title='bbox 510 1804 647 1839; x_wconf 88' lang='lat' dir='ltr'>similis</span> <span class='ocrx_word' id='word_1_145' title='bbox 679 1804 706 1841; x_wconf 94' lang='lat' dir='ltr'>l.</span> <span class='ocrx_word' id='word_1_146' title='bbox 743 1817 777 1841; x_wconf 91' lang='lat' dir='ltr'>c.</span> <span class='ocrx_word' id='word_1_147' title='bbox 810 1817 850 1842; x_wconf 77' lang='lat' dir='ltr'>v.</span> 
     </span>
     <span class='ocr_line' id='line_1_25' title="bbox 141 1857 850 1912; baseline 0.001 -16"><span class='ocrx_word' id='word_1_148' title='bbox 141 1858 238 1904; x_wconf 83' lang='lat'>526,</span> <span class='ocrx_word' id='word_1_149' title='bbox 257 1858 362 1905; x_wconf 78' lang='lat'>527,</span> <span class='ocrx_word' id='word_1_150' title='bbox 381 1862 436 1912; x_wconf 82' lang='grc' dir='ltr'>τῷ</span> <span class='ocrx_word' id='word_1_151' title='bbox 456 1872 499 1896; x_wconf 69' lang='lat' dir='ltr'>n:</span> <span class='ocrx_word' id='word_1_152' title='bbox 493 1857 575 1911; x_wconf 83' lang='grc' dir='ltr'>’νμ.</span> <span class='ocrx_word' id='word_1_153' title='bbox 578 1873 715 1912; x_wconf 74' lang='grc' dir='ltr'>νποιρε</span> <span class='ocrx_word' id='word_1_154' title='bbox 709 1859 828 1898; x_wconf 64' lang='lat'>&#39;7206’</span> <span class='ocrx_word' id='word_1_155' title='bbox 839 1891 850 1909; x_wconf 81' lang='lat'>,</span> 
     </span>
     <span class='ocr_line' id='line_1_26' title="bbox 139 1898 852 1969; baseline 0.004 -17"><span class='ocrx_word' id='word_1_156' title='bbox 139 1911 221 1953; x_wconf 67' lang='grc' dir='ltr'>οὐδ’</span> <span class='ocrx_word' id='word_1_157' title='bbox 242 1913 458 1969; x_wconf 48' lang='lat' dir='ltr'>denqiue-:c</span> <span class='ocrx_word' id='word_1_158' title='bbox 445 1930 479 1953; x_wconf 82' lang='grc' dir='ltr'>ν</span> <span class='ocrx_word' id='word_1_159' title='bbox 512 1916 634 1958; x_wconf 62' lang='grc' dir='ltr'>ἔθηκε.</span> <span class='ocrx_word' id='word_1_160' title='bbox 664 1898 740 1956; x_wconf 85' lang='lat' dir='ltr'>Sed</span> <span class='ocrx_word' id='word_1_161' title='bbox 769 1920 852 1966; x_wconf 90' lang='lat' dir='ltr'>ejus</span> 
     </span>
     <span class='ocr_line' id='line_1_27' title="bbox 137 1974 855 2013; baseline 0.004 -3"><span class='ocrx_word' id='word_1_162' title='bbox 137 1974 330 2011; x_wconf 87' lang='lat' dir='ltr'>sententia</span> <span class='ocrx_word' id='word_1_163' title='bbox 344 1975 475 2011; x_wconf 86' lang='lat' dir='ltr'>minus</span> <span class='ocrx_word' id='word_1_164' title='bbox 487 1975 782 2012; x_wconf 88' lang='lat' dir='ltr'>accommodata</span> <span class='ocrx_word' id='word_1_165' title='bbox 797 1984 855 2013; x_wconf 89' lang='lat' dir='ltr'>est</span> 
     </span>
     <span class='ocr_line' id='line_1_28' title="bbox 138 2032 852 2083; baseline 0.003 -14"><span class='ocrx_word' id='word_1_166' title='bbox 138 2040 276 2069; x_wconf 88' lang='lat' dir='ltr'>nostro</span> <span class='ocrx_word' id='word_1_167' title='bbox 304 2040 444 2081; x_wconf 86' lang='lat' dir='ltr'>poetae.</span> <span class='ocrx_word' id='word_1_168' title='bbox 469 2032 672 2083; x_wconf 82' lang='lat' dir='ltr'>Relznquic</span> <span class='ocrx_word' id='word_1_169' title='bbox 699 2033 852 2071; x_wconf 87' lang='lat' dir='ltr'>Zulich.</span> 
     </span>
    </p>

    <p class='ocr_par' dir='ltr' id='par_1_12' title="bbox 139 2090 857 2825">
     <span class='ocr_line' id='line_1_29' title="bbox 199 2090 855 2139; baseline 0.005 -14"><span class='ocrx_word' id='word_1_170' title='bbox 199 2090 295 2136; x_wconf 85' lang='lat'>327.</span> <span class='ocrx_word' id='word_1_171' title='bbox 329 2091 465 2139; x_wconf 83' lang='lat' dir='ltr'>Ipsam</span> <span class='ocrx_word' id='word_1_172' title='bbox 493 2099 658 2127; x_wconf 85' lang='lat' dir='ltr'>tuentur</span> <span class='ocrx_word' id='word_1_173' title='bbox 683 2092 783 2129; x_wconf 90' lang='lat' dir='ltr'>Pier.</span> <span class='ocrx_word' id='word_1_174' title='bbox 816 2099 855 2128; x_wconf 89' lang='lat' dir='ltr'>et</span> 
     </span>
     <span class='ocr_line' id='line_1_30' title="bbox 139 2147 850 2195; baseline -0.001 -10"><span class='ocrx_word' id='word_1_175' title='bbox 139 2147 276 2185; x_wconf 90' lang='lat' dir='ltr'>Heins.</span> <span class='ocrx_word' id='word_1_176' title='bbox 305 2159 326 2182; x_wconf 86' lang='lat' dir='ltr'>e</span> <span class='ocrx_word' id='word_1_177' title='bbox 353 2147 468 2185; x_wconf 87' lang='lat' dir='ltr'>codd.</span> <span class='ocrx_word' id='word_1_178' title='bbox 500 2148 551 2186; x_wconf 84' lang='lat' dir='ltr'>cf.</span> <span class='ocrx_word' id='word_1_179' title='bbox 588 2147 636 2184; x_wconf 90' lang='lat' dir='ltr'>ad</span> <span class='ocrx_word' id='word_1_180' title='bbox 663 2148 735 2186; x_wconf 81' lang='lat' dir='ltr'>lib.</span> <span class='ocrx_word' id='word_1_181' title='bbox 766 2150 850 2195; x_wconf 88' lang='grc' dir='ltr'>ΙΙΙ,</span> 
     </span>
     <span class='ocr_line' id='line_1_31' title="bbox 145 2204 852 2252; baseline 0.004 -11"><span class='ocrx_word' id='word_1_182' title='bbox 145 2204 239 2247; x_wconf 78' lang='lat'>145.</span> <span class='ocrx_word' id='word_1_183' title='bbox 272 2205 405 2252; x_wconf 79' lang='lat' dir='ltr'>Ipsum</span> <span class='ocrx_word' id='word_1_184' title='bbox 438 2204 584 2242; x_wconf 89' lang='lat' dir='ltr'>Medic.</span> <span class='ocrx_word' id='word_1_185' title='bbox 614 2218 636 2241; x_wconf 90' lang='lat' dir='ltr'>a</span> <span class='ocrx_word' id='word_1_186' title='bbox 664 2219 717 2243; x_wconf 91' lang='lat' dir='ltr'>m.</span> <span class='ocrx_word' id='word_1_187' title='bbox 752 2219 852 2252; x_wconf 87' lang='lat' dir='ltr'>see.‚</span> 
     </span>
     <span class='ocr_line' id='line_1_32' title="bbox 139 2260 855 2301; baseline 0.003 -3"><span class='ocrx_word' id='word_1_188' title='bbox 139 2270 218 2298; x_wconf 89' lang='lat' dir='ltr'>tres</span> <span class='ocrx_word' id='word_1_189' title='bbox 247 2260 313 2297; x_wconf 90' lang='lat' dir='ltr'>alii</span> <span class='ocrx_word' id='word_1_190' title='bbox 340 2270 379 2298; x_wconf 86' lang='lat' dir='ltr'>et</span> <span class='ocrx_word' id='word_1_191' title='bbox 411 2262 531 2299; x_wconf 87' lang='lat' dir='ltr'>Goth.</span> <span class='ocrx_word' id='word_1_192' title='bbox 559 2276 677 2300; x_wconf 82' lang='lat' dir='ltr'>unUS.</span> <span class='ocrx_word' id='word_1_193' title='bbox 706 2263 780 2301; x_wconf 88' lang='lat' dir='ltr'>Sed</span> <span class='ocrx_word' id='word_1_194' title='bbox 811 2277 855 2300; x_wconf 91' lang='lat' dir='ltr'>ea</span> 
     </span>
     <span class='ocr_line' id='line_1_33' title="bbox 140 2318 853 2370; baseline 0.003 -15"><span class='ocrx_word' id='word_1_195' title='bbox 140 2318 343 2370; x_wconf 71' lang='lat' dir='ltr'>vulgarior</span> <span class='ocrx_word' id='word_1_196' title='bbox 368 2328 426 2355; x_wconf 87' lang='lat' dir='ltr'>est</span> <span class='ocrx_word' id='word_1_197' title='bbox 450 2321 562 2356; x_wconf 87' lang='lat' dir='ltr'>ratio.</span> <span class='ocrx_word' id='word_1_198' title='bbox 581 2342 637 2347; x_wconf 89' lang='lat'>—</span> <span class='ocrx_word' id='word_1_199' title='bbox 659 2321 735 2366; x_wconf 81' lang='lat'>327</span> <span class='ocrx_word' id='word_1_200' title='bbox 769 2334 853 2370; x_wconf 91' lang='lat' dir='ltr'>sqq.</span> 
     </span>
     <span class='ocr_line' id='line_1_34' title="bbox 140 2375 852 2424; baseline 0 -10"><span class='ocrx_word' id='word_1_201' title='bbox 140 2375 208 2414; x_wconf 87' lang='lat' dir='ltr'>Ad</span> <span class='ocrx_word' id='word_1_202' title='bbox 240 2377 406 2413; x_wconf 83' lang='lat' dir='ltr'>Homeri</span> <span class='ocrx_word' id='word_1_203' title='bbox 438 2376 604 2413; x_wconf 88' lang='lat' dir='ltr'>ductum</span> <span class='ocrx_word' id='word_1_204' title='bbox 636 2376 664 2413; x_wconf 94' lang='lat' dir='ltr'>l.</span> <span class='ocrx_word' id='word_1_205' title='bbox 701 2390 733 2413; x_wconf 93' lang='lat' dir='ltr'>c.</span> <span class='ocrx_word' id='word_1_206' title='bbox 773 2379 852 2424; x_wconf 79' lang='lat'>773</span> 
     </span>
     <span class='ocr_line' id='line_1_35' title="bbox 140 2432 857 2483; baseline 0.003 -14"><span class='ocrx_word' id='word_1_207' title='bbox 140 2446 225 2483; x_wconf 86' lang='lat' dir='ltr'>sqq.</span> <span class='ocrx_word' id='word_1_208' title='bbox 263 2441 302 2470; x_wconf 92' lang='lat' dir='ltr'>et</span> <span class='ocrx_word' id='word_1_209' title='bbox 337 2434 418 2482; x_wconf 81' lang='lat'>539</span> <span class='ocrx_word' id='word_1_210' title='bbox 454 2447 538 2483; x_wconf 89' lang='lat' dir='ltr'>sqq.</span> <span class='ocrx_word' id='word_1_211' title='bbox 572 2435 638 2470; x_wconf 92' lang='lat' dir='ltr'>An</span> <span class='ocrx_word' id='word_1_212' title='bbox 677 2432 857 2483; x_wconf 85' lang='lat' dir='ltr'>dignitati</span> 
     </span>
     <span class='ocr_line' id='line_1_36' title="bbox 141 2491 856 2540; baseline 0.004 -14"><span class='ocrx_word' id='word_1_213' title='bbox 141 2492 244 2540; x_wconf 91' lang='lat' dir='ltr'>epici</span> <span class='ocrx_word' id='word_1_214' title='bbox 275 2491 458 2528; x_wconf 85' lang='lat' dir='ltr'>carminis</span> <span class='ocrx_word' id='word_1_215' title='bbox 484 2491 664 2527; x_wconf 85' lang='lat' dir='ltr'>versibus</span> <span class='ocrx_word' id='word_1_216' title='bbox 686 2493 856 2529; x_wconf 88' lang='lat' dir='ltr'>maxime</span> 
     </span>
     <span class='ocr_line' id='line_1_37' title="bbox 144 2548 857 2596; baseline -0.001 -11"><span class='ocrx_word' id='word_1_217' title='bbox 144 2549 224 2585; x_wconf 81' lang='lat'>333</span> <span class='ocrx_word' id='word_1_218' title='bbox 247 2556 285 2585; x_wconf 82' lang='lat' dir='ltr'>et</span> <span class='ocrx_word' id='word_1_219' title='bbox 304 2549 380 2596; x_wconf 83' lang='lat'>357</span> <span class='ocrx_word' id='word_1_220' title='bbox 395 2577 406 2594; x_wconf 91' lang='lat'>,</span> <span class='ocrx_word' id='word_1_221' title='bbox 426 2549 506 2585; x_wconf 83' lang='lat'>358</span> <span class='ocrx_word' id='word_1_222' title='bbox 524 2550 616 2585; x_wconf 91' lang='lat' dir='ltr'>satis</span> <span class='ocrx_word' id='word_1_223' title='bbox 631 2548 857 2585; x_wconf 90' lang='lat' dir='ltr'>consultum</span> 
     </span>
     <span class='ocr_line' id='line_1_38' title="bbox 141 2605 853 2655; baseline 0.001 -14"><span class='ocrx_word' id='word_1_224' title='bbox 141 2606 192 2641; x_wconf 89' lang='lat' dir='ltr'>sit</span> <span class='ocrx_word' id='word_1_225' title='bbox 208 2633 218 2652; x_wconf 93' lang='lat'>‚</span> <span class='ocrx_word' id='word_1_226' title='bbox 263 2607 473 2655; x_wconf 83' lang='lat' dir='ltr'>quaesitum</span> <span class='ocrx_word' id='word_1_227' title='bbox 512 2614 569 2642; x_wconf 89' lang='lat' dir='ltr'>est</span> <span class='ocrx_word' id='word_1_228' title='bbox 607 2618 697 2642; x_wconf 91' lang='lat' dir='ltr'>cum</span> <span class='ocrx_word' id='word_1_229' title='bbox 735 2605 826 2642; x_wconf 89' lang='lat' dir='ltr'>alias</span> <span class='ocrx_word' id='word_1_230' title='bbox 843 2635 853 2653; x_wconf 91' lang='lat'>,</span> 
     </span>
     <span class='ocr_line' id='line_1_39' title="bbox 143 2661 853 2712; baseline 0.003 -13"><span class='ocrx_word' id='word_1_231' title='bbox 143 2670 228 2699; x_wconf 89' lang='lat' dir='ltr'>tum</span> <span class='ocrx_word' id='word_1_232' title='bbox 246 2676 374 2712; x_wconf 86' lang='lat' dir='ltr'>nuper</span> <span class='ocrx_word' id='word_1_233' title='bbox 392 2665 556 2708; x_wconf 89' lang='lat' dir='ltr'>iterum,</span> <span class='ocrx_word' id='word_1_234' title='bbox 575 2676 594 2699; x_wconf 90' lang='lat' dir='ltr'>a</span> <span class='ocrx_word' id='word_1_235' title='bbox 611 2663 705 2699; x_wconf 72' lang='lat' dir='ltr'>viris</span> <span class='ocrx_word' id='word_1_236' title='bbox 717 2661 853 2701; x_wconf 83' lang='lat' dir='ltr'>doctis.</span> 
     </span>
     <span class='ocr_line' id='line_1_40' title="bbox 140 2719 855 2765; baseline -0.001 -8"><span class='ocrx_word' id='word_1_237' title='bbox 140 2719 284 2758; x_wconf 89' lang='lat' dir='ltr'>Saltem</span> <span class='ocrx_word' id='word_1_238' title='bbox 310 2719 388 2757; x_wconf 91' lang='lat' dir='ltr'>hoc</span> <span class='ocrx_word' id='word_1_239' title='bbox 422 2719 662 2765; x_wconf 86' lang='lat' dir='ltr'>tenendum,</span> <span class='ocrx_word' id='word_1_240' title='bbox 693 2732 777 2757; x_wconf 90' lang='lat' dir='ltr'>non</span> <span class='ocrx_word' id='word_1_241' title='bbox 805 2733 855 2756; x_wconf 85' lang='lat' dir='ltr'>ex</span> 
     </span>
     <span class='ocr_line' id='line_1_41' title="bbox 142 2776 855 2825; baseline 0.001 -11"><span class='ocrx_word' id='word_1_242' title='bbox 142 2786 279 2815; x_wconf 80' lang='lat' dir='ltr'>nostro</span> <span class='ocrx_word' id='word_1_243' title='bbox 319 2777 452 2815; x_wconf 89' lang='lat' dir='ltr'>decori</span> <span class='ocrx_word' id='word_1_244' title='bbox 489 2790 606 2816; x_wconf 85' lang='lat' dir='ltr'>sensu</span> <span class='ocrx_word' id='word_1_245' title='bbox 636 2776 855 2825; x_wconf 84' lang='lat' dir='ltr'>dijudican-</span> 
     </span>
    </p>
   </div>
   <div class='ocr_carea' id='block_1_3' title="bbox 917 1166 1638 2828">
    <p class='ocr_par' dir='ltr' id='par_1_13' title="bbox 917 1166 1638 2828">
     <span class='ocr_line' id='line_1_42' title="bbox 917 1166 1631 1220; baseline 0.01 -16"><span class='ocrx_word' id='word_1_246' title='bbox 917 1167 1007 1205; x_wconf 89' lang='lat' dir='ltr'>dam</span> <span class='ocrx_word' id='word_1_247' title='bbox 1031 1181 1114 1205; x_wconf 88' lang='lat' dir='ltr'>rem</span> <span class='ocrx_word' id='word_1_248' title='bbox 1134 1181 1235 1216; x_wconf 90' lang='lat' dir='ltr'>esse;</span> <span class='ocrx_word' id='word_1_249' title='bbox 1259 1166 1376 1220; x_wconf 88' lang='lat' dir='ltr'>quale</span> <span class='ocrx_word' id='word_1_250' title='bbox 1395 1180 1524 1210; x_wconf 84' lang='lat' dir='ltr'>autem</span> <span class='ocrx_word' id='word_1_251' title='bbox 1546 1173 1631 1210; x_wconf 90' lang='lat' dir='ltr'>Au-</span> 
     </span>
     <span class='ocr_line' id='line_1_43' title="bbox 919 1227 1633 1277; baseline 0.008 -15"><span class='ocrx_word' id='word_1_252' title='bbox 919 1227 1047 1277; x_wconf 87' lang='lat' dir='ltr'>gustei</span> <span class='ocrx_word' id='word_1_253' title='bbox 1063 1228 1197 1265; x_wconf 85' lang='lat' dir='ltr'>saeculi</span> <span class='ocrx_word' id='word_1_254' title='bbox 1218 1227 1266 1265; x_wconf 90' lang='lat' dir='ltr'>de</span> <span class='ocrx_word' id='word_1_255' title='bbox 1287 1228 1355 1266; x_wconf 75' lang='lat' dir='ltr'>tali</span> <span class='ocrx_word' id='word_1_256' title='bbox 1376 1243 1417 1266; x_wconf 87' lang='lat' dir='ltr'>re</span> <span class='ocrx_word' id='word_1_257' title='bbox 1436 1230 1633 1277; x_wconf 68' lang='lat' dir='ltr'>judicium</span> 
     </span>
     <span class='ocr_line' id='line_1_44' title="bbox 921 1284 1634 1339; baseline 0.008 -19"><span class='ocrx_word' id='word_1_258' title='bbox 921 1284 1064 1330; x_wconf 81' lang='lat' dir='ltr'>fuerit,</span> <span class='ocrx_word' id='word_1_259' title='bbox 1096 1286 1336 1334; x_wconf 82' lang='lat' dir='ltr'>ignoramus.</span> <span class='ocrx_word' id='word_1_260' title='bbox 1368 1289 1511 1325; x_wconf 87' lang='lat' dir='ltr'>Nostra</span> <span class='ocrx_word' id='word_1_261' title='bbox 1546 1289 1634 1339; x_wconf 81' lang='lat' dir='ltr'>qui-</span> 
     </span>
     <span class='ocr_line' id='line_1_45' title="bbox 923 1341 1631 1391; baseline 0.01 -14"><span class='ocrx_word' id='word_1_262' title='bbox 923 1341 1010 1377; x_wconf 88' lang='lat' dir='ltr'>dem</span> <span class='ocrx_word' id='word_1_263' title='bbox 1049 1350 1138 1378; x_wconf 87' lang='lat' dir='ltr'>aetas</span> <span class='ocrx_word' id='word_1_264' title='bbox 1179 1343 1336 1380; x_wconf 86' lang='lat' dir='ltr'>facetias</span> <span class='ocrx_word' id='word_1_265' title='bbox 1366 1345 1461 1381; x_wconf 87' lang='lat' dir='ltr'>tales</span> <span class='ocrx_word' id='word_1_266' title='bbox 1498 1354 1603 1383; x_wconf 89' lang='lat' dir='ltr'>recte</span> <span class='ocrx_word' id='word_1_267' title='bbox 1621 1374 1631 1391; x_wconf 94' lang='lat'>‚</span> 
     </span>
     <span class='ocr_line' id='line_1_46' title="bbox 921 1401 1634 1449; baseline 0.007 -15"><span class='ocrx_word' id='word_1_268' title='bbox 921 1406 1020 1448; x_wconf 91' lang='lat' dir='ltr'>puto</span> <span class='ocrx_word' id='word_1_269' title='bbox 1035 1427 1045 1445; x_wconf 92' lang='lat'>,</span> <span class='ocrx_word' id='word_1_270' title='bbox 1062 1401 1225 1449; x_wconf 79' lang='lat' dir='ltr'>respuit.</span> <span class='ocrx_word' id='word_1_271' title='bbox 1247 1403 1375 1438; x_wconf 84' lang='lat' dir='ltr'>Tanto</span> <span class='ocrx_word' id='word_1_272' title='bbox 1392 1403 1634 1442; x_wconf 78' lang='lat' dir='ltr'>manifestior</span> 
     </span>
     <span class='ocr_line' id='line_1_47' title="bbox 920 1455 1634 1507; baseline 0.006 -15"><span class='ocrx_word' id='word_1_273' title='bbox 920 1455 970 1492; x_wconf 89' lang='lat' dir='ltr'>ad</span> <span class='ocrx_word' id='word_1_274' title='bbox 992 1457 1178 1507; x_wconf 85' lang='lat' dir='ltr'>cujusque</span> <span class='ocrx_word' id='word_1_275' title='bbox 1203 1471 1362 1495; x_wconf 91' lang='lat' dir='ltr'>sensum</span> <span class='ocrx_word' id='word_1_276' title='bbox 1386 1462 1556 1497; x_wconf 86' lang='lat' dir='ltr'>suavitas</span> <span class='ocrx_word' id='word_1_277' title='bbox 1577 1468 1634 1498; x_wconf 88' lang='lat' dir='ltr'>est</span> 
     </span>
     <span class='ocr_line' id='line_1_48' title="bbox 919 1514 1632 1565; baseline 0.01 -16"><span class='ocrx_word' id='word_1_278' title='bbox 919 1514 963 1549; x_wconf 91' lang='lat' dir='ltr'>in</span> <span class='ocrx_word' id='word_1_279' title='bbox 983 1515 1148 1565; x_wconf 84' lang='lat' dir='ltr'>Euryali</span> <span class='ocrx_word' id='word_1_280' title='bbox 1174 1517 1382 1565; x_wconf 88' lang='lat' dir='ltr'>repentino</span> <span class='ocrx_word' id='word_1_281' title='bbox 1404 1518 1570 1556; x_wconf 87' lang='lat' dir='ltr'>consilio</span> <span class='ocrx_word' id='word_1_282' title='bbox 1592 1533 1632 1555; x_wconf 86' lang='lat' dir='ltr'>v.</span> 
     </span>
     <span class='ocr_line' id='line_1_49' title="bbox 923 1571 1636 1624; baseline 0.008 -17"><span class='ocrx_word' id='word_1_283' title='bbox 923 1571 1005 1614; x_wconf 77' lang='lat'>334</span> <span class='ocrx_word' id='word_1_284' title='bbox 1028 1584 1113 1620; x_wconf 88' lang='lat' dir='ltr'>sqq.</span> <span class='ocrx_word' id='word_1_285' title='bbox 1136 1572 1274 1624; x_wconf 79' lang='lat' dir='ltr'>Spatio</span> <span class='ocrx_word' id='word_1_286' title='bbox 1291 1581 1484 1619; x_wconf 73' lang='lat' dir='ltr'>extremo,</span> <span class='ocrx_word' id='word_1_287' title='bbox 1508 1584 1636 1613; x_wconf 82' lang='lat' dir='ltr'>extre-</span> 
     </span>
     <span class='ocr_line' id='line_1_50' title="bbox 919 1627 1631 1682; baseline 0.011 -20"><span class='ocrx_word' id='word_1_288' title='bbox 919 1640 981 1663; x_wconf 91' lang='lat' dir='ltr'>ma</span> <span class='ocrx_word' id='word_1_289' title='bbox 997 1627 1112 1664; x_wconf 87' lang='lat' dir='ltr'>stadii</span> <span class='ocrx_word' id='word_1_290' title='bbox 1128 1639 1238 1679; x_wconf 85' lang='lat' dir='ltr'>parte</span> <span class='ocrx_word' id='word_1_291' title='bbox 1252 1644 1262 1676; x_wconf 90' lang='lat'>;</span> <span class='ocrx_word' id='word_1_292' title='bbox 1282 1643 1364 1667; x_wconf 91' lang='lat' dir='ltr'>non</span> <span class='ocrx_word' id='word_1_293' title='bbox 1380 1632 1485 1668; x_wconf 88' lang='lat' dir='ltr'>enim</span> <span class='ocrx_word' id='word_1_294' title='bbox 1501 1632 1631 1682; x_wconf 90' lang='lat' dir='ltr'>plura,</span> 
     </span>
     <span class='ocr_line' id='line_1_51' title="bbox 920 1684 1635 1739; baseline 0.01 -19"><span class='ocrx_word' id='word_1_295' title='bbox 920 1684 1028 1734; x_wconf 91' lang='lat' dir='ltr'>quod</span> <span class='ocrx_word' id='word_1_296' title='bbox 1065 1697 1125 1735; x_wconf 90' lang='lat' dir='ltr'>ap.</span> <span class='ocrx_word' id='word_1_297' title='bbox 1159 1688 1379 1723; x_wconf 91' lang='lat' dir='ltr'>Homerum</span> <span class='ocrx_word' id='word_1_298' title='bbox 1412 1687 1478 1734; x_wconf 90' lang='lat' dir='ltr'>fit,</span> <span class='ocrx_word' id='word_1_299' title='bbox 1512 1692 1635 1739; x_wconf 89' lang='lat' dir='ltr'>spatia</span> 
     </span>
     <span class='ocr_line' id='line_1_52' title="bbox 919 1741 1633 1784; baseline 0.01 -7"><span class='ocrx_word' id='word_1_300' title='bbox 919 1741 1132 1778; x_wconf 89' lang='lat' dir='ltr'>confecisse</span> <span class='ocrx_word' id='word_1_301' title='bbox 1165 1743 1363 1781; x_wconf 83' lang='lat' dir='ltr'>videntur.</span> <span class='ocrx_word' id='word_1_302' title='bbox 1396 1745 1533 1782; x_wconf 80' lang='lat' dir='ltr'>Finem</span> <span class='ocrx_word' id='word_1_303' title='bbox 1565 1760 1633 1784; x_wconf 87' lang='lat' dir='ltr'>ex·</span> 
     </span>
     <span class='ocr_line' id='line_1_53' title="bbox 919 1799 1638 1861; baseline 0.011 -28"><span class='ocrx_word' id='word_1_304' title='bbox 919 1799 1102 1861; x_wconf 79' lang='lat' dir='ltr'>quisitius</span> <span class='ocrx_word' id='word_1_305' title='bbox 1137 1812 1211 1849; x_wconf 89' lang='lat' dir='ltr'>pro</span> <span class='ocrx_word' id='word_1_306' title='bbox 1244 1808 1346 1836; x_wconf 91' lang='lat' dir='ltr'>meta</span> <span class='ocrx_word' id='word_1_307' title='bbox 1377 1801 1492 1840; x_wconf 84' lang='lat' dir='ltr'>dixit.</span> <span class='ocrx_word' id='word_1_308' title='bbox 1528 1805 1638 1841; x_wconf 74' lang='lat' dir='ltr'>Laevi</span> 
     </span>
     <span class='ocr_line' id='line_1_54' title="bbox 918 1855 1635 1911; baseline 0.013 -22"><span class='ocrx_word' id='word_1_309' title='bbox 918 1855 1136 1906; x_wconf 77' lang='lat' dir='ltr'>sanguine,</span> <span class='ocrx_word' id='word_1_310' title='bbox 1158 1870 1233 1907; x_wconf 89' lang='lat' dir='ltr'>pro</span> <span class='ocrx_word' id='word_1_311' title='bbox 1253 1857 1338 1895; x_wconf 91' lang='lat' dir='ltr'>solo</span> <span class='ocrx_word' id='word_1_312' title='bbox 1355 1858 1446 1896; x_wconf 85' lang='lat' dir='ltr'>laevi</span> <span class='ocrx_word' id='word_1_313' title='bbox 1470 1870 1635 1911; x_wconf 88' lang='lat' dir='ltr'>propter</span> 
     </span>
     <span class='ocr_line' id='line_1_55' title="bbox 918 1914 1634 1969; baseline 0.011 -22"><span class='ocrx_word' id='word_1_314' title='bbox 918 1914 1161 1961; x_wconf 85' lang='lat' dir='ltr'>sanguinem.</span> <span class='ocrx_word' id='word_1_315' title='bbox 1164 1916 1322 1952; x_wconf 81' lang='lat' dir='ltr'>—33o.</span> <span class='ocrx_word' id='word_1_316' title='bbox 1327 1917 1490 1966; x_wconf 86' lang='lat' dir='ltr'>Sanguis</span> <span class='ocrx_word' id='word_1_317' title='bbox 1501 1930 1634 1969; x_wconf 83' lang='lat' dir='ltr'>super-</span> 
     </span>
     <span class='ocr_line' id='line_1_56' title="bbox 919 1968 1634 2024; baseline 0.011 -19"><span class='ocrx_word' id='word_1_318' title='bbox 919 1968 1030 2005; x_wconf 86' lang='lat' dir='ltr'>fusus</span> <span class='ocrx_word' id='word_1_319' title='bbox 1051 1970 1115 2021; x_wconf 89' lang='lat' dir='ltr'>(ut</span> <span class='ocrx_word' id='word_1_320' title='bbox 1131 1972 1270 2024; x_wconf 86' lang='lat' dir='ltr'>Serv.)</span> <span class='ocrx_word' id='word_1_321' title='bbox 1287 1973 1546 2012; x_wconf 87' lang='lat' dir='ltr'>madefecerat</span> <span class='ocrx_word' id='word_1_322' title='bbox 1561 1975 1634 2013; x_wconf 85' lang='lat' dir='ltr'>hu-</span> 
     </span>
     <span class='ocr_line' id='line_1_57' title="bbox 920 2027 1634 2082; baseline 0.01 -20"><span class='ocrx_word' id='word_1_323' title='bbox 920 2039 1031 2063; x_wconf 88' lang='lat' dir='ltr'>mum</span> <span class='ocrx_word' id='word_1_324' title='bbox 1049 2027 1272 2068; x_wconf 89' lang='lat' dir='ltr'>herbosam.</span> <span class='ocrx_word' id='word_1_325' title='bbox 1300 2033 1341 2067; x_wconf 92' lang='lat' dir='ltr'><em>V</em></span> <span class='ocrx_word' id='word_1_326' title='bbox 1336 2041 1479 2082; x_wconf 76' lang='lat' dir='ltr'>estzgza</span> <span class='ocrx_word' id='word_1_327' title='bbox 1495 2033 1634 2071; x_wconf 80' lang='lat' dir='ltr'>tituba-</span> 
     </span>
     <span class='ocr_line' id='line_1_58' title="bbox 921 2086 1633 2141; baseline 0.013 -22"><span class='ocrx_word' id='word_1_328' title='bbox 921 2092 986 2128; x_wconf 81' lang='lat' dir='ltr'>ta,</span> <span class='ocrx_word' id='word_1_329' title='bbox 1026 2086 1236 2134; x_wconf 84' lang='lat' dir='ltr'>audacius,</span> <span class='ocrx_word' id='word_1_330' title='bbox 1268 2097 1314 2125; x_wconf 87' lang='lat' dir='ltr'>ut</span> <span class='ocrx_word' id='word_1_331' title='bbox 1340 2101 1376 2125; x_wconf 89' lang='lat' dir='ltr'>a.</span> <span class='ocrx_word' id='word_1_332' title='bbox 1391 2098 1532 2138; x_wconf 89' lang='lat' dir='ltr'>poeta,</span> <span class='ocrx_word' id='word_1_333' title='bbox 1559 2104 1633 2141; x_wconf 90' lang='lat' dir='ltr'>pro</span> 
     </span>
     <span class='ocr_line' id='line_1_59' title="bbox 919 2140 1633 2193; baseline 0.014 -17"><span class='ocrx_word' id='word_1_334' title='bbox 919 2140 1088 2190; x_wconf 88' lang='lat' dir='ltr'>pedibus</span> <span class='ocrx_word' id='word_1_335' title='bbox 1135 2145 1413 2184; x_wconf 86' lang='lat' dir='ltr'>titubantibus.</span> <span class='ocrx_word' id='word_1_336' title='bbox 1439 2168 1496 2175; x_wconf 93' lang='grc'>--</span> <span class='ocrx_word' id='word_1_337' title='bbox 1535 2149 1633 2193; x_wconf 81' lang='grc'><strong>334.</strong></span> 
     </span>
     <span class='ocr_line' id='line_1_60' title="bbox 921 2200 1632 2256; baseline 0.013 -23"><span class='ocrx_word' id='word_1_338' title='bbox 921 2200 1092 2237; x_wconf 82' lang='lat' dir='ltr'>Amores</span> <span class='ocrx_word' id='word_1_339' title='bbox 1109 2203 1209 2239; x_wconf 87' lang='lat' dir='ltr'>male</span> <span class='ocrx_word' id='word_1_340' title='bbox 1232 2202 1352 2240; x_wconf 91' lang='lat' dir='ltr'>modo</span> <span class='ocrx_word' id='word_1_341' title='bbox 1378 2203 1426 2240; x_wconf 84' lang='lat' dir='ltr'>ad</span> <span class='ocrx_word' id='word_1_342' title='bbox 1452 2212 1607 2256; x_wconf 76' lang='lat' dir='ltr'>turpem</span> <span class='ocrx_word' id='word_1_343' title='bbox 1622 2235 1632 2254; x_wconf 92' lang='lat'>‚</span> 
     </span>
     <span class='ocr_line' id='line_1_61' title="bbox 922 2256 1635 2310; baseline 0.011 -18"><span class='ocrx_word' id='word_1_344' title='bbox 922 2256 1044 2294; x_wconf 91' lang='lat' dir='ltr'>modo</span> <span class='ocrx_word' id='word_1_345' title='bbox 1073 2258 1122 2295; x_wconf 87' lang='lat' dir='ltr'>ad</span> <span class='ocrx_word' id='word_1_346' title='bbox 1143 2272 1331 2310; x_wconf 85' lang='lat' dir='ltr'>magnum</span> <span class='ocrx_word' id='word_1_347' title='bbox 1357 2273 1530 2298; x_wconf 87' lang='lat' dir='ltr'>amorem</span> <span class='ocrx_word' id='word_1_348' title='bbox 1559 2271 1635 2300; x_wconf 90' lang='lat' dir='ltr'>tra-</span> 
     </span>
     <span class='ocr_line' id='line_1_62' title="bbox 921 2311 1636 2370; baseline 0.014 -22"><span class='ocrx_word' id='word_1_349' title='bbox 921 2311 1037 2352; x_wconf 88' lang='lat' dir='ltr'>hunt.</span> <span class='ocrx_word' id='word_1_350' title='bbox 1058 2316 1168 2354; x_wconf 88' lang='lat' dir='ltr'>Nihil</span> <span class='ocrx_word' id='word_1_351' title='bbox 1185 2316 1292 2354; x_wconf 86' lang='lat' dir='ltr'>aliud</span> <span class='ocrx_word' id='word_1_352' title='bbox 1308 2325 1366 2354; x_wconf 88' lang='lat' dir='ltr'>est</span> <span class='ocrx_word' id='word_1_353' title='bbox 1377 2345 1388 2363; x_wconf 89' lang='lat'>,</span> <span class='ocrx_word' id='word_1_354' title='bbox 1409 2331 1526 2367; x_wconf 88' lang='lat' dir='ltr'>quam</span> <span class='ocrx_word' id='word_1_355' title='bbox 1542 2333 1636 2370; x_wconf 86' lang='lat' dir='ltr'>poe-</span> 
     </span>
     <span class='ocr_line' id='line_1_63' title="bbox 922 2371 1638 2425; baseline 0.013 -20"><span class='ocrx_word' id='word_1_356' title='bbox 922 2371 998 2406; x_wconf 89' lang='lat' dir='ltr'>tica</span> <span class='ocrx_word' id='word_1_357' title='bbox 1032 2374 1132 2409; x_wconf 85' lang='lat' dir='ltr'>ratio</span> <span class='ocrx_word' id='word_1_358' title='bbox 1177 2386 1253 2423; x_wconf 91' lang='lat' dir='ltr'>pro</span> <span class='ocrx_word' id='word_1_359' title='bbox 1297 2374 1451 2425; x_wconf 76' lang='lat' dir='ltr'>vulgari</span> <span class='ocrx_word' id='word_1_360' title='bbox 1466 2404 1477 2422; x_wconf 91' lang='lat'>‚</span> <span class='ocrx_word' id='word_1_361' title='bbox 1520 2390 1638 2415; x_wconf 88' lang='lat' dir='ltr'>amor</span> 
     </span>
     <span class='ocr_line' id='line_1_64' title="bbox 923 2427 1636 2478; baseline 0.014 -16"><span class='ocrx_word' id='word_1_362' title='bbox 923 2427 1022 2478; x_wconf 86' lang='lat' dir='ltr'>sing.</span> <span class='ocrx_word' id='word_1_363' title='bbox 1054 2443 1236 2468; x_wconf 87' lang='lat' dir='ltr'>numero.</span> <span class='ocrx_word' id='word_1_364' title='bbox 1259 2453 1316 2459; x_wconf 92' lang='lat'>—</span> <span class='ocrx_word' id='word_1_365' title='bbox 1338 2432 1434 2470; x_wconf 83' lang='lat'>335.</span> <span class='ocrx_word' id='word_1_366' title='bbox 1465 2435 1522 2470; x_wconf 82' lang='lat' dir='ltr'>Ec</span> <span class='ocrx_word' id='word_1_367' title='bbox 1553 2448 1636 2472; x_wconf 82' lang='lat' dir='ltr'>sese</span> 
     </span>
     <span class='ocr_line' id='line_1_65' title="bbox 924 2487 1635 2537; baseline 0.014 -16"><span class='ocrx_word' id='word_1_368' title='bbox 924 2496 986 2533; x_wconf 85' lang='lat' dir='ltr'>ap.</span> <span class='ocrx_word' id='word_1_369' title='bbox 1005 2487 1113 2524; x_wconf 89' lang='lat' dir='ltr'>Serv.</span> <span class='ocrx_word' id='word_1_370' title='bbox 1131 2487 1286 2537; x_wconf 80' lang='lat' dir='ltr'>Obsecz&#39;t</span> <span class='ocrx_word' id='word_1_371' title='bbox 1298 2489 1635 2531; x_wconf 82' lang='lat' dir='ltr'>Parrhas.—336.</span> 
     </span>
     <span class='ocr_line' id='line_1_66' title="bbox 927 2542 1636 2598; baseline 0.016 -22"><span class='ocrx_word' id='word_1_372' title='bbox 927 2542 1055 2578; x_wconf 79' lang='lat' dir='ltr'>Tenui</span> <span class='ocrx_word' id='word_1_373' title='bbox 1074 2542 1203 2593; x_wconf 80' lang='lat' dir='ltr'>jacuit</span> <span class='ocrx_word' id='word_1_374' title='bbox 1218 2546 1375 2583; x_wconf 84' lang='lat' dir='ltr'>Servius</span> <span class='ocrx_word' id='word_1_375' title='bbox 1390 2547 1486 2598; x_wconf 83' lang='lat' dir='ltr'>legit</span> <span class='ocrx_word' id='word_1_376' title='bbox 1500 2577 1510 2595; x_wconf 94' lang='lat'>,</span> <span class='ocrx_word' id='word_1_377' title='bbox 1528 2558 1567 2586; x_wconf 87' lang='lat' dir='ltr'>et</span> <span class='ocrx_word' id='word_1_378' title='bbox 1581 2551 1636 2587; x_wconf 91' lang='lat' dir='ltr'>sic</span> 
     </span>
     <span class='ocr_line' id='line_1_67' title="bbox 922 2600 1635 2658; baseline 0.015 -23"><span class='ocrx_word' id='word_1_379' title='bbox 922 2610 984 2647; x_wconf 87' lang='lat' dir='ltr'>pr.</span> <span class='ocrx_word' id='word_1_380' title='bbox 1004 2600 1192 2639; x_wconf 89' lang='lat' dir='ltr'>Rottend.</span> <span class='ocrx_word' id='word_1_381' title='bbox 1214 2614 1234 2638; x_wconf 89' lang='lat' dir='ltr'>a</span> <span class='ocrx_word' id='word_1_382' title='bbox 1256 2616 1308 2641; x_wconf 88' lang='lat' dir='ltr'>m.</span> <span class='ocrx_word' id='word_1_383' title='bbox 1330 2617 1404 2642; x_wconf 90' lang='lat' dir='ltr'>see.</span> <span class='ocrx_word' id='word_1_384' title='bbox 1429 2613 1468 2642; x_wconf 94' lang='lat' dir='ltr'>et</span> <span class='ocrx_word' id='word_1_385' title='bbox 1490 2608 1635 2658; x_wconf 88' lang='lat' dir='ltr'>Regius</span> 
     </span>
     <span class='ocr_line' id='line_1_68' title="bbox 922 2658 1635 2714; baseline 0.015 -23"><span class='ocrx_word' id='word_1_386' title='bbox 922 2667 996 2704; x_wconf 89' lang='lat' dir='ltr'>pro</span> <span class='ocrx_word' id='word_1_387' title='bbox 1031 2658 1178 2707; x_wconf 87' lang='lat' dir='ltr'>glossa,</span> <span class='ocrx_word' id='word_1_388' title='bbox 1216 2673 1335 2710; x_wconf 87' lang='lat' dir='ltr'>quam</span> <span class='ocrx_word' id='word_1_389' title='bbox 1365 2661 1465 2700; x_wconf 91' lang='lat' dir='ltr'>forte</span> <span class='ocrx_word' id='word_1_390' title='bbox 1494 2663 1635 2714; x_wconf 87' lang='lat' dir='ltr'>aliquis</span> 
     </span>
     <span class='ocr_line' id='line_1_69' title="bbox 922 2711 1634 2766; baseline 0.015 -18"><span class='ocrx_word' id='word_1_391' title='bbox 922 2711 1054 2750; x_wconf 90' lang='lat' dir='ltr'>decori</span> <span class='ocrx_word' id='word_1_392' title='bbox 1080 2716 1179 2753; x_wconf 87' lang='lat' dir='ltr'>male</span> <span class='ocrx_word' id='word_1_393' title='bbox 1208 2717 1401 2766; x_wconf 89' lang='lat' dir='ltr'>providus</span> <span class='ocrx_word' id='word_1_394' title='bbox 1433 2720 1634 2759; x_wconf 76' lang='lat' dir='ltr'>intulerat.</span> 
     </span>
     <span class='ocr_line' id='line_1_70' title="bbox 920 2771 1637 2828; baseline 0.014 -22"><span class='ocrx_word' id='word_1_395' title='bbox 920 2771 1128 2811; x_wconf 81' lang='lat' dir='ltr'>Resolucus</span> <span class='ocrx_word' id='word_1_396' title='bbox 1162 2776 1264 2814; x_wconf 86' lang='lat' dir='ltr'>Ven.</span> <span class='ocrx_word' id='word_1_397' title='bbox 1304 2775 1508 2828; x_wconf 57' lang='lat' dir='ltr'>*esupinus</span> <span class='ocrx_word' id='word_1_398' title='bbox 1540 2777 1637 2816; x_wconf 88' lang='lat' dir='ltr'>alter</span> 
     </span>
    </p>
   </div>
  </div>
 </body>
</html>
