1767 3054
88 124 139 161 So
713 121 955 160 AENEIDOS

85 198 226 239 Laeva
252 203 410 239 tenent
433 191 618 247 Thetis,
645 201 691 237 et
714 192 899 249 Melite,
924 195 1236 254 Panopeaque
1258 190 1418 254 virgo,
1520 200 1582 231 825

86 272 272 326 Nesaee,
299 268 532 331 Spioque,
558 267 819 329 Thaliaque
845 268 1223 330 Cymodoceque.

153 345 242 390 Hie
266 345 413 407 patris
436 347 595 390 AEneae
616 360 887 407 suspensam
908 342 1084 390 blanda
1107 343 1311 390 vicissim

90 420 274 467 Gaudia
300 430 567 482 pertentant
593 430 797 464 mentem
822 435 830 461 ε
851 418 989 481 jubet
1009 421 1140 466 ocius
1161 420 1310 465 omnis

89 493 267 539 Adtolli
289 494 458 550 malos,
485 493 665 539 intendi
690 492 886 539 brachia
910 494 1040 541 velis.

91 569 197 613 Una
221 584 380 613 omnes
403 568 556 613 fecere
581 568 774 630 pedem3
793 569 1067 631 pariterque
1087 569 1321 626 sinistros,
1523 578 1584 607 830

92 741 268 792 intelligo
283 769 293 788 ,
324 751 486 792 propter
503 741 708 779 laudatum
726 755 808 780 mo-

92 797 144 835 do
178 812 216 836 v,
252 807 331 843 240
358 799 478 846 hujus
508 800 615 836 libri.
642 800 806 849 Alioqui

94 855 143 892 ad
160 856 306 906 phocas
324 866 362 894 et
389 856 540 893 belluas
560 859 727 893 marinas
747 870 807 894 re-

93 914 226 951 feram.
244 914 335 951 Vid.
353 914 438 951 Val.
456 914 510 951 Fl.
533 917 592 951 III
607 943 617 960 ,
642 927 736 961 727.
750 936 808 943 —-

96 972 193 1017 825,
217 972 312 1008 826.
328 971 445 1009 Conf.
462 972 605 1022 Georg.
628 975 699 1018 IV,
727 973 805 1009 338

94 1042 178 1078 sqq.
195 1057 205 1074 ‚
238 1029 343 1066 unde
363 1043 401 1065 v,
429 1029 510 1065 826
534 1029 614 1066 hue
647 1030 808 1066 transla-

94 1096 171 1124 tus.
189 1087 323 1123 Melite
340 1087 445 1136 apud
463 1089 624 1124 Homer.
640 1087 753 1124 Iliad.
772 1100 807 1132 σ,

97 1151 148 1187 42
163 1173 174 1191 ,
193 1153 231 1181 et
248 1144 410 1182 Hesiod.
432 1145 581 1195 Theog.
604 1145 685 1189 246
705 1144 809 1180 inter

95 1201 282 1239 Nereides
313 1203 502 1239 occurrit.
540 1204 600 1239 De
641 1205 810 1252 Panope

97 1260 202 1297 conf.
234 1274 322 1310 sup.
349 1260 396 1297 ad
421 1273 577 1297 versum
600 1268 695 1304 240.
721 1262 812 1297 For-

97 1326 134 1354 te
175 1319 218 1354 in
255 1317 334 1355 hoc
371 1317 537 1354 deorum
571 1319 814 1354 marinorum

99 1376 277 1412 Maronis
292 1375 513 1412 doctrinam
525 1376 686 1413 AEsehili
696 1377 816 1413 Γλαῦ-

101 1445 164 1476 κος
177 1430 332 1476 Πόντιος
343 1435 596 1469 instruxerat.
608 1435 741 1483 Ipsum
752 1445 816 1469 au-

102 1499 180 1527 tem
200 1490 426 1541 phantasma
451 1490 618 1527 deorum
643 1491 814 1527 marino-

102 1561 191 1584 rum
213 1557 251 1585 et
268 1556 538 1585 monstrorum
555 1549 659 1584 cirea
675 1561 816 1584 navem

102 1606 322 1642 ludentium
346 1606 515 1655 petitum
536 1615 592 1642 est
609 1619 660 1642 ex
679 1605 813 1655 Apoll.

103 1665 176 1709 IV,
191 1664 274 1712 930
287 1676 344 1714 sq.
362 1662 431 1699 ubi
445 1676 586 1700 navem
608 1677 629 1700 e
647 1663 814 1700 Planetis

100 1721 242 1758 liberat
253 1721 388 1758 Thetis
405 1734 496 1758 cum
508 1720 816 1758 Nereidibus.—

105 1779 202 1816 826.
231 1777 448 1828 Niseeque,
472 1778 720 1829 Nisseoeque,
743 1779 816 1815 Ni-

103 1849 240 1887 seque,
260 1835 393 1879 Nisie,
415 1835 538 1872 Niseo
551 1865 561 1882 ‚
577 1837 731 1882 Niseoe,
745 1837 817 1873 Ni-

105 1894 181 1930 set's
193 1922 205 1937 ,
251 1892 403 1930 Nisseae
433 1893 634 1944 Espioque
645 1923 656 1939 ,
703 1894 815 1931 Nisae

103 1949 568 2001 Espioque—leoloque
578 1974 636 1980 —
651 1950 818 1989 Chimoe-

104 2022 202 2059 que,
227 2008 410 2046 aberratt.
428 2012 576 2046 Versus
603 2023 818 2047 conversus

106 2080 124 2102 e
142 2080 200 2118 gr.
219 2064 368 2107 Nnc-ain
382 2065 508 2104 Σπειώ
521 2080 577 2112 τε,
596 2065 744 2105 Θάλειά
760 2081 815 2114 τε,

105 2120 314 2175 Κυμοδόκη
338 2137 393 2163 τε.
417 2124 527 2162 Idem
545 2126 625 2172 jam
643 2127 714 2163 Ge.
738 2128 816 2172 IV,

110 2183 189 2219 338
224 2183 363 2220 lectus.

166 2240 242 2286 827
259 2262 316 2268 —
331 2241 427 2290 839.
450 2244 583 2279 Potest
601 2241 817 2278 obscurum

106 2311 210 2343 esse,
244 2311 337 2334 cum
383 2311 421 2334 v,
475 2313 551 2325 ...-.-
631 2299 709 2335 *⁸8
737 2301 816 2347 jam

479 2331 490 2346 Ι
509 2333 518 2346 Ι
538 2330 547 2346 Ι
573 2328 583 2345 9
635 2329 645 2345 Ι
664 2330 674 2346 Ι

107 2363 225 2392 vento
235 2354 406 2392 secundo
418 2358 705 2408 navigaverint,
720 2355 817 2406 quid

108 2425 216 2449 nunc
233 2425 348 2450 novae
366 2416 422 2451 rei
442 2423 732 2465 consequutum
751 2417 812 2459 sit,

108 2470 287 2519 inprimis
314 2483 406 2508 cum
424 2474 601 2522 Neptuni
623 2486 693 2522 per
711 2485 816 2509 mare

107 2527 277 2564 invectio
295 2531 551 2579 tranquillum
576 2543 680 2567 mare
704 2539 741 2567 et
763 2543 817 2566 se-

107 2596 248 2620 renum
265 2586 410 2622 coelum
428 2587 599 2624 effecisse
619 2590 669 2624 sit
687 2601 817 2624 narra-

107 2649 145 2676 ta
161 2654 199 2678 v,
222 2641 302 2679 820
316 2671 325 2688 ,
347 2643 442 2680 821.
464 2645 574 2682 Nihil
593 2654 690 2694 puto
710 2645 817 2682 aliud

107 2711 144 2735 v.
173 2698 253 2748 829
277 2712 362 2749 sqq.
387 2699 595 2746 declarari,
627 2715 743 2751 quam
772 2703 815 2739 in

107 2768 256 2793 summa
279 2758 395 2794 maris
425 2758 593 2807 coelique
633 2759 816 2808 tranquil-

872 742 981 779 litate
1000 751 1165 780 ventnm
1174 742 1254 790 jam
1267 749 1355 778 ante
1370 739 1588 778 seeundum

873 801 1140 845 increbuisse,
1178 812 1305 849 eoque
1338 798 1440 835 facto
1474 810 1584 834 nunc

874 858 966 895 solis
1000 859 1098 895 velis
1135 859 1338 907 navigasse
1372 856 1588 902 Trojanos,

874 917 1070 966 remisque
1110 916 1238 952 otium
1277 914 1423 950 fecisse.
1451 915 1590 962 Itaque

873 974 917 1009 in
949 973 1136 1010 omnibus
1160 971 1329 1007 navibus
1359 983 1468 1006 nunc
1498 969 1591 1006 mali

876 1031 1131 1073 attolluntur,
1150 1028 1235 1065 vela
1250 1027 1590 1064 intenduntur.—

878 1087 974 1135 829.
995 1084 1158 1122 Intendi
1187 1085 1228 1121 in
1260 1085 1297 1122 b.
1317 1085 1464 1122 Medic.
1488 1097 1508 1121 a
1535 1098 1588 1122 m.

874 1157 934 1193 pr.
948 1173 959 1188 ‚
984 1143 1094 1193 quod
1121 1143 1307 1180 Heinsius
1330 1155 1414 1180 non
1435 1155 1516 1179 esse
1542 1141 1590 1179 de

874 1201 1002 1238 nihilo
1029 1201 1193 1252 putabat
1214 1202 1299 1239 :ita
1333 1201 1439 1237 enim
1465 1199 1591 1237 solere

880 1259 920 1295 in
951 1259 1165 1297 abundare.
1196 1257 1373 1296 Laudat:
1408 1257 1596 1294 medicari

881 1316 920 1353 in
933 1317 1080 1367 praelz'a
1093 1346 1103 1361 ,
1126 1315 1267 1367 inferri
1285 1316 1325 1352 in
1343 1314 1494 1352 hostem
1515 1324 1590 1353 etc.

881 1375 980 1421 Sed,
1013 1384 1057 1412 ut
1083 1375 1167 1412 haec
1205 1374 1341 1412 locum
1375 1373 1590 1419 haberent,

883 1432 1044 1470 deberet
1082 1445 1103 1469 a
1143 1442 1260 1483 poeta
1304 1432 1497 1481 scriptum
1533 1443 1592 1468 es-

883 1503 923 1526 se
958 1503 968 1529 :
1006 1490 1104 1527 vela
1137 1491 1294 1529 incendi
1332 1491 1374 1527 in
1412 1487 1589 1525 brachia.

882 1550 1007 1585 Porro
1030 1549 1199 1587 Dorvill.
1226 1548 1391 1587 extendi
1411 1544 1590 1583 brachia.

883 1609 1086 1644 Romanus
1111 1618 1120 1644 :
1141 1606 1304 1644 brachia
1327 1607 1468 1649 remis,
1500 1597 1593 1640 cum

881 1663 1055 1709 Oudart3
1090 1665 1158 1702 sed
1197 1664 1402 1702 manifesto
1440 1661 1594 1698 librarii

881 1734 1026 1760 errore.
1051 1743 1110 1750 —
1131 1723 1298 1759 Intendi
1329 1718 1492 1758 brachia
1523 1731 1594 1756 ve-

881 1779 949 1823 lis,
981 1779 1030 1816 de
1052 1782 1234 1817 antennis
1264 1781 1325 1831 agi
1343 1779 1406 1816 vel
1431 1789 1482 1816 ex
1503 1776 1591 1814 Val-

880 1837 1009 1874 Flacci
1022 1839 1238 1875 imitatione
1256 1838 1326 1875 lib.
1341 1839 1359 1874 I
1373 1865 1383 1883 ,
1407 1836 1485 1874 126
1503 1848 1596 1873 con-

880 1905 974 1942 stat3
992 1895 1063 1932 ubi
1079 1898 1104 1933 J
1108 1909 1190 1933 uno
1205 1895 1313 1933 videt
1335 1894 1513 1932 Pallada
1523 1907 1596 1932 ve-

881 1953 996 2005 lifi’ro
1014 1963 1256 2004 quaerentem
1275 1952 1438 1990 brachia
1458 1952 1588 1994 malo,

882 2021 1094 2058 antennas;
1114 2021 1153 2049 et
1171 2011 1371 2061 duplicem
1393 2019 1521 2061 poetae
1539 2023 1593 2047 es-

883 2084 923 2107 se
957 2072 1001 2107 in
1042 2069 1102 2106 his
1155 2069 1285 2107 verbis
1322 2077 1558 2107 structuram
1581 2081 1591 2106 :

884 2128 983 2165 vela
1023 2127 1227 2164 intendere
1279 2126 1490 2171 antennis,
1531 2134 1590 2177 et,

884 2195 1085 2222 antennas
1121 2185 1327 2222 intendere
1353 2184 1480 2229 velis,
1503 2184 1593 2221 satis

882 2253 1024 2280 notum
1044 2252 1121 2289 est3
1143 2252 1189 2280 ut
1213 2243 1339 2280 nolim
1369 2241 1435 2279 hic
1461 2240 1594 2278 turbas

883 2302 1012 2338 factas.
1025 2322 1083 2343 -,-
1098 2302 1193 2339 830.
1212 2303 1300 2338 Una
1318 2311 1454 2337 omnes
1454 2297 1593 2349 secere

875 2359 1036 2410 pedem.
1058 2359 1236 2410 Copiosis
1263 2359 1442 2395 virorum
1460 2355 1594 2392 docto-

883 2431 972 2454 rum
992 2416 1040 2453 ad
1072 2416 1113 2454 h.
1141 2417 1192 2462 1.,
1211 2414 1391 2465 inprimis
1419 2413 1590 2458 Guellii,

883 2483 922 2511 et
942 2473 990 2510 ad
1007 2474 1205 2513 Catullum
1220 2500 1230 2517 ‚
1248 2472 1466 2508 Lucianum
1487 2479 1526 2507 et
1543 2471 1591 2508 al.

883 2530 1216 2582 disputationibus
1263 2530 1400 2578 agitata
1455 2527 1591 2566 dictio.

882 2591 999 2628 Nunc
1023 2588 1195 2637 vulgaris
1213 2593 1270 2623 est
1287 2585 1353 2622 illa
1371 2584 1592 2624 observatio

883 2656 921 2683 et
949 2647 1039 2683 satis
1065 2652 1238 2689 constat,
1256 2643 1382 2693 pedes
1409 2651 1448 2680 et
1476 2655 1591 2694 graec.

881 2698 1008 2746 πόδας
1030 2704 1160 2739 nautis
1191 2702 1318 2739 dictos
1347 2700 1479 2746 funes,
1509 2702 1593 2751 qui·-

882 2761 957 2798 bus
973 2759 1177 2797 inferiores
1206 2759 1284 2796 veli
1315 2758 1471 2810 anguli,
1491 2758 1591 2796 foret

1737 2642 1767 2773 ‘’se-tlt*
1764 2620 1767 2627 .
1765 2593 1767 2604 ⁴

1741 2820 1767 3054 Μ’·
1759 2808 1761 2810 ·
1743 2786 1767 2794 '.
