<?xml version="1.0" encoding="UTF-8"?>
<!DOCTYPE html PUBLIC "-//W3C//DTD XHTML 1.0 Transitional//EN"
    "http://www.w3.org/TR/xhtml1/DTD/xhtml1-transitional.dtd">
<html xmlns="http://www.w3.org/1999/xhtml" xml:lang="en" lang="en">
 <head>
  <title>
</title>
<meta http-equiv="Content-Type" content="text/html;charset=utf-8" />
  <meta name='ocr-system' content='tesseract 3.04.00' />
  <meta name='ocr-capabilities' content='ocr_page ocr_carea ocr_par ocr_line ocrx_word'/>
</head>
<body>
  <div class='ocr_page' id='page_1' title='image "./operahey03virguoft_0419.png"; bbox 0 0 1767 3054; ppageno 0'>
   <div class='ocr_carea' id='block_1_1' title="bbox 81 125 1585 1068">
    <p class='ocr_par' dir='ltr' id='par_1_1' title="bbox 81 125 1585 1068">
     <span class='ocr_line' id='line_1_1' title="bbox 607 125 1580 177; baseline 0.005 -15"><span class='ocrx_word' id='word_1_1' title='bbox 607 125 682 162; x_wconf 96' lang='lat' dir='ltr'>AD</span> <span class='ocrx_word' id='word_1_2' title='bbox 713 125 918 162; x_wconf 70' lang='lat' dir='ltr'><strong>LIBRUM</strong></span> <span class='ocrx_word' id='word_1_3' title='bbox 950 126 1064 162; x_wconf 74' lang='lat' dir='ltr'>vm.</span> <span class='ocrx_word' id='word_1_4' title='bbox 1501 137 1580 177; x_wconf 74' lang='lat'>407</span> 
     </span>
     <span class='ocr_line' id='line_1_2' title="bbox 88 198 1583 256; baseline 0.005 -20"><span class='ocrx_word' id='word_1_5' title='bbox 88 212 190 247; x_wconf 88' lang='lat' dir='ltr'>esse,</span> <span class='ocrx_word' id='word_1_6' title='bbox 215 198 389 238; x_wconf 88' lang='lat' dir='ltr'>dubitari</span> <span class='ocrx_word' id='word_1_7' title='bbox 418 199 486 236; x_wconf 86' lang='lat' dir='ltr'>vix</span> <span class='ocrx_word' id='word_1_8' title='bbox 514 205 667 250; x_wconf 82' lang='lat' dir='ltr'>potest3</span> <span class='ocrx_word' id='word_1_9' title='bbox 696 198 805 250; x_wconf 89' lang='lat' dir='ltr'>quod</span> <span class='ocrx_word' id='word_1_10' title='bbox 835 198 911 236; x_wconf 89' lang='lat' dir='ltr'>alio</span> <span class='ocrx_word' id='word_1_11' title='bbox 944 212 1104 250; x_wconf 88' lang='lat' dir='ltr'>quoque</span> <span class='ocrx_word' id='word_1_12' title='bbox 1135 200 1225 238; x_wconf 92' lang='lat' dir='ltr'>loco</span> <span class='ocrx_word' id='word_1_13' title='bbox 1250 213 1428 242; x_wconf 88' lang='lat' dir='ltr'>accurate</span> <span class='ocrx_word' id='word_1_14' title='bbox 1452 204 1583 256; x_wconf 89' lang='lat' dir='ltr'>dispu-</span> 
     </span>
     <span class='ocr_line' id='line_1_3' title="bbox 89 266 1584 318; baseline 0.007 -16"><span class='ocrx_word' id='word_1_15' title='bbox 89 273 212 304; x_wconf 87' lang='lat' dir='ltr'>tatum</span> <span class='ocrx_word' id='word_1_16' title='bbox 235 275 316 314; x_wconf 89' lang='lat' dir='ltr'>est;</span> <span class='ocrx_word' id='word_1_17' title='bbox 342 266 520 318; x_wconf 74' lang='lat' dir='ltr'>PeL‘tsgos</span> <span class='ocrx_word' id='word_1_18' title='bbox 542 273 674 304; x_wconf 90' lang='lat' dir='ltr'>tamen</span> <span class='ocrx_word' id='word_1_19' title='bbox 693 267 736 303; x_wconf 91' lang='lat' dir='ltr'>in</span> <span class='ocrx_word' id='word_1_20' title='bbox 760 266 828 303; x_wconf 86' lang='lat' dir='ltr'>has</span> <span class='ocrx_word' id='word_1_21' title='bbox 849 266 1003 305; x_wconf 84' lang='lat' dir='ltr'>easdem</span> <span class='ocrx_word' id='word_1_22' title='bbox 1023 267 1073 304; x_wconf 87' lang='lat' dir='ltr'>ab</span> <span class='ocrx_word' id='word_1_23' title='bbox 1094 267 1300 306; x_wconf 89' lang='lat' dir='ltr'>occidente</span> <span class='ocrx_word' id='word_1_24' title='bbox 1319 272 1472 309; x_wconf 85' lang='lat' dir='ltr'>Tiberis</span> <span class='ocrx_word' id='word_1_25' title='bbox 1493 276 1584 312; x_wconf 84' lang='lat' dir='ltr'>sitas</span> 
     </span>
     <span class='ocr_line' id='line_1_4' title="bbox 85 335 1584 390; baseline 0.006 -18"><span class='ocrx_word' id='word_1_26' title='bbox 85 344 208 372; x_wconf 87' lang='lat' dir='ltr'>terras</span> <span class='ocrx_word' id='word_1_27' title='bbox 236 335 497 385; x_wconf 84' lang='lat' dir='ltr'>immigrasse,</span> <span class='ocrx_word' id='word_1_28' title='bbox 525 335 652 372; x_wconf 88' lang='lat' dir='ltr'>multa</span> <span class='ocrx_word' id='word_1_29' title='bbox 681 344 882 387; x_wconf 85' lang='lat' dir='ltr'>arguunt:</span> <span class='ocrx_word' id='word_1_30' title='bbox 912 349 1012 386; x_wconf 89' lang='lat' dir='ltr'>quos</span> <span class='ocrx_word' id='word_1_31' title='bbox 1039 339 1245 374; x_wconf 89' lang='lat' dir='ltr'>communi</span> <span class='ocrx_word' id='word_1_32' title='bbox 1277 341 1403 390; x_wconf 88' lang='lat' dir='ltr'>gentis</span> <span class='ocrx_word' id='word_1_33' title='bbox 1423 345 1584 381; x_wconf 85' lang='lat' dir='ltr'>nomine</span> 
     </span>
     <span class='ocr_line' id='line_1_5' title="bbox 84 401 1585 453; baseline 0.006 -14"><span class='ocrx_word' id='word_1_34' title='bbox 84 403 203 442; x_wconf 79' lang='lat' dir='ltr'>fuisse</span> <span class='ocrx_word' id='word_1_35' title='bbox 224 401 528 453; x_wconf 88' lang='lat' dir='ltr'>comprehensos</span> <span class='ocrx_word' id='word_1_36' title='bbox 551 416 669 441; x_wconf 92' lang='lat' dir='ltr'>nemo</span> <span class='ocrx_word' id='word_1_37' title='bbox 692 403 922 451; x_wconf 88' lang='lat' dir='ltr'>mirabitur,</span> <span class='ocrx_word' id='word_1_38' title='bbox 944 412 989 441; x_wconf 91' lang='lat' dir='ltr'>ut</span> <span class='ocrx_word' id='word_1_39' title='bbox 1009 413 1139 442; x_wconf 88' lang='lat' dir='ltr'>tamen</span> <span class='ocrx_word' id='word_1_40' title='bbox 1166 404 1258 443; x_wconf 91' lang='lat' dir='ltr'>inde</span> <span class='ocrx_word' id='word_1_41' title='bbox 1278 420 1352 444; x_wconf 92' lang='lat' dir='ltr'>nec</span> <span class='ocrx_word' id='word_1_42' title='bbox 1371 411 1585 448; x_wconf 84' lang='lat' dir='ltr'>contendat</span> 
     </span>
     <span class='ocr_line' id='line_1_6' title="bbox 84 471 1581 524; baseline 0.005 -16"><span class='ocrx_word' id='word_1_43' title='bbox 84 472 192 522; x_wconf 88' lang='lat' dir='ltr'>quis,</span> <span class='ocrx_word' id='word_1_44' title='bbox 222 472 409 509; x_wconf 86' lang='lat' dir='ltr'>Etruscos</span> <span class='ocrx_word' id='word_1_45' title='bbox 433 471 553 508; x_wconf 87' lang='lat' dir='ltr'>fuisse</span> <span class='ocrx_word' id='word_1_46' title='bbox 577 471 770 523; x_wconf 85' lang='lat' dir='ltr'>Pelasgos.</span> <span class='ocrx_word' id='word_1_47' title='bbox 799 475 919 510; x_wconf 93' lang='lat' dir='ltr'>Poeta</span> <span class='ocrx_word' id='word_1_48' title='bbox 950 482 1080 511; x_wconf 88' lang='lat' dir='ltr'>tamen</span> <span class='ocrx_word' id='word_1_49' title='bbox 1108 472 1193 511; x_wconf 89' lang='lat' dir='ltr'>haec</span> <span class='ocrx_word' id='word_1_50' title='bbox 1214 477 1367 524; x_wconf 91' lang='lat' dir='ltr'>omnia,</span> <span class='ocrx_word' id='word_1_51' title='bbox 1393 479 1464 514; x_wconf 90' lang='lat' dir='ltr'>etsi</span> <span class='ocrx_word' id='word_1_52' title='bbox 1487 480 1581 516; x_wconf 90' lang='lat' dir='ltr'>sub-</span> 
     </span>
     <span class='ocr_line' id='line_1_7' title="bbox 81 536 1582 596; baseline 0.006 -22"><span class='ocrx_word' id='word_1_53' title='bbox 81 536 212 575; x_wconf 84' lang='lat' dir='ltr'>ductis</span> <span class='ocrx_word' id='word_1_54' title='bbox 228 539 448 576; x_wconf 83' lang='lat' dir='ltr'><strong>accuratius</strong></span> <span class='ocrx_word' id='word_1_55' title='bbox 462 538 638 576; x_wconf 84' lang='lat' dir='ltr'>historiae</span> <span class='ocrx_word' id='word_1_56' title='bbox 658 539 819 576; x_wconf 86' lang='lat' dir='ltr'>calculis</span> <span class='ocrx_word' id='word_1_57' title='bbox 834 549 938 577; x_wconf 90' lang='lat' dir='ltr'>recte</span> <span class='ocrx_word' id='word_1_58' title='bbox 953 541 1133 591; x_wconf 71' lang='lat' dir='ltr'>explosa,</span> <span class='ocrx_word' id='word_1_59' title='bbox 1155 542 1310 580; x_wconf 89' lang='lat' dir='ltr'>erudite</span> <span class='ocrx_word' id='word_1_60' title='bbox 1330 552 1368 581; x_wconf 92' lang='lat' dir='ltr'>et</span> <span class='ocrx_word' id='word_1_61' title='bbox 1385 546 1582 596; x_wconf 84' lang='lat' dir='ltr'><strong>sapienter</strong></span> 
     </span>
     <span class='ocr_line' id='line_1_8' title="bbox 81 604 1581 663; baseline 0.006 -22"><span class='ocrx_word' id='word_1_62' title='bbox 81 605 184 643; x_wconf 82' lang='lat' dir='ltr'>inter</span> <span class='ocrx_word' id='word_1_63' title='bbox 201 615 431 644; x_wconf 86' lang='lat' dir='ltr'>ornamenta</span> <span class='ocrx_word' id='word_1_64' title='bbox 452 606 635 643; x_wconf 81' lang='lat' dir='ltr'>carminis</span> <span class='ocrx_word' id='word_1_65' title='bbox 651 604 829 644; x_wconf 87' lang='lat' dir='ltr'>adscivit.</span> <span class='ocrx_word' id='word_1_66' title='bbox 849 609 988 656; x_wconf 91' lang='lat' dir='ltr'>Itaque</span> <span class='ocrx_word' id='word_1_67' title='bbox 1009 609 1127 654; x_wconf 91' lang='lat' dir='ltr'><strong>VIII,</strong></span> <span class='ocrx_word' id='word_1_68' title='bbox 1149 616 1252 659; x_wconf 76' lang='lat'>479,</span> <span class='ocrx_word' id='word_1_69' title='bbox 1273 611 1354 654; x_wconf 76' lang='lat'>480</span> <span class='ocrx_word' id='word_1_70' title='bbox 1372 609 1420 648; x_wconf 90' lang='lat' dir='ltr'>de</span> <span class='ocrx_word' id='word_1_71' title='bbox 1435 612 1581 663; x_wconf 85' lang='lat' dir='ltr'>Agylla</span> 
     </span>
     <span class='ocr_line' id='line_1_9' title="bbox 81 673 1582 731; baseline 0.005 -20"><span class='ocrx_word' id='word_1_72' title='bbox 81 687 151 711; x_wconf 87' lang='lat' dir='ltr'>seu</span> <span class='ocrx_word' id='word_1_73' title='bbox 181 675 311 720; x_wconf 76' lang='lat' dir='ltr'>Caere,</span> <span class='ocrx_word' id='word_1_74' title='bbox 334 674 401 711; x_wconf 77' lang='lat' dir='ltr'>abi</span> <span class='ocrx_word' id='word_1_75' title='bbox 423 674 553 724; x_wconf 75' lang='lat' dir='ltr'>Lydia</span> <span class='ocrx_word' id='word_1_76' title='bbox 583 673 788 725; x_wconf 85' lang='lat' dir='ltr'>quondam</span> <span class='ocrx_word' id='word_1_77' title='bbox 818 674 925 711; x_wconf 83' lang='lat' dir='ltr'>Gens</span> <span class='ocrx_word' id='word_1_78' title='bbox 948 675 1051 712; x_wconf 85' lang='lat' dir='ltr'>bello</span> <span class='ocrx_word' id='word_1_79' title='bbox 1067 678 1273 726; x_wconf 68' lang='lat' dir='ltr'>praeclara</span> <span class='ocrx_word' id='word_1_80' title='bbox 1293 679 1404 731; x_wconf 78' lang='lat' dir='ltr'>jugis</span> <span class='ocrx_word' id='word_1_81' title='bbox 1434 681 1582 719; x_wconf 76' lang='lat' dir='ltr'>insedit</span> 
     </span>
     <span class='ocr_line' id='line_1_10' title="bbox 81 742 1579 798; baseline 0.005 -19"><span class='ocrx_word' id='word_1_82' title='bbox 81 742 258 780; x_wconf 82' lang='lat' dir='ltr'>Etruscis</span> <span class='ocrx_word' id='word_1_83' title='bbox 278 745 357 789; x_wconf 78' lang='lat' dir='ltr'>IX,</span> <span class='ocrx_word' id='word_1_84' title='bbox 388 756 403 779; x_wconf 93' lang='lat'>1</span> <span class='ocrx_word' id='word_1_85' title='bbox 418 756 432 780; x_wconf 91' lang='lat'>1</span> <span class='ocrx_word' id='word_1_86' title='bbox 452 745 538 790; x_wconf 81' lang='lat' dir='ltr'>3X,</span> <span class='ocrx_word' id='word_1_87' title='bbox 564 742 641 780; x_wconf 86' lang='lat'>155</span> <span class='ocrx_word' id='word_1_88' title='bbox 663 742 769 792; x_wconf 83' lang='lat' dir='ltr'>Lydi</span> <span class='ocrx_word' id='word_1_89' title='bbox 784 755 858 793; x_wconf 90' lang='lat' dir='ltr'>pro</span> <span class='ocrx_word' id='word_1_90' title='bbox 878 743 1076 791; x_wconf 79' lang='lat' dir='ltr'>Etrusci53</span> <span class='ocrx_word' id='word_1_91' title='bbox 1094 753 1134 781; x_wconf 90' lang='lat' dir='ltr'>et</span> <span class='ocrx_word' id='word_1_92' title='bbox 1149 744 1220 782; x_wconf 86' lang='lat' dir='ltr'>lib.</span> <span class='ocrx_word' id='word_1_93' title='bbox 1246 748 1305 793; x_wconf 87' lang='grc' dir='ltr'>ΙΙ,</span> <span class='ocrx_word' id='word_1_94' title='bbox 1330 749 1407 795; x_wconf 77' lang='lat'>781</span> <span class='ocrx_word' id='word_1_95' title='bbox 1432 749 1579 798; x_wconf 74' lang='lat' dir='ltr'>Lydius</span> 
     </span>
     <span class='ocr_line' id='line_1_11' title="bbox 85 809 1579 865; baseline 0.007 -18"><span class='ocrx_word' id='word_1_96' title='bbox 85 809 249 860; x_wconf 78' lang='lat' dir='ltr'>Thybris</span> <span class='ocrx_word' id='word_1_97' title='bbox 271 825 290 848; x_wconf 93' lang='lat' dir='ltr'>a</span> <span class='ocrx_word' id='word_1_98' title='bbox 321 810 423 848; x_wconf 89' lang='lat' dir='ltr'>duce</span> <span class='ocrx_word' id='word_1_99' title='bbox 452 810 663 862; x_wconf 86' lang='lat' dir='ltr'>Tyrrheno</span> <span class='ocrx_word' id='word_1_100' title='bbox 684 825 704 849; x_wconf 93' lang='lat' dir='ltr'>e</span> <span class='ocrx_word' id='word_1_101' title='bbox 725 810 930 862; x_wconf 83' lang='lat' dir='ltr'>Lydorum</span> <span class='ocrx_word' id='word_1_102' title='bbox 961 820 1089 863; x_wconf 86' lang='lat' dir='ltr'>gente.</span> <span class='ocrx_word' id='word_1_103' title='bbox 1118 814 1168 850; x_wconf 89' lang='lat' dir='ltr'>Et</span> <span class='ocrx_word' id='word_1_104' title='bbox 1194 816 1383 865; x_wconf 85' lang='lat' dir='ltr'>quoniam</span> <span class='ocrx_word' id='word_1_105' title='bbox 1402 819 1579 857; x_wconf 70' lang='lat' dir='ltr'>Maeonee</span> 
     </span>
     <span class='ocr_line' id='line_1_12' title="bbox 82 878 1575 934; baseline 0.007 -19"><span class='ocrx_word' id='word_1_106' title='bbox 82 888 231 918; x_wconf 87' lang='lat' dir='ltr'>veteres</span> <span class='ocrx_word' id='word_1_107' title='bbox 253 879 388 931; x_wconf 78' lang='lat' dir='ltr'>Lydiae</span> <span class='ocrx_word' id='word_1_108' title='bbox 407 879 540 917; x_wconf 90' lang='lat' dir='ltr'>coloni</span> <span class='ocrx_word' id='word_1_109' title='bbox 563 879 748 926; x_wconf 84' lang='lat' dir='ltr'>fuerunt,</span> <span class='ocrx_word' id='word_1_110' title='bbox 766 878 860 916; x_wconf 85' lang='lat' dir='ltr'>hinc</span> <span class='ocrx_word' id='word_1_111' title='bbox 877 881 1034 917; x_wconf 85' lang='lat' dir='ltr'>Etrusci</span> <span class='ocrx_word' id='word_1_112' title='bbox 1052 881 1232 918; x_wconf 83' lang='lat' dir='ltr'>Maeonia</span> <span class='ocrx_word' id='word_1_113' title='bbox 1248 881 1434 933; x_wconf 79' lang='lat' dir='ltr'>juvencus</span> <span class='ocrx_word' id='word_1_114' title='bbox 1450 889 1552 925; x_wconf 84' lang='lat' dir='ltr'><strong>VIII</strong></span> <span class='ocrx_word' id='word_1_115' title='bbox 1564 917 1575 934; x_wconf 97' lang='lat'>‚</span> 
     </span>
     <span class='ocr_line' id='line_1_13' title="bbox 83 946 1578 1003; baseline 0.005 -17"><span class='ocrx_word' id='word_1_116' title='bbox 83 956 179 999; x_wconf 73' lang='lat'>499.</span> <span class='ocrx_word' id='word_1_117' title='bbox 197 948 247 986; x_wconf 88' lang='lat' dir='ltr'>cf.</span> <span class='ocrx_word' id='word_1_118' title='bbox 266 951 324 987; x_wconf 86' lang='lat' dir='ltr'><strong>XI</strong></span> <span class='ocrx_word' id='word_1_119' title='bbox 336 975 346 994; x_wconf 93' lang='lat'>,</span> <span class='ocrx_word' id='word_1_120' title='bbox 368 948 464 998; x_wconf 86' lang='lat'>759.</span> <span class='ocrx_word' id='word_1_121' title='bbox 480 949 594 986; x_wconf 87' lang='lat' dir='ltr'>Nova</span> <span class='ocrx_word' id='word_1_122' title='bbox 609 947 783 985; x_wconf 87' lang='lat' dir='ltr'>nominis</span> <span class='ocrx_word' id='word_1_123' title='bbox 797 946 1015 986; x_wconf 81' lang='lat' dir='ltr'>inflexione</span> <span class='ocrx_word' id='word_1_124' title='bbox 1031 947 1139 1000; x_wconf 91' lang='lat' dir='ltr'>apud</span> <span class='ocrx_word' id='word_1_125' title='bbox 1154 950 1351 989; x_wconf 85' lang='lat' dir='ltr'>Rutilium</span> <span class='ocrx_word' id='word_1_126' title='bbox 1362 980 1372 999; x_wconf 89' lang='lat'>,</span> <span class='ocrx_word' id='word_1_127' title='bbox 1390 955 1526 994; x_wconf 89' lang='lat' dir='ltr'>Itiner.</span> <span class='ocrx_word' id='word_1_128' title='bbox 1547 958 1578 1003; x_wconf 92' lang='lat'>1,</span> 
     </span>
     <span class='ocr_line' id='line_1_14' title="bbox 82 1014 684 1068; baseline 0.003 -17"><span class='ocrx_word' id='word_1_129' title='bbox 82 1016 163 1065; x_wconf 87' lang='lat'>596</span> <span class='ocrx_word' id='word_1_130' title='bbox 187 1017 222 1052; x_wconf 92' lang='lat' dir='ltr'>T</span> <span class='ocrx_word' id='word_1_131' title='bbox 211 1014 441 1068; x_wconf 66' lang='lat' dir='ltr'>Jrrhigenae</span> <span class='ocrx_word' id='word_1_132' title='bbox 463 1014 560 1052; x_wconf 84' lang='lat' dir='ltr'>dicti</span> <span class='ocrx_word' id='word_1_133' title='bbox 579 1023 684 1053; x_wconf 84' lang='lat' dir='ltr'>sunt.</span> 
     </span>
    </p>
   </div>
   <div class='ocr_carea' id='block_1_2' title="bbox 71 1099 1578 2829">
    <p class='ocr_par' dir='ltr' id='par_1_2' title="bbox 71 1099 1578 2829">
     <span class='ocr_line' id='line_1_15' title="bbox 142 1099 1577 1154; baseline 0.006 -17"><span class='ocrx_word' id='word_1_134' title='bbox 142 1101 352 1138; x_wconf 80' lang='lat' dir='ltr'>Tarconcis</span> <span class='ocrx_word' id='word_1_135' title='bbox 378 1114 449 1139; x_wconf 89' lang='lat' dir='ltr'>seu</span> <span class='ocrx_word' id='word_1_136' title='bbox 481 1099 716 1139; x_wconf 77' lang='lat' dir='ltr'>Tarchontis</span> <span class='ocrx_word' id='word_1_137' title='bbox 734 1114 904 1149; x_wconf 88' lang='lat' dir='ltr'>nomen,</span> <span class='ocrx_word' id='word_1_138' title='bbox 926 1115 1008 1153; x_wconf 91' lang='lat' dir='ltr'>quo</span> <span class='ocrx_word' id='word_1_139' title='bbox 1034 1111 1150 1154; x_wconf 86' lang='lat' dir='ltr'>poeta</span> <span class='ocrx_word' id='word_1_140' title='bbox 1171 1104 1242 1142; x_wconf 83' lang='lat' dir='ltr'>inf.</span> <span class='ocrx_word' id='word_1_141' title='bbox 1268 1118 1306 1143; x_wconf 84' lang='lat' dir='ltr'>v.</span> <span class='ocrx_word' id='word_1_142' title='bbox 1337 1105 1419 1144; x_wconf 83' lang='lat'>603</span> <span class='ocrx_word' id='word_1_143' title='bbox 1448 1109 1577 1145; x_wconf 91' lang='lat' dir='ltr'>Lucu-</span> 
     </span>
     <span class='ocr_line' id='line_1_16' title="bbox 79 1171 1577 1222; baseline 0.004 -15"><span class='ocrx_word' id='word_1_144' title='bbox 79 1182 239 1208; x_wconf 86' lang='lat' dir='ltr'>monem</span> <span class='ocrx_word' id='word_1_145' title='bbox 265 1171 542 1222; x_wconf 80' lang='lat' dir='ltr'>Agyllaeorum</span> <span class='ocrx_word' id='word_1_146' title='bbox 566 1171 781 1221; x_wconf 86' lang='lat' dir='ltr'>impertiit,</span> <span class='ocrx_word' id='word_1_147' title='bbox 802 1183 887 1208; x_wconf 90' lang='lat' dir='ltr'>non</span> <span class='ocrx_word' id='word_1_148' title='bbox 914 1172 1046 1208; x_wconf 88' lang='lat' dir='ltr'>minus</span> <span class='ocrx_word' id='word_1_149' title='bbox 1075 1184 1124 1208; x_wconf 87' lang='lat' dir='ltr'>ex</span> <span class='ocrx_word' id='word_1_150' title='bbox 1155 1181 1287 1210; x_wconf 81' lang='lat' dir='ltr'>vetere</span> <span class='ocrx_word' id='word_1_151' title='bbox 1305 1176 1494 1212; x_wconf 87' lang='lat' dir='ltr'>memoria</span> <span class='ocrx_word' id='word_1_152' title='bbox 1516 1189 1577 1213; x_wconf 84' lang='lat' dir='ltr'>re-</span> 
     </span>
     <span class='ocr_line' id='line_1_17' title="bbox 79 1239 1578 1291; baseline 0.003 -15"><span class='ocrx_word' id='word_1_153' title='bbox 79 1240 246 1290; x_wconf 88' lang='lat' dir='ltr'>petitum</span> <span class='ocrx_word' id='word_1_154' title='bbox 264 1248 335 1278; x_wconf 89' lang='lat' dir='ltr'>est.</span> <span class='ocrx_word' id='word_1_155' title='bbox 363 1241 457 1278; x_wconf 88' lang='lat' dir='ltr'>Fuit</span> <span class='ocrx_word' id='word_1_156' title='bbox 479 1240 585 1277; x_wconf 88' lang='lat' dir='ltr'>enim</span> <span class='ocrx_word' id='word_1_157' title='bbox 602 1239 789 1278; x_wconf 88' lang='lat' dir='ltr'>Tarchon</span> <span class='ocrx_word' id='word_1_158' title='bbox 817 1239 958 1291; x_wconf 87' lang='lat' dir='ltr'>aliquis</span> <span class='ocrx_word' id='word_1_159' title='bbox 971 1267 981 1286; x_wconf 93' lang='lat'>‚</span> <span class='ocrx_word' id='word_1_160' title='bbox 1001 1241 1072 1291; x_wconf 91' lang='lat' dir='ltr'>qui</span> <span class='ocrx_word' id='word_1_161' title='bbox 1090 1242 1330 1291; x_wconf 86' lang='lat' dir='ltr'>Tarquinios</span> <span class='ocrx_word' id='word_1_162' title='bbox 1351 1244 1395 1280; x_wconf 92' lang='lat' dir='ltr'>in</span> <span class='ocrx_word' id='word_1_163' title='bbox 1419 1245 1578 1282; x_wconf 86' lang='lat' dir='ltr'>Etruria</span> 
     </span>
     <span class='ocr_line' id='line_1_18' title="bbox 81 1306 1575 1359; baseline 0.002 -14"><span class='ocrx_word' id='word_1_164' title='bbox 81 1306 303 1345; x_wconf 84' lang='lat' dir='ltr'>condidisse</span> <span class='ocrx_word' id='word_1_165' title='bbox 320 1306 532 1345; x_wconf 84' lang='lat' dir='ltr'>ferebatur.</span> <span class='ocrx_word' id='word_1_166' title='bbox 557 1308 658 1344; x_wconf 89' lang='lat' dir='ltr'>Eum</span> <span class='ocrx_word' id='word_1_167' title='bbox 678 1307 808 1343; x_wconf 84' lang='lat' dir='ltr'>statim</span> <span class='ocrx_word' id='word_1_168' title='bbox 828 1319 920 1344; x_wconf 88' lang='lat' dir='ltr'>cum</span> <span class='ocrx_word' id='word_1_169' title='bbox 939 1307 1151 1358; x_wconf 88' lang='lat' dir='ltr'>Tyrrheno</span> <span class='ocrx_word' id='word_1_170' title='bbox 1170 1321 1191 1345; x_wconf 90' lang='lat' dir='ltr'>e</span> <span class='ocrx_word' id='word_1_171' title='bbox 1210 1308 1335 1359; x_wconf 87' lang='lat' dir='ltr'>Lydia</span> <span class='ocrx_word' id='word_1_172' title='bbox 1357 1310 1401 1347; x_wconf 86' lang='lat' dir='ltr'>in</span> <span class='ocrx_word' id='word_1_173' title='bbox 1424 1310 1575 1348; x_wconf 88' lang='lat' dir='ltr'>Italiam</span> 
     </span>
     <span class='ocr_line' id='line_1_19' title="bbox 80 1376 1576 1432; baseline 0.004 -19"><span class='ocrx_word' id='word_1_174' title='bbox 80 1378 256 1424; x_wconf 82' lang='lat' dir='ltr'>venisse,</span> <span class='ocrx_word' id='word_1_175' title='bbox 281 1376 422 1415; x_wconf 86' lang='lat' dir='ltr'>Strabo</span> <span class='ocrx_word' id='word_1_176' title='bbox 455 1376 646 1414; x_wconf 89' lang='lat' dir='ltr'>traditum</span> <span class='ocrx_word' id='word_1_177' title='bbox 685 1386 885 1428; x_wconf 87' lang='lat' dir='ltr'>acceperat</span> <span class='ocrx_word' id='word_1_178' title='bbox 917 1376 987 1414; x_wconf 88' lang='lat' dir='ltr'>lib.</span> <span class='ocrx_word' id='word_1_179' title='bbox 1019 1380 1070 1424; x_wconf 88' lang='lat' dir='ltr'>V,</span> <span class='ocrx_word' id='word_1_180' title='bbox 1092 1391 1133 1428; x_wconf 85' lang='lat' dir='ltr'>p.</span> <span class='ocrx_word' id='word_1_181' title='bbox 1168 1379 1250 1416; x_wconf 81' lang='lat'>336</span> <span class='ocrx_word' id='word_1_182' title='bbox 1284 1381 1344 1427; x_wconf 88' lang='lat' dir='ltr'>A,</span> <span class='ocrx_word' id='word_1_183' title='bbox 1376 1381 1576 1432; x_wconf 67' lang='lat' dir='ltr'>vulgoque</span> 
     </span>
     <span class='ocr_line' id='line_1_20' title="bbox 79 1446 1575 1500; baseline 0.005 -19"><span class='ocrx_word' id='word_1_184' title='bbox 79 1454 303 1493; x_wconf 87' lang='lat' dir='ltr'>narratum,</span> <span class='ocrx_word' id='word_1_185' title='bbox 328 1446 448 1484; x_wconf 76' lang='lat' dir='ltr'>fuisse</span> <span class='ocrx_word' id='word_1_186' title='bbox 476 1460 569 1484; x_wconf 90' lang='lat' dir='ltr'>eum</span> <span class='ocrx_word' id='word_1_187' title='bbox 589 1460 734 1484; x_wconf 90' lang='lat' dir='ltr'>canum</span> <span class='ocrx_word' id='word_1_188' title='bbox 760 1459 779 1483; x_wconf 90' lang='lat' dir='ltr'>a</span> <span class='ocrx_word' id='word_1_189' title='bbox 801 1459 930 1498; x_wconf 92' lang='lat' dir='ltr'>puero</span> <span class='ocrx_word' id='word_1_190' title='bbox 952 1458 962 1485; x_wconf 90' lang='lat'>:</span> <span class='ocrx_word' id='word_1_191' title='bbox 987 1459 1064 1497; x_wconf 89' lang='lat' dir='ltr'>qua</span> <span class='ocrx_word' id='word_1_192' title='bbox 1093 1448 1227 1486; x_wconf 87' lang='lat' dir='ltr'>fabula</span> <span class='ocrx_word' id='word_1_193' title='bbox 1248 1450 1326 1486; x_wconf 87' lang='lat' dir='ltr'>viri</span> <span class='ocrx_word' id='word_1_194' title='bbox 1345 1451 1575 1500; x_wconf 86' lang='lat' dir='ltr'>sapientiam</span> 
     </span>
     <span class='ocr_line' id='line_1_21' title="bbox 81 1516 1573 1576; baseline 0.005 -22"><span class='ocrx_word' id='word_1_195' title='bbox 81 1516 280 1556; x_wconf 87' lang='lat' dir='ltr'>declarare</span> <span class='ocrx_word' id='word_1_196' title='bbox 298 1519 460 1557; x_wconf 85' lang='lat' dir='ltr'>voluere</span> <span class='ocrx_word' id='word_1_197' title='bbox 479 1519 674 1558; x_wconf 88' lang='lat' dir='ltr'>homines.</span> <span class='ocrx_word' id='word_1_198' title='bbox 699 1520 859 1570; x_wconf 87' lang='lat' dir='ltr'>Repetit</span> <span class='ocrx_word' id='word_1_199' title='bbox 873 1531 957 1555; x_wconf 90' lang='lat' dir='ltr'>eam</span> <span class='ocrx_word' id='word_1_200' title='bbox 976 1519 1153 1558; x_wconf 87' lang='lat' dir='ltr'>Eustath.</span> <span class='ocrx_word' id='word_1_201' title='bbox 1173 1519 1222 1557; x_wconf 90' lang='lat' dir='ltr'>ad</span> <span class='ocrx_word' id='word_1_202' title='bbox 1238 1523 1406 1574; x_wconf 78' lang='lat' dir='ltr'>Dionys,</span> <span class='ocrx_word' id='word_1_203' title='bbox 1424 1525 1573 1576; x_wconf 87' lang='lat' dir='ltr'>Perieg.</span> 
     </span>
     <span class='ocr_line' id='line_1_22' title="bbox 83 1586 1573 1640; baseline 0.005 -17"><span class='ocrx_word' id='word_1_204' title='bbox 83 1586 162 1635; x_wconf 76' lang='lat'>347</span> <span class='ocrx_word' id='word_1_205' title='bbox 184 1594 222 1624; x_wconf 91' lang='lat' dir='ltr'>et</span> <span class='ocrx_word' id='word_1_206' title='bbox 243 1586 290 1624; x_wconf 91' lang='lat' dir='ltr'>ad</span> <span class='ocrx_word' id='word_1_207' title='bbox 306 1587 417 1626; x_wconf 85' lang='lat' dir='ltr'>Iliad.</span> <span class='ocrx_word' id='word_1_208' title='bbox 440 1589 486 1634; x_wconf 93' lang='lat' dir='ltr'>B,</span> <span class='ocrx_word' id='word_1_209' title='bbox 503 1602 544 1640; x_wconf 83' lang='lat' dir='ltr'>p.</span> <span class='ocrx_word' id='word_1_210' title='bbox 569 1588 643 1636; x_wconf 84' lang='lat'>167</span> <span class='ocrx_word' id='word_1_211' title='bbox 662 1616 673 1635; x_wconf 94' lang='lat'>,</span> <span class='ocrx_word' id='word_1_212' title='bbox 694 1590 712 1624; x_wconf 97' lang='lat' dir='ltr'><strong>I</strong></span> <span class='ocrx_word' id='word_1_213' title='bbox 725 1615 735 1634; x_wconf 91' lang='lat'>,</span> <span class='ocrx_word' id='word_1_214' title='bbox 763 1588 830 1625; x_wconf 85' lang='lat'>23.</span> <span class='ocrx_word' id='word_1_215' title='bbox 851 1586 1026 1624; x_wconf 81' lang='lat' dir='ltr'>Discedit</span> <span class='ocrx_word' id='word_1_216' title='bbox 1042 1586 1092 1623; x_wconf 90' lang='lat' dir='ltr'>ab</span> <span class='ocrx_word' id='word_1_217' title='bbox 1110 1587 1172 1625; x_wconf 86' lang='lat' dir='ltr'>his</span> <span class='ocrx_word' id='word_1_218' title='bbox 1189 1589 1308 1627; x_wconf 91' lang='lat' dir='ltr'>Silius</span> <span class='ocrx_word' id='word_1_219' title='bbox 1323 1618 1334 1637; x_wconf 94' lang='lat'>,</span> <span class='ocrx_word' id='word_1_220' title='bbox 1353 1590 1423 1629; x_wconf 91' lang='lat' dir='ltr'>lib.</span> <span class='ocrx_word' id='word_1_221' title='bbox 1449 1593 1549 1630; x_wconf 84' lang='lat' dir='ltr'><strong>VIII</strong></span> <span class='ocrx_word' id='word_1_222' title='bbox 1562 1620 1573 1638; x_wconf 91' lang='lat'>‚</span> 
     </span>
     <span class='ocr_line' id='line_1_23' title="bbox 83 1654 1572 1708; baseline 0.002 -14"><span class='ocrx_word' id='word_1_223' title='bbox 83 1663 164 1703; x_wconf 78' lang='lat'>474</span> <span class='ocrx_word' id='word_1_224' title='bbox 180 1685 191 1703; x_wconf 87' lang='lat'>,</span> <span class='ocrx_word' id='word_1_225' title='bbox 217 1670 238 1694; x_wconf 91' lang='lat' dir='ltr'>a</span> <span class='ocrx_word' id='word_1_226' title='bbox 259 1670 340 1708; x_wconf 91' lang='lat' dir='ltr'>quo</span> <span class='ocrx_word' id='word_1_227' title='bbox 362 1656 536 1694; x_wconf 84' lang='lat' dir='ltr'>Cortona</span> <span class='ocrx_word' id='word_1_228' title='bbox 560 1654 720 1706; x_wconf 83' lang='lat' dir='ltr'>superbi</span> <span class='ocrx_word' id='word_1_229' title='bbox 751 1657 786 1692; x_wconf 88' lang='lat' dir='ltr'><strong><em>T</em></strong></span> <span class='ocrx_word' id='word_1_230' title='bbox 784 1655 956 1693; x_wconf 71' lang='lat' dir='ltr'>arcentis</span> <span class='ocrx_word' id='word_1_231' title='bbox 982 1657 1121 1694; x_wconf 81' lang='lat' dir='ltr'>domus</span> <span class='ocrx_word' id='word_1_232' title='bbox 1148 1656 1252 1695; x_wconf 85' lang='lat' dir='ltr'>edita</span> <span class='ocrx_word' id='word_1_233' title='bbox 1274 1666 1356 1704; x_wconf 79' lang='lat' dir='ltr'>est3</span> <span class='ocrx_word' id='word_1_234' title='bbox 1377 1667 1416 1696; x_wconf 91' lang='lat' dir='ltr'>et</span> <span class='ocrx_word' id='word_1_235' title='bbox 1433 1672 1572 1698; x_wconf 90' lang='lat' dir='ltr'>secun-</span> 
     </span>
     <span class='ocr_line' id='line_1_24' title="bbox 76 1727 1572 1780; baseline 0.003 -14"><span class='ocrx_word' id='word_1_236' title='bbox 76 1728 173 1766; x_wconf 91' lang='lat' dir='ltr'>dum</span> <span class='ocrx_word' id='word_1_237' title='bbox 192 1729 288 1767; x_wconf 89' lang='lat' dir='ltr'>alios</span> <span class='ocrx_word' id='word_1_238' title='bbox 301 1759 311 1777; x_wconf 93' lang='lat'><strong>‚</strong></span> <span class='ocrx_word' id='word_1_239' title='bbox 331 1741 433 1780; x_wconf 89' lang='lat' dir='ltr'>quos</span> <span class='ocrx_word' id='word_1_240' title='bbox 450 1728 550 1767; x_wconf 88' lang='lat' dir='ltr'>Cato</span> <span class='ocrx_word' id='word_1_241' title='bbox 569 1729 705 1780; x_wconf 83' lang='lat' dir='ltr'>Origg.</span> <span class='ocrx_word' id='word_1_242' title='bbox 727 1731 746 1766; x_wconf 96' lang='lat' dir='ltr'><strong>I</strong></span> <span class='ocrx_word' id='word_1_243' title='bbox 763 1727 1002 1779; x_wconf 85' lang='lat' dir='ltr'>sequebatur</span> <span class='ocrx_word' id='word_1_244' title='bbox 1015 1756 1025 1774; x_wconf 91' lang='lat'>‚</span> <span class='ocrx_word' id='word_1_245' title='bbox 1043 1727 1150 1778; x_wconf 88' lang='lat' dir='ltr'>apud</span> <span class='ocrx_word' id='word_1_246' title='bbox 1166 1729 1346 1767; x_wconf 76' lang='lat' dir='ltr'>Servium</span> <span class='ocrx_word' id='word_1_247' title='bbox 1365 1728 1413 1765; x_wconf 88' lang='lat' dir='ltr'>ad</span> <span class='ocrx_word' id='word_1_248' title='bbox 1427 1730 1497 1769; x_wconf 91' lang='lat' dir='ltr'>lib.</span> <span class='ocrx_word' id='word_1_249' title='bbox 1511 1734 1547 1769; x_wconf 87' lang='lat' dir='ltr'>X</span> <span class='ocrx_word' id='word_1_250' title='bbox 1562 1761 1572 1779; x_wconf 91' lang='lat'>,</span> 
     </span>
     <span class='ocr_line' id='line_1_25' title="bbox 78 1797 1569 1851; baseline 0 -13"><span class='ocrx_word' id='word_1_251' title='bbox 78 1801 166 1838; x_wconf 81' lang='lat' dir='ltr'>AEn.</span> <span class='ocrx_word' id='word_1_252' title='bbox 207 1813 285 1850; x_wconf 85' lang='lat'>179</span> <span class='ocrx_word' id='word_1_253' title='bbox 314 1802 492 1839; x_wconf 89' lang='lat' dir='ltr'>Pisarum</span> <span class='ocrx_word' id='word_1_254' title='bbox 521 1800 586 1837; x_wconf 82' lang='lat' dir='ltr'>ine</span> <span class='ocrx_word' id='word_1_255' title='bbox 614 1798 799 1836; x_wconf 88' lang='lat' dir='ltr'>conditor</span> <span class='ocrx_word' id='word_1_256' title='bbox 831 1797 989 1834; x_wconf 87' lang='lat' dir='ltr'>habitus</span> <span class='ocrx_word' id='word_1_257' title='bbox 1018 1806 1098 1844; x_wconf 92' lang='lat' dir='ltr'>est,</span> <span class='ocrx_word' id='word_1_258' title='bbox 1128 1798 1176 1835; x_wconf 89' lang='lat' dir='ltr'>ab</span> <span class='ocrx_word' id='word_1_259' title='bbox 1201 1798 1283 1835; x_wconf 87' lang='lat' dir='ltr'>aliis</span> <span class='ocrx_word' id='word_1_260' title='bbox 1306 1801 1484 1840; x_wconf 85' lang='lat' dir='ltr'>Mantuae</span> <span class='ocrx_word' id='word_1_261' title='bbox 1506 1815 1569 1851; x_wconf 88' lang='lat' dir='ltr'>ap.</span> 
     </span>
     <span class='ocr_line' id='line_1_26' title="bbox 77 1866 1568 1918; baseline 0.005 -16"><span class='ocrx_word' id='word_1_262' title='bbox 77 1867 186 1906; x_wconf 83' lang='lat' dir='ltr'>Serv.</span> <span class='ocrx_word' id='word_1_263' title='bbox 210 1868 259 1905; x_wconf 90' lang='lat' dir='ltr'>ad</span> <span class='ocrx_word' id='word_1_264' title='bbox 277 1871 316 1907; x_wconf 83' lang='lat' dir='ltr'>X</span> <span class='ocrx_word' id='word_1_265' title='bbox 329 1896 340 1915; x_wconf 92' lang='lat'>,</span> <span class='ocrx_word' id='word_1_266' title='bbox 366 1869 443 1918; x_wconf 89' lang='lat'>198</span> <span class='ocrx_word' id='word_1_267' title='bbox 457 1898 468 1916; x_wconf 93' lang='lat'>,</span> <span class='ocrx_word' id='word_1_268' title='bbox 487 1868 634 1918; x_wconf 88' lang='lat' dir='ltr'>quibus</span> <span class='ocrx_word' id='word_1_269' title='bbox 655 1868 791 1905; x_wconf 88' lang='lat' dir='ltr'>saltem</span> <span class='ocrx_word' id='word_1_270' title='bbox 817 1866 895 1904; x_wconf 88' lang='lat' dir='ltr'>hoc</span> <span class='ocrx_word' id='word_1_271' title='bbox 919 1875 1094 1912; x_wconf 88' lang='lat' dir='ltr'>constat,</span> <span class='ocrx_word' id='word_1_272' title='bbox 1111 1866 1229 1904; x_wconf 84' lang='lat' dir='ltr'>fuisse</span> <span class='ocrx_word' id='word_1_273' title='bbox 1249 1870 1487 1909; x_wconf 91' lang='lat' dir='ltr'>Tarcontem</span> <span class='ocrx_word' id='word_1_274' title='bbox 1507 1872 1568 1910; x_wconf 88' lang='lat' dir='ltr'>in·</span> 
     </span>
     <span class='ocr_line' id='line_1_27' title="bbox 79 1935 1569 1990; baseline 0.004 -16"><span class='ocrx_word' id='word_1_275' title='bbox 79 1947 138 1974; x_wconf 86' lang='lat' dir='ltr'>ter</span> <span class='ocrx_word' id='word_1_276' title='bbox 159 1945 335 1975; x_wconf 86' lang='lat' dir='ltr'>auctores</span> <span class='ocrx_word' id='word_1_277' title='bbox 353 1937 495 1989; x_wconf 90' lang='lat' dir='ltr'>populi</span> <span class='ocrx_word' id='word_1_278' title='bbox 517 1936 698 1974; x_wconf 86' lang='lat' dir='ltr'>habitum</span> <span class='ocrx_word' id='word_1_279' title='bbox 712 1964 723 1983; x_wconf 89' lang='lat'>‚</span> <span class='ocrx_word' id='word_1_280' title='bbox 743 1936 965 1988; x_wconf 89' lang='lat' dir='ltr'>multasque</span> <span class='ocrx_word' id='word_1_281' title='bbox 989 1935 1038 1973; x_wconf 90' lang='lat' dir='ltr'>ad</span> <span class='ocrx_word' id='word_1_282' title='bbox 1058 1949 1149 1974; x_wconf 91' lang='lat' dir='ltr'>eum</span> <span class='ocrx_word' id='word_1_283' title='bbox 1164 1937 1283 1975; x_wconf 87' lang='lat' dir='ltr'>urbes</span> <span class='ocrx_word' id='word_1_284' title='bbox 1299 1939 1493 1990; x_wconf 84' lang='lat' dir='ltr'>originem</span> <span class='ocrx_word' id='word_1_285' title='bbox 1510 1956 1569 1980; x_wconf 84' lang='lat' dir='ltr'>re-</span> 
     </span>
     <span class='ocr_line' id='line_1_28' title="bbox 78 2006 1568 2059; baseline 0 -13"><span class='ocrx_word' id='word_1_286' title='bbox 78 2009 226 2046; x_wconf 82' lang='lat' dir='ltr'>tulisse.</span> <span class='ocrx_word' id='word_1_287' title='bbox 250 2008 377 2047; x_wconf 84' lang='lat' dir='ltr'>Aliter</span> <span class='ocrx_word' id='word_1_288' title='bbox 410 2009 567 2046; x_wconf 90' lang='lat' dir='ltr'>ornavit</span> <span class='ocrx_word' id='word_1_289' title='bbox 599 2006 772 2045; x_wconf 86' lang='lat' dir='ltr'>fabulam</span> <span class='ocrx_word' id='word_1_290' title='bbox 805 2006 1046 2057; x_wconf 85' lang='lat' dir='ltr'>Lycophron</span> <span class='ocrx_word' id='word_1_291' title='bbox 1072 2021 1110 2045; x_wconf 87' lang='lat' dir='ltr'>v.</span> <span class='ocrx_word' id='word_1_292' title='bbox 1149 2008 1279 2054; x_wconf 78' lang='lat'>1245,</span> <span class='ocrx_word' id='word_1_293' title='bbox 1312 2016 1419 2059; x_wconf 77' lang='lat'>1249</span> <span class='ocrx_word' id='word_1_294' title='bbox 1436 2039 1446 2058; x_wconf 91' lang='lat'>,</span> <span class='ocrx_word' id='word_1_295' title='bbox 1472 2011 1568 2058; x_wconf 86' lang='lat' dir='ltr'>ubi,</span> 
     </span>
     <span class='ocr_line' id='line_1_29' title="bbox 78 2075 1570 2132; baseline 0 -15"><span class='ocrx_word' id='word_1_296' title='bbox 78 2087 221 2130; x_wconf 88' lang='lat' dir='ltr'>praeter</span> <span class='ocrx_word' id='word_1_297' title='bbox 253 2078 433 2129; x_wconf 73' lang='lat' dir='ltr'>UIyssem</span> <span class='ocrx_word' id='word_1_298' title='bbox 445 2107 455 2125; x_wconf 90' lang='lat'>‚</span> <span class='ocrx_word' id='word_1_299' title='bbox 481 2075 663 2115; x_wconf 77' lang='lat' dir='ltr'>Tarchon</span> <span class='ocrx_word' id='word_1_300' title='bbox 686 2085 725 2113; x_wconf 90' lang='lat' dir='ltr'>et</span> <span class='ocrx_word' id='word_1_301' title='bbox 757 2075 1002 2126; x_wconf 72' lang='lat' dir='ltr'>Tyrrhenus,</span> <span class='ocrx_word' id='word_1_302' title='bbox 1032 2077 1197 2129; x_wconf 88' lang='lat' dir='ltr'>Telephi</span> <span class='ocrx_word' id='word_1_303' title='bbox 1225 2080 1435 2130; x_wconf 79' lang='lat' dir='ltr'>Mysorum</span> <span class='ocrx_word' id='word_1_304' title='bbox 1469 2083 1570 2132; x_wconf 84' lang='lat' dir='ltr'>regis</span> 
     </span>
     <span class='ocr_line' id='line_1_30' title="bbox 78 2147 1570 2205; baseline 0.002 -19"><span class='ocrx_word' id='word_1_305' title='bbox 78 2148 151 2188; x_wconf 81' lang='lat' dir='ltr'>filii</span> <span class='ocrx_word' id='word_1_306' title='bbox 164 2180 175 2198; x_wconf 94' lang='lat'><strong><em>‚</em></strong></span> <span class='ocrx_word' id='word_1_307' title='bbox 200 2156 418 2188; x_wconf 88' lang='lat' dir='ltr'>occurrunt</span> <span class='ocrx_word' id='word_1_308' title='bbox 437 2151 568 2186; x_wconf 82' lang='lat' dir='ltr'>AEneae</span> <span class='ocrx_word' id='word_1_309' title='bbox 588 2148 630 2185; x_wconf 89' lang='lat' dir='ltr'>in</span> <span class='ocrx_word' id='word_1_310' title='bbox 646 2147 757 2184; x_wconf 86' lang='lat' dir='ltr'>ltalia</span> <span class='ocrx_word' id='word_1_311' title='bbox 772 2175 782 2194; x_wconf 89' lang='lat'>,</span> <span class='ocrx_word' id='word_1_312' title='bbox 801 2149 1105 2200; x_wconf 86' lang='lat' dir='ltr'>societatemque</span> <span class='ocrx_word' id='word_1_313' title='bbox 1122 2162 1214 2187; x_wconf 89' lang='lat' dir='ltr'>cum</span> <span class='ocrx_word' id='word_1_314' title='bbox 1228 2163 1275 2187; x_wconf 92' lang='lat' dir='ltr'>eo</span> <span class='ocrx_word' id='word_1_315' title='bbox 1290 2151 1570 2205; x_wconf 87' lang='lat' dir='ltr'>jungunt(qui</span> 
     </span>
     <span class='ocr_line' id='line_1_31' title="bbox 77 2217 1566 2274; baseline 0.003 -20"><span class='ocrx_word' id='word_1_316' title='bbox 77 2217 134 2255; x_wconf 90' lang='lat' dir='ltr'>ibi</span> <span class='ocrx_word' id='word_1_317' title='bbox 171 2230 412 2259; x_wconf 88' lang='lat' dir='ltr'>memoratur</span> <span class='ocrx_word' id='word_1_318' title='bbox 446 2218 615 2274; x_wconf 70' lang='grc' dir='ltr'>οἰκουρὸς</span> <span class='ocrx_word' id='word_1_319' title='bbox 639 2218 794 2266; x_wconf 73' lang='grc' dir='ltr'><strong>θέοινος,</strong></span> <span class='ocrx_word' id='word_1_320' title='bbox 823 2219 1000 2259; x_wconf 87' lang='lat' dir='ltr'>Bacchus</span> <span class='ocrx_word' id='word_1_321' title='bbox 1022 2227 1110 2259; x_wconf 88' lang='lat' dir='ltr'>est:</span> <span class='ocrx_word' id='word_1_322' title='bbox 1135 2219 1185 2258; x_wconf 86' lang='lat' dir='ltr'>cf.</span> <span class='ocrx_word' id='word_1_323' title='bbox 1219 2219 1350 2258; x_wconf 90' lang='lat' dir='ltr'>Schol.</span> <span class='ocrx_word' id='word_1_324' title='bbox 1382 2220 1431 2257; x_wconf 87' lang='lat' dir='ltr'>ad</span> <span class='ocrx_word' id='word_1_325' title='bbox 1460 2233 1566 2271; x_wconf 85' lang='lat'>209,</span> 
     </span>
     <span class='ocr_line' id='line_1_32' title="bbox 78 2290 1568 2342; baseline 0.001 -14"><span class='ocrx_word' id='word_1_326' title='bbox 78 2290 127 2328; x_wconf 87' lang='lat' dir='ltr'>de</span> <span class='ocrx_word' id='word_1_327' title='bbox 148 2303 230 2341; x_wconf 90' lang='lat' dir='ltr'>quo</span> <span class='ocrx_word' id='word_1_328' title='bbox 245 2304 328 2329; x_wconf 88' lang='lat' dir='ltr'>non</span> <span class='ocrx_word' id='word_1_329' title='bbox 348 2291 449 2329; x_wconf 87' lang='lat' dir='ltr'>bene</span> <span class='ocrx_word' id='word_1_330' title='bbox 469 2290 782 2342; x_wconf 84' lang='lat' dir='ltr'>dubitaveram).</span> <span class='ocrx_word' id='word_1_331' title='bbox 811 2294 937 2331; x_wconf 88' lang='lat' dir='ltr'>Totus</span> <span class='ocrx_word' id='word_1_332' title='bbox 956 2291 1021 2328; x_wconf 89' lang='lat' dir='ltr'>ille</span> <span class='ocrx_word' id='word_1_333' title='bbox 1043 2290 1157 2328; x_wconf 91' lang='lat' dir='ltr'>locus</span> <span class='ocrx_word' id='word_1_334' title='bbox 1180 2302 1200 2326; x_wconf 94' lang='lat' dir='ltr'>a</span> <span class='ocrx_word' id='word_1_335' title='bbox 1226 2303 1265 2328; x_wconf 87' lang='lat' dir='ltr'>v.</span> <span class='ocrx_word' id='word_1_336' title='bbox 1291 2291 1400 2341; x_wconf 82' lang='lat'>2239</span> <span class='ocrx_word' id='word_1_337' title='bbox 1420 2304 1568 2329; x_wconf 75' lang='lat' dir='ltr'>memo·</span> 
     </span>
     <span class='ocr_line' id='line_1_33' title="bbox 74 2357 1561 2398; baseline 0.001 -3"><span class='ocrx_word' id='word_1_338' title='bbox 74 2357 210 2396; x_wconf 84' lang='lat' dir='ltr'>rabilis</span> <span class='ocrx_word' id='word_1_339' title='bbox 229 2367 286 2397; x_wconf 89' lang='lat' dir='ltr'>est</span> <span class='ocrx_word' id='word_1_340' title='bbox 306 2358 353 2396; x_wconf 90' lang='lat' dir='ltr'>ad</span> <span class='ocrx_word' id='word_1_341' title='bbox 377 2358 628 2397; x_wconf 87' lang='lat' dir='ltr'>declarandas</span> <span class='ocrx_word' id='word_1_342' title='bbox 651 2369 828 2398; x_wconf 87' lang='lat' dir='ltr'>veterum</span> <span class='ocrx_word' id='word_1_343' title='bbox 856 2360 1090 2397; x_wconf 84' lang='lat' dir='ltr'>Graecorum</span> <span class='ocrx_word' id='word_1_344' title='bbox 1113 2357 1161 2396; x_wconf 90' lang='lat' dir='ltr'>de</span> <span class='ocrx_word' id='word_1_345' title='bbox 1179 2357 1241 2396; x_wconf 90' lang='lat' dir='ltr'>his</span> <span class='ocrx_word' id='word_1_346' title='bbox 1257 2357 1355 2396; x_wconf 87' lang='lat' dir='ltr'>locis</span> <span class='ocrx_word' id='word_1_347' title='bbox 1373 2358 1533 2396; x_wconf 90' lang='lat' dir='ltr'>notitias</span> <span class='ocrx_word' id='word_1_348' title='bbox 1552 2371 1561 2397; x_wconf 91' lang='lat'>:</span> 
     </span>
     <span class='ocr_line' id='line_1_34' title="bbox 74 2427 1566 2479; baseline 0 -15"><span class='ocrx_word' id='word_1_349' title='bbox 74 2427 222 2465; x_wconf 86' lang='lat' dir='ltr'>dicitur</span> <span class='ocrx_word' id='word_1_350' title='bbox 252 2430 411 2466; x_wconf 82' lang='lat' dir='ltr'>AEneam</span> <span class='ocrx_word' id='word_1_351' title='bbox 439 2441 621 2467; x_wconf 90' lang='lat' dir='ltr'>erronem</span> <span class='ocrx_word' id='word_1_352' title='bbox 649 2429 848 2479; x_wconf 83' lang='lat' dir='ltr'>excepisse</span> <span class='ocrx_word' id='word_1_353' title='bbox 874 2427 1120 2478; x_wconf 79' lang='lat' dir='ltr'>Tyrrhenia,</span> <span class='ocrx_word' id='word_1_354' title='bbox 1151 2439 1233 2477; x_wconf 91' lang='lat' dir='ltr'>quo</span> <span class='ocrx_word' id='word_1_355' title='bbox 1259 2428 1421 2465; x_wconf 87' lang='lat' dir='ltr'>nomine</span> <span class='ocrx_word' id='word_1_356' title='bbox 1448 2435 1566 2478; x_wconf 86' lang='lat' dir='ltr'>poeta</span> 
     </span>
     <span class='ocr_line' id='line_1_35' title="bbox 75 2495 1563 2550; baseline -0.003 -14"><span class='ocrx_word' id='word_1_357' title='bbox 75 2497 174 2536; x_wconf 88' lang='lat' dir='ltr'>bene</span> <span class='ocrx_word' id='word_1_358' title='bbox 194 2498 345 2536; x_wconf 88' lang='lat' dir='ltr'>Italiam</span> <span class='ocrx_word' id='word_1_359' title='bbox 366 2501 531 2537; x_wconf 88' lang='lat' dir='ltr'>omniuo</span> <span class='ocrx_word' id='word_1_360' title='bbox 554 2507 593 2535; x_wconf 89' lang='lat' dir='ltr'>et</span> <span class='ocrx_word' id='word_1_361' title='bbox 610 2499 792 2550; x_wconf 87' lang='lat' dir='ltr'>inprimis</span> <span class='ocrx_word' id='word_1_362' title='bbox 813 2499 900 2536; x_wconf 92' lang='lat' dir='ltr'>loca</span> <span class='ocrx_word' id='word_1_363' title='bbox 920 2496 969 2535; x_wconf 89' lang='lat' dir='ltr'>ad</span> <span class='ocrx_word' id='word_1_364' title='bbox 990 2496 1164 2534; x_wconf 89' lang='lat' dir='ltr'>Tiberim</span> <span class='ocrx_word' id='word_1_365' title='bbox 1184 2495 1381 2534; x_wconf 88' lang='lat' dir='ltr'>declarare</span> <span class='ocrx_word' id='word_1_366' title='bbox 1400 2496 1535 2546; x_wconf 89' lang='lat' dir='ltr'>potuit</span> <span class='ocrx_word' id='word_1_367' title='bbox 1552 2524 1563 2541; x_wconf 93' lang='lat'>‚</span> 
     </span>
     <span class='ocr_line' id='line_1_36' title="bbox 74 2565 1564 2620; baseline -0.001 -17"><span class='ocrx_word' id='word_1_368' title='bbox 74 2567 163 2613; x_wconf 79' lang='lat' dir='ltr'>sed,</span> <span class='ocrx_word' id='word_1_369' title='bbox 185 2569 347 2606; x_wconf 88' lang='lat' dir='ltr'>nomine</span> <span class='ocrx_word' id='word_1_370' title='bbox 370 2568 624 2620; x_wconf 81' lang='lat' dir='ltr'>Tyrrheniae,</span> <span class='ocrx_word' id='word_1_371' title='bbox 646 2581 716 2606; x_wconf 88' lang='lat' dir='ltr'>seu</span> <span class='ocrx_word' id='word_1_372' title='bbox 744 2570 935 2615; x_wconf 83' lang='lat' dir='ltr'>Etruriae,</span> <span class='ocrx_word' id='word_1_373' title='bbox 960 2567 1078 2606; x_wconf 91' lang='lat' dir='ltr'>semel</span> <span class='ocrx_word' id='word_1_374' title='bbox 1098 2567 1253 2618; x_wconf 89' lang='lat' dir='ltr'>posito,</span> <span class='ocrx_word' id='word_1_375' title='bbox 1273 2566 1346 2604; x_wconf 88' lang='lat' dir='ltr'>alia</span> <span class='ocrx_word' id='word_1_376' title='bbox 1370 2565 1456 2603; x_wconf 89' lang='lat' dir='ltr'>loca</span> <span class='ocrx_word' id='word_1_377' title='bbox 1480 2565 1564 2612; x_wconf 79' lang='lat' dir='ltr'>ejus</span> 
     </span>
     <span class='ocr_line' id='line_1_37' title="bbox 72 2634 1566 2688; baseline -0.001 -14"><span class='ocrx_word' id='word_1_378' title='bbox 72 2637 262 2674; x_wconf 81' lang='lat' dir='ltr'>maritima</span> <span class='ocrx_word' id='word_1_379' title='bbox 287 2645 475 2684; x_wconf 88' lang='lat' dir='ltr'>recenset,</span> <span class='ocrx_word' id='word_1_380' title='bbox 490 2639 690 2686; x_wconf 76' lang='lat' dir='ltr'>Lynceum</span> <span class='ocrx_word' id='word_1_381' title='bbox 713 2636 893 2685; x_wconf 84' lang='lat' dir='ltr'>fluvium,</span> <span class='ocrx_word' id='word_1_382' title='bbox 907 2635 1040 2675; x_wconf 84' lang='lat' dir='ltr'>Pisam</span> <span class='ocrx_word' id='word_1_383' title='bbox 1053 2645 1093 2674; x_wconf 80' lang='lat' dir='ltr'>et</span> <span class='ocrx_word' id='word_1_384' title='bbox 1103 2634 1451 2688; x_wconf 73' lang='lat' dir='ltr'>Agyllam.Quum</span> <span class='ocrx_word' id='word_1_385' title='bbox 1463 2635 1566 2685; x_wconf 89' lang='lat' dir='ltr'>Lyn-</span> 
     </span>
     <span class='ocr_line' id='line_1_38' title="bbox 73 2708 1565 2760; baseline -0.002 -17"><span class='ocrx_word' id='word_1_386' title='bbox 73 2719 188 2744; x_wconf 84' lang='lat' dir='ltr'>ceum</span> <span class='ocrx_word' id='word_1_387' title='bbox 210 2708 362 2747; x_wconf 82' lang='lat' dir='ltr'>calidas</span> <span class='ocrx_word' id='word_1_388' title='bbox 378 2722 505 2760; x_wconf 85' lang='lat' dir='ltr'>aquas</span> <span class='ocrx_word' id='word_1_389' title='bbox 524 2708 686 2747; x_wconf 82' lang='lat' dir='ltr'>ebullire</span> <span class='ocrx_word' id='word_1_390' title='bbox 701 2709 826 2756; x_wconf 88' lang='lat' dir='ltr'>dicat,</span> <span class='ocrx_word' id='word_1_391' title='bbox 847 2709 1055 2749; x_wconf 80' lang='lat' dir='ltr'>Cluverius</span> <span class='ocrx_word' id='word_1_392' title='bbox 1072 2709 1159 2748; x_wconf 86' lang='lat' dir='ltr'>Ital.</span> <span class='ocrx_word' id='word_1_393' title='bbox 1178 2717 1258 2746; x_wconf 87' lang='lat' dir='ltr'>ant.</span> <span class='ocrx_word' id='word_1_394' title='bbox 1276 2721 1362 2759; x_wconf 85' lang='lat' dir='ltr'>pag.</span> <span class='ocrx_word' id='word_1_395' title='bbox 1384 2713 1432 2754; x_wconf 77' lang='lat'>47</span> <span class='ocrx_word' id='word_1_396' title='bbox 1444 2719 1464 2742; x_wconf 89' lang='lat'>2</span> <span class='ocrx_word' id='word_1_397' title='bbox 1480 2717 1565 2755; x_wconf 88' lang='lat' dir='ltr'>par-</span> 
     </span>
     <span class='ocr_line' id='line_1_39' title="bbox 71 2775 1565 2829; baseline 0.001 -20"><span class='ocrx_word' id='word_1_398' title='bbox 71 2785 165 2811; x_wconf 68' lang='lat' dir='ltr'>vum</span> <span class='ocrx_word' id='word_1_399' title='bbox 179 2787 330 2814; x_wconf 84' lang='lat' dir='ltr'>amnem</span> <span class='ocrx_word' id='word_1_400' title='bbox 346 2790 453 2816; x_wconf 87' lang='lat' dir='ltr'>nunc</span> <span class='ocrx_word' id='word_1_401' title='bbox 468 2777 616 2818; x_wconf 81' lang='lat' dir='ltr'>Cornc&#39;a</span> <span class='ocrx_word' id='word_1_402' title='bbox 631 2777 784 2816; x_wconf 75' lang='lat' dir='ltr'>dictum</span> <span class='ocrx_word' id='word_1_403' title='bbox 804 2777 850 2816; x_wconf 91' lang='lat' dir='ltr'>ad</span> <span class='ocrx_word' id='word_1_404' title='bbox 865 2778 1114 2826; x_wconf 83' lang='lat' dir='ltr'>Vetuloni0s‚</span> <span class='ocrx_word' id='word_1_405' title='bbox 1125 2777 1228 2816; x_wconf 87' lang='lat' dir='ltr'>ultra</span> <span class='ocrx_word' id='word_1_406' title='bbox 1246 2775 1565 2829; x_wconf 81' lang='lat' dir='ltr'>promonton&#39;um</span> 
     </span>
    </p>
   </div>
  </div>
 </body>
</html>
