<?xml version="1.0" encoding="UTF-8"?>
<!DOCTYPE html PUBLIC "-//W3C//DTD XHTML 1.0 Transitional//EN"
    "http://www.w3.org/TR/xhtml1/DTD/xhtml1-transitional.dtd">
<html xmlns="http://www.w3.org/1999/xhtml" xml:lang="en" lang="en">
 <head>
  <title>
</title>
<meta http-equiv="Content-Type" content="text/html;charset=utf-8" />
  <meta name='ocr-system' content='tesseract 3.04.00' />
  <meta name='ocr-capabilities' content='ocr_page ocr_carea ocr_par ocr_line ocrx_word'/>
</head>
<body>
  <div class='ocr_page' id='page_1' title='image "./operahey03virguoft_0064.png"; bbox 0 0 1767 3054; ppageno 0'>
   <div class='ocr_carea' id='block_1_1' title="bbox 141 156 1401 442">
    <p class='ocr_par' dir='ltr' id='par_1_1' title="bbox 142 156 1015 202">
     <span class='ocr_line' id='line_1_1' title="bbox 142 156 1015 202; baseline 0 -7"><span class='ocrx_word' id='word_1_1' title='bbox 142 156 160 190; x_wconf 59' lang='lat'>5⁶»</span> <span class='ocrx_word' id='word_1_2' title='bbox 181 162 192 202; x_wconf 59' lang='grc' dir='ltr'>ἱ</span> <span class='ocrx_word' id='word_1_3' title='bbox 771 159 1015 196; x_wconf 67' lang='lat' dir='ltr'>AENEIDOS</span> 
     </span>
    </p>

    <p class='ocr_par' dir='ltr' id='par_1_2' title="bbox 141 227 1249 292">
     <span class='ocr_line' id='line_1_2' title="bbox 141 227 1249 292; baseline -0.002 -17"><span class='ocrx_word' id='word_1_4' title='bbox 141 235 325 276; x_wconf 81' lang='lat' dir='ltr'>Cornea</span> <span class='ocrx_word' id='word_1_5' title='bbox 349 228 460 275; x_wconf 88' lang='lat' dir='ltr'>bina</span> <span class='ocrx_word' id='word_1_6' title='bbox 485 230 640 276; x_wconf 82' lang='lat' dir='ltr'>ferunt</span> <span class='ocrx_word' id='word_1_7' title='bbox 665 230 859 292; x_wconf 80' lang='lat' dir='ltr'>praelixo</span> <span class='ocrx_word' id='word_1_8' title='bbox 884 227 1071 275; x_wconf 85' lang='lat' dir='ltr'>hastilia</span> <span class='ocrx_word' id='word_1_9' title='bbox 1097 227 1249 286; x_wconf 77' lang='lat' dir='ltr'>fem-03</span> 
     </span>
    </p>

    <p class='ocr_par' dir='ltr' id='par_1_3' title="bbox 142 303 1401 442">
     <span class='ocr_line' id='line_1_3' title="bbox 142 303 1401 367; baseline -0.002 -19"><span class='ocrx_word' id='word_1_10' title='bbox 142 307 254 349; x_wconf 82' lang='lat' dir='ltr'>Pars</span> <span class='ocrx_word' id='word_1_11' title='bbox 277 303 391 350; x_wconf 80' lang='lat' dir='ltr'>levis</span> <span class='ocrx_word' id='word_1_12' title='bbox 417 303 617 350; x_wconf 88' lang='lat' dir='ltr'>humero</span> <span class='ocrx_word' id='word_1_13' title='bbox 642 305 913 367; x_wconf 87' lang='lat' dir='ltr'>pharetras;</span> <span class='ocrx_word' id='word_1_14' title='bbox 939 303 976 347; x_wconf 85' lang='lat' dir='ltr'>it</span> <span class='ocrx_word' id='word_1_15' title='bbox 999 314 1192 364; x_wconf 77' lang='lat' dir='ltr'><strong>pectore</strong></span> <span class='ocrx_word' id='word_1_16' title='bbox 1217 316 1401 348; x_wconf 88' lang='lat' dir='ltr'>summo</span> 
     </span>
     <span class='ocr_line' id='line_1_4' title="bbox 145 377 1223 442; baseline -0.003 -16"><span class='ocrx_word' id='word_1_17' title='bbox 145 379 333 426; x_wconf 86' lang='lat' dir='ltr'>Flexilis</span> <span class='ocrx_word' id='word_1_18' title='bbox 359 379 540 426; x_wconf 84' lang='lat' dir='ltr'>obtorti</span> <span class='ocrx_word' id='word_1_19' title='bbox 563 396 649 442; x_wconf 86' lang='lat' dir='ltr'>per</span> <span class='ocrx_word' id='word_1_20' title='bbox 675 381 850 425; x_wconf 88' lang='lat' dir='ltr'>collum</span> <span class='ocrx_word' id='word_1_21' title='bbox 875 377 1079 424; x_wconf 85' lang='lat' dir='ltr'>circulus</span> <span class='ocrx_word' id='word_1_22' title='bbox 1106 379 1223 424; x_wconf 84' lang='lat' dir='ltr'>auri.</span> 
     </span>
    </p>
   </div>
   <div class='ocr_carea' id='block_1_2' title="bbox 146 453 1431 514">
    <p class='ocr_par' dir='ltr' id='par_1_4' title="bbox 146 453 1431 514">
     <span class='ocr_line' id='line_1_5' title="bbox 146 453 1431 514; baseline -0.003 -15"><span class='ocrx_word' id='word_1_23' title='bbox 146 453 251 499; x_wconf 86' lang='lat' dir='ltr'>Tris</span> <span class='ocrx_word' id='word_1_24' title='bbox 275 454 489 514; x_wconf 84' lang='lat' dir='ltr'>equitum</span> <span class='ocrx_word' id='word_1_25' title='bbox 513 469 713 499; x_wconf 89' lang='lat' dir='ltr'>numero</span> <span class='ocrx_word' id='word_1_26' title='bbox 740 465 932 510; x_wconf 84' lang='lat' dir='ltr'>turmae,</span> <span class='ocrx_word' id='word_1_27' title='bbox 959 453 1176 514; x_wconf 84' lang='lat' dir='ltr'>ternique</span> <span class='ocrx_word' id='word_1_28' title='bbox 1200 461 1431 514; x_wconf 82' lang='lat' dir='ltr'>vagantur</span> 
     </span>
    </p>
   </div>
   <div class='ocr_carea' id='block_1_3' title="bbox 1590 460 1650 490">
    <p class='ocr_par' dir='ltr' id='par_1_5' title="bbox 1590 460 1650 490">
     <span class='ocr_line' id='line_1_6' title="bbox 1590 460 1650 490; baseline -0.033 0"><span class='ocrx_word' id='word_1_29' title='bbox 1590 460 1650 490; x_wconf 87' lang='lat'>560</span> 
     </span>
    </p>
   </div>
   <div class='ocr_carea' id='block_1_4' title="bbox 148 526 1449 809">
    <p class='ocr_par' dir='ltr' id='par_1_6' title="bbox 148 526 1449 809">
     <span class='ocr_line' id='line_1_7' title="bbox 148 526 1227 588; baseline 0.001 -16"><span class='ocrx_word' id='word_1_30' title='bbox 148 530 405 584; x_wconf 81' lang='lat' dir='ltr'>Ductore53</span> <span class='ocrx_word' id='word_1_31' title='bbox 432 527 570 588; x_wconf 87' lang='lat' dir='ltr'>pueri</span> <span class='ocrx_word' id='word_1_32' title='bbox 594 526 667 573; x_wconf 90' lang='lat' dir='ltr'>bis</span> <span class='ocrx_word' id='word_1_33' title='bbox 693 527 793 573; x_wconf 91' lang='lat' dir='ltr'>seni</span> <span class='ocrx_word' id='word_1_34' title='bbox 817 543 1054 588; x_wconf 82' lang='lat' dir='ltr'>quemque</span> <span class='ocrx_word' id='word_1_35' title='bbox 1078 528 1227 573; x_wconf 88' lang='lat' dir='ltr'>secuti</span> 
     </span>
     <span class='ocr_line' id='line_1_8' title="bbox 150 601 1357 665; baseline 0.002 -18"><span class='ocrx_word' id='word_1_36' title='bbox 150 602 349 664; x_wconf 82' lang='lat' dir='ltr'>Agmine</span> <span class='ocrx_word' id='word_1_37' title='bbox 375 601 549 662; x_wconf 86' lang='lat' dir='ltr'>partito</span> <span class='ocrx_word' id='word_1_38' title='bbox 569 602 771 665; x_wconf 83' lang='lat' dir='ltr'>fulgent,</span> <span class='ocrx_word' id='word_1_39' title='bbox 796 602 1087 665; x_wconf 85' lang='lat' dir='ltr'>paribusque</span> <span class='ocrx_word' id='word_1_40' title='bbox 1109 603 1357 665; x_wconf 78' lang='lat' dir='ltr'>magistris.</span> 
     </span>
     <span class='ocr_line' id='line_1_9' title="bbox 151 676 1449 740; baseline 0 -18"><span class='ocrx_word' id='word_1_41' title='bbox 151 680 260 722; x_wconf 89' lang='lat' dir='ltr'>Una</span> <span class='ocrx_word' id='word_1_42' title='bbox 286 676 407 722; x_wconf 86' lang='lat' dir='ltr'>acies</span> <span class='ocrx_word' id='word_1_43' title='bbox 427 678 682 740; x_wconf 86' lang='lat' dir='ltr'>juvenum,</span> <span class='ocrx_word' id='word_1_44' title='bbox 709 677 839 724; x_wconf 87' lang='lat' dir='ltr'>ducit</span> <span class='ocrx_word' id='word_1_45' title='bbox 863 693 1006 740; x_wconf 85' lang='lat' dir='ltr'>quam</span> <span class='ocrx_word' id='word_1_46' title='bbox 1031 693 1206 739; x_wconf 81' lang='lat' dir='ltr'>parvus</span> <span class='ocrx_word' id='word_1_47' title='bbox 1231 688 1449 724; x_wconf 87' lang='lat' dir='ltr'>ovantem</span> 
     </span>
     <span class='ocr_line' id='line_1_10' title="bbox 152 753 1396 809; baseline 0.001 -12"><span class='ocrx_word' id='word_1_48' title='bbox 152 755 338 798; x_wconf 88' lang='lat' dir='ltr'>Nomen</span> <span class='ocrx_word' id='word_1_49' title='bbox 362 753 438 799; x_wconf 69' lang='lat' dir='ltr'>avi</span> <span class='ocrx_word' id='word_1_50' title='bbox 458 753 667 799; x_wconf 81' lang='lat' dir='ltr'>reserens</span> <span class='ocrx_word' id='word_1_51' title='bbox 691 753 930 809; x_wconf 80' lang='lat' dir='ltr'>Priamus,</span> <span class='ocrx_word' id='word_1_52' title='bbox 955 764 1035 798; x_wconf 90' lang='lat' dir='ltr'>tua</span> <span class='ocrx_word' id='word_1_53' title='bbox 1055 753 1204 809; x_wconf 88' lang='lat' dir='ltr'>clara,</span> <span class='ocrx_word' id='word_1_54' title='bbox 1224 753 1396 809; x_wconf 90' lang='lat' dir='ltr'>Polite,</span> 
     </span>
    </p>
   </div>
   <div class='ocr_carea' id='block_1_5' title="bbox 153 827 1402 890">
    <p class='ocr_par' dir='ltr' id='par_1_7' title="bbox 153 827 1402 890">
     <span class='ocr_line' id='line_1_11' title="bbox 153 827 1402 890; baseline 0 -18"><span class='ocrx_word' id='word_1_55' title='bbox 153 828 428 890; x_wconf 77' lang='lat' dir='ltr'>Progenies,</span> <span class='ocrx_word' id='word_1_56' title='bbox 455 840 653 875; x_wconf 88' lang='lat' dir='ltr'>auctura</span> <span class='ocrx_word' id='word_1_57' title='bbox 674 829 840 886; x_wconf 87' lang='lat' dir='ltr'>Italos;</span> <span class='ocrx_word' id='word_1_58' title='bbox 865 845 1008 890; x_wconf 90' lang='lat' dir='ltr'>quem</span> <span class='ocrx_word' id='word_1_59' title='bbox 1028 828 1259 874; x_wconf 84' lang='lat' dir='ltr'>Thracius</span> <span class='ocrx_word' id='word_1_60' title='bbox 1284 827 1402 873; x_wconf 89' lang='lat' dir='ltr'>albis</span> 
     </span>
    </p>
   </div>
   <div class='ocr_carea' id='block_1_6' title="bbox 1595 837 1657 867">
    <p class='ocr_par' dir='ltr' id='par_1_8' title="bbox 1595 837 1657 867">
     <span class='ocr_line' id='line_1_12' title="bbox 1595 837 1657 867; baseline 0 -1"><span class='ocrx_word' id='word_1_61' title='bbox 1595 837 1657 867; x_wconf 77' lang='lat'>565</span> 
     </span>
    </p>
   </div>
   <div class='ocr_carea' id='block_1_7' title="bbox 154 902 1429 1039">
    <p class='ocr_par' dir='ltr' id='par_1_9' title="bbox 154 902 1429 1039">
     <span class='ocr_line' id='line_1_13' title="bbox 154 902 1332 964; baseline 0 -17"><span class='ocrx_word' id='word_1_62' title='bbox 154 905 316 948; x_wconf 86' lang='lat' dir='ltr'>Portat</span> <span class='ocrx_word' id='word_1_63' title='bbox 340 918 489 963; x_wconf 83' lang='lat' dir='ltr'>equus</span> <span class='ocrx_word' id='word_1_64' title='bbox 513 902 699 948; x_wconf 87' lang='lat' dir='ltr'>bicolor</span> <span class='ocrx_word' id='word_1_65' title='bbox 724 903 942 959; x_wconf 86' lang='lat' dir='ltr'>maculis,</span> <span class='ocrx_word' id='word_1_66' title='bbox 967 902 1165 964; x_wconf 83' lang='lat' dir='ltr'>vestigia</span> <span class='ocrx_word' id='word_1_67' title='bbox 1189 902 1332 964; x_wconf 85' lang='lat' dir='ltr'>primi</span> 
     </span>
     <span class='ocr_line' id='line_1_14' title="bbox 157 976 1429 1039; baseline -0.001 -19"><span class='ocrx_word' id='word_1_68' title='bbox 157 976 278 1021; x_wconf 85' lang='lat' dir='ltr'>Alba</span> <span class='ocrx_word' id='word_1_69' title='bbox 299 976 448 1038; x_wconf 85' lang='lat' dir='ltr'>pedis,</span> <span class='ocrx_word' id='word_1_70' title='bbox 475 977 772 1039; x_wconf 82' lang='lat' dir='ltr'>frontemque</span> <span class='ocrx_word' id='word_1_71' title='bbox 798 988 1037 1024; x_wconf 87' lang='lat' dir='ltr'>ostentans</span> <span class='ocrx_word' id='word_1_72' title='bbox 1063 977 1238 1023; x_wconf 85' lang='lat' dir='ltr'>arduus</span> <span class='ocrx_word' id='word_1_73' title='bbox 1261 976 1429 1022; x_wconf 85' lang='lat' dir='ltr'>albam.</span> 
     </span>
    </p>
   </div>
   <div class='ocr_carea' id='block_1_8' title="bbox 145 1183 882 2845">
    <p class='ocr_par' dir='ltr' id='par_1_10' title="bbox 145 1183 882 2659">
     <span class='ocr_line' id='line_1_15' title="bbox 156 1183 872 1233; baseline -0.001 -13"><span class='ocrx_word' id='word_1_74' title='bbox 156 1186 222 1229; x_wconf 60' lang='lat'>(43,</span> <span class='ocrx_word' id='word_1_75' title='bbox 242 1183 349 1220; x_wconf 86' lang='lat' dir='ltr'>unde</span> <span class='ocrx_word' id='word_1_76' title='bbox 376 1184 558 1232; x_wconf 77' lang='lat' dir='ltr'>inprimis</span> <span class='ocrx_word' id='word_1_77' title='bbox 576 1191 755 1233; x_wconf 76' lang='lat' dir='ltr'>torquem</span> <span class='ocrx_word' id='word_1_78' title='bbox 775 1196 872 1220; x_wconf 79' lang='lat' dir='ltr'>mox</span> 
     </span>
     <span class='ocr_line' id='line_1_16' title="bbox 152 1240 872 1291; baseline 0 -14"><span class='ocrx_word' id='word_1_79' title='bbox 152 1255 234 1278; x_wconf 91' lang='lat' dir='ltr'>non</span> <span class='ocrx_word' id='word_1_80' title='bbox 256 1240 402 1291; x_wconf 85' lang='lat' dir='ltr'>absque</span> <span class='ocrx_word' id='word_1_81' title='bbox 421 1241 588 1278; x_wconf 83' lang='lat' dir='ltr'>consilio</span> <span class='ocrx_word' id='word_1_82' title='bbox 611 1250 872 1279; x_wconf 83' lang='lat' dir='ltr'>memoratum</span> 
     </span>
     <span class='ocr_line' id='line_1_17' title="bbox 153 1298 872 1345; baseline 0.001 -11"><span class='ocrx_word' id='word_1_83' title='bbox 153 1299 414 1336; x_wconf 51' lang='lat' dir='ltr'>videas—55</span> <span class='ocrx_word' id='word_1_84' title='bbox 425 1312 443 1345; x_wconf 76' lang='lat'>7</span> <span class='ocrx_word' id='word_1_85' title='bbox 452 1328 461 1336; x_wconf 92' lang='lat'><em>.</em></span> <span class='ocrx_word' id='word_1_86' title='bbox 480 1298 632 1334; x_wconf 80' lang='lat' dir='ltr'>Gemnt</span> <span class='ocrx_word' id='word_1_87' title='bbox 643 1299 724 1335; x_wconf 89' lang='lat' dir='ltr'>dno</span> <span class='ocrx_word' id='word_1_88' title='bbox 734 1300 872 1335; x_wconf 86' lang='lat' dir='ltr'>Heius.</span> 
     </span>
     <span class='ocr_line' id='line_1_18' title="bbox 152 1355 877 1409; baseline -0.001 -16"><span class='ocrx_word' id='word_1_89' title='bbox 152 1355 333 1409; x_wconf 70' lang='lat' dir='ltr'>Proefixa</span> <span class='ocrx_word' id='word_1_90' title='bbox 350 1355 509 1407; x_wconf 49' lang='lat' dir='ltr'>inferro</span> <span class='ocrx_word' id='word_1_91' title='bbox 531 1355 677 1393; x_wconf 87' lang='lat' dir='ltr'>Medic.</span> <span class='ocrx_word' id='word_1_92' title='bbox 696 1359 812 1394; x_wconf 86' lang='lat' dir='ltr'>Rom.</span> <span class='ocrx_word' id='word_1_93' title='bbox 838 1365 877 1392; x_wconf 91' lang='lat' dir='ltr'>et</span> 
     </span>
     <span class='ocr_line' id='line_1_19' title="bbox 154 1413 875 1464; baseline 0 -14"><span class='ocrx_word' id='word_1_94' title='bbox 154 1413 346 1464; x_wconf 87' lang='lat' dir='ltr'>quicquid</span> <span class='ocrx_word' id='word_1_95' title='bbox 375 1414 649 1463; x_wconf 87' lang='lat' dir='ltr'>antiquiorum</span> <span class='ocrx_word' id='word_1_96' title='bbox 677 1422 734 1450; x_wconf 89' lang='lat' dir='ltr'>est</span> <span class='ocrx_word' id='word_1_97' title='bbox 764 1413 875 1451; x_wconf 89' lang='lat' dir='ltr'>codi-</span> 
     </span>
     <span class='ocr_line' id='line_1_20' title="bbox 156 1472 874 1521; baseline 0 -13"><span class='ocrx_word' id='word_1_98' title='bbox 156 1485 248 1508; x_wconf 85' lang='lat' dir='ltr'>cum</span> <span class='ocrx_word' id='word_1_99' title='bbox 272 1484 331 1521; x_wconf 73' lang='lat' dir='ltr'>ap.</span> <span class='ocrx_word' id='word_1_100' title='bbox 352 1472 512 1508; x_wconf 82' lang='lat' dir='ltr'>Pier.‘et</span> <span class='ocrx_word' id='word_1_101' title='bbox 527 1472 664 1508; x_wconf 79' lang='lat' dir='ltr'>Heius.</span> <span class='ocrx_word' id='word_1_102' title='bbox 693 1473 754 1509; x_wconf 89' lang='lat' dir='ltr'>Sic</span> <span class='ocrx_word' id='word_1_103' title='bbox 774 1484 874 1521; x_wconf 90' lang='lat' dir='ltr'>quo-</span> 
     </span>
     <span class='ocr_line' id='line_1_21' title="bbox 155 1528 876 1579; baseline 0 -14"><span class='ocrx_word' id='word_1_104' title='bbox 155 1542 233 1579; x_wconf 86' lang='lat' dir='ltr'>que</span> <span class='ocrx_word' id='word_1_105' title='bbox 266 1528 349 1566; x_wconf 82' lang='lat' dir='ltr'>Erf.</span> <span class='ocrx_word' id='word_1_106' title='bbox 382 1537 421 1565; x_wconf 90' lang='lat' dir='ltr'>et</span> <span class='ocrx_word' id='word_1_107' title='bbox 454 1530 580 1565; x_wconf 85' lang='lat' dir='ltr'>nostri</span> <span class='ocrx_word' id='word_1_108' title='bbox 618 1528 766 1575; x_wconf 60' lang='lat' dir='ltr'>Goth„</span> <span class='ocrx_word' id='word_1_109' title='bbox 799 1531 876 1566; x_wconf 82' lang='lat' dir='ltr'>nisi</span> 
     </span>
     <span class='ocr_line' id='line_1_22' title="bbox 157 1585 878 1636; baseline 0.001 -13"><span class='ocrx_word' id='word_1_110' title='bbox 157 1585 267 1636; x_wconf 89' lang='lat' dir='ltr'>quod</span> <span class='ocrx_word' id='word_1_111' title='bbox 296 1594 384 1623; x_wconf 84' lang='lat' dir='ltr'>tert.</span> <span class='ocrx_word' id='word_1_112' title='bbox 410 1598 564 1635; x_wconf 81' lang='lat' dir='ltr'>pressa.</span> <span class='ocrx_word' id='word_1_113' title='bbox 599 1588 748 1624; x_wconf 84' lang='lat' dir='ltr'>Tamen</span> <span class='ocrx_word' id='word_1_114' title='bbox 771 1600 878 1636; x_wconf 79' lang='lat' dir='ltr'>proe-</span> 
     </span>
     <span class='ocr_line' id='line_1_23' title="bbox 145 1642 874 1697; baseline 0.003 -17"><span class='ocrx_word' id='word_1_115' title='bbox 145 1643 240 1697; x_wconf 77' lang='lat' dir='ltr'>fixo</span> <span class='ocrx_word' id='word_1_116' title='bbox 268 1657 318 1681; x_wconf 78' lang='lat' dir='ltr'>ex</span> <span class='ocrx_word' id='word_1_117' title='bbox 352 1644 487 1695; x_wconf 74' lang='lat' dir='ltr'>vulgg.</span> <span class='ocrx_word' id='word_1_118' title='bbox 521 1642 609 1681; x_wconf 91' lang='lat' dir='ltr'>edd.</span> <span class='ocrx_word' id='word_1_119' title='bbox 636 1644 780 1682; x_wconf 85' lang='lat' dir='ltr'>Hamb.</span> <span class='ocrx_word' id='word_1_120' title='bbox 813 1657 874 1695; x_wconf 89' lang='lat' dir='ltr'>pr.</span> 
     </span>
     <span class='ocr_line' id='line_1_24' title="bbox 158 1703 879 1753; baseline 0 -15"><span class='ocrx_word' id='word_1_121' title='bbox 158 1715 179 1738; x_wconf 86' lang='lat' dir='ltr'>a</span> <span class='ocrx_word' id='word_1_122' title='bbox 214 1715 266 1739; x_wconf 91' lang='lat' dir='ltr'>m.</span> <span class='ocrx_word' id='word_1_123' title='bbox 300 1714 362 1752; x_wconf 88' lang='lat' dir='ltr'>pr.</span> <span class='ocrx_word' id='word_1_124' title='bbox 397 1710 436 1738; x_wconf 90' lang='lat' dir='ltr'>et</span> <span class='ocrx_word' id='word_1_125' title='bbox 476 1703 634 1753; x_wconf 86' lang='lat' dir='ltr'>Hugen.</span> <span class='ocrx_word' id='word_1_126' title='bbox 669 1711 879 1739; x_wconf 87' lang='lat' dir='ltr'>servarunt</span> 
     </span>
     <span class='ocr_line' id='line_1_25' title="bbox 156 1759 879 1809; baseline 0 -13"><span class='ocrx_word' id='word_1_127' title='bbox 156 1759 294 1796; x_wconf 86' lang='lat' dir='ltr'>Heius.</span> <span class='ocrx_word' id='word_1_128' title='bbox 314 1772 356 1795; x_wconf 91' lang='lat' dir='ltr'>ac</span> <span class='ocrx_word' id='word_1_129' title='bbox 371 1760 638 1804; x_wconf 84' lang='lat' dir='ltr'>Burmannus,</span> <span class='ocrx_word' id='word_1_130' title='bbox 654 1761 724 1809; x_wconf 91' lang='lat' dir='ltr'>qui</span> <span class='ocrx_word' id='word_1_131' title='bbox 736 1769 879 1797; x_wconf 89' lang='lat' dir='ltr'>utram-</span> 
     </span>
     <span class='ocr_line' id='line_1_26' title="bbox 157 1815 879 1868; baseline 0 -15"><span class='ocrx_word' id='word_1_132' title='bbox 157 1829 235 1868; x_wconf 85' lang='lat' dir='ltr'>que</span> <span class='ocrx_word' id='word_1_133' title='bbox 250 1817 463 1853; x_wconf 84' lang='lat' dir='ltr'>lectionem</span> <span class='ocrx_word' id='word_1_134' title='bbox 481 1817 534 1852; x_wconf 92' lang='lat' dir='ltr'>ait</span> <span class='ocrx_word' id='word_1_135' title='bbox 548 1815 714 1862; x_wconf 89' lang='lat' dir='ltr'>habere,</span> <span class='ocrx_word' id='word_1_136' title='bbox 736 1830 818 1866; x_wconf 90' lang='lat' dir='ltr'>quo</span> <span class='ocrx_word' id='word_1_137' title='bbox 839 1830 879 1853; x_wconf 91' lang='lat' dir='ltr'>se</span> 
     </span>
     <span class='ocr_line' id='line_1_27' title="bbox 157 1873 880 1924; baseline 0.001 -14"><span class='ocrx_word' id='word_1_138' title='bbox 157 1881 329 1911; x_wconf 87' lang='lat' dir='ltr'>tueatur.</span> <span class='ocrx_word' id='word_1_139' title='bbox 355 1876 474 1911; x_wconf 88' lang='lat' dir='ltr'>Recte</span> <span class='ocrx_word' id='word_1_140' title='bbox 488 1873 649 1923; x_wconf 82' lang='lat' dir='ltr'>quidem</span> <span class='ocrx_word' id='word_1_141' title='bbox 663 1902 673 1920; x_wconf 90' lang='lat'>,</span> <span class='ocrx_word' id='word_1_142' title='bbox 695 1873 764 1912; x_wconf 90' lang='lat' dir='ltr'>sed</span> <span class='ocrx_word' id='word_1_143' title='bbox 774 1888 880 1924; x_wconf 83' lang='lat' dir='ltr'>proe-</span> 
     </span>
     <span class='ocr_line' id='line_1_28' title="bbox 147 1928 877 1983; baseline 0.001 -15"><span class='ocrx_word' id='word_1_144' title='bbox 147 1931 247 1983; x_wconf 65' lang='lat' dir='ltr'>fexa</span> <span class='ocrx_word' id='word_1_145' title='bbox 279 1930 317 1968; x_wconf 75' lang='lat' dir='ltr'>h.</span> <span class='ocrx_word' id='word_1_146' title='bbox 339 1928 380 1980; x_wconf 89' lang='lat' dir='ltr'>f.</span> <span class='ocrx_word' id='word_1_147' title='bbox 402 1939 460 1967; x_wconf 88' lang='lat' dir='ltr'>est</span> <span class='ocrx_word' id='word_1_148' title='bbox 492 1932 613 1982; x_wconf 75' lang='lat' dir='ltr'>magis</span> <span class='ocrx_word' id='word_1_149' title='bbox 644 1933 847 1981; x_wconf 84' lang='lat' dir='ltr'>poeticum</span> <span class='ocrx_word' id='word_1_150' title='bbox 867 1960 877 1977; x_wconf 94' lang='lat'>‚</span> 
     </span>
     <span class='ocr_line' id='line_1_29' title="bbox 159 1989 881 2039; baseline 0.001 -14"><span class='ocrx_word' id='word_1_151' title='bbox 159 1991 247 2025; x_wconf 85' lang='lat' dir='ltr'>auri</span> <span class='ocrx_word' id='word_1_152' title='bbox 281 2001 376 2025; x_wconf 82' lang='lat' dir='ltr'>vero</span> <span class='ocrx_word' id='word_1_153' title='bbox 409 1989 529 2039; x_wconf 81' lang='lat' dir='ltr'>magis</span> <span class='ocrx_word' id='word_1_154' title='bbox 566 1989 815 2036; x_wconf 80' lang='lat' dir='ltr'>consulitur,</span> <span class='ocrx_word' id='word_1_155' title='bbox 848 1991 881 2026; x_wconf 89' lang='lat' dir='ltr'>si</span> 
     </span>
     <span class='ocr_line' id='line_1_30' title="bbox 154 2046 882 2100; baseline 0.004 -18"><span class='ocrx_word' id='word_1_156' title='bbox 154 2046 327 2100; x_wconf 75' lang='lat' dir='ltr'>praefiro</span> <span class='ocrx_word' id='word_1_157' title='bbox 350 2046 457 2097; x_wconf 82' lang='lat' dir='ltr'>legis.</span> <span class='ocrx_word' id='word_1_158' title='bbox 471 2067 528 2074; x_wconf 92' lang='lat'>-</span> <span class='ocrx_word' id='word_1_159' title='bbox 544 2046 623 2083; x_wconf 87' lang='lat'>558</span> <span class='ocrx_word' id='word_1_160' title='bbox 637 2075 647 2092; x_wconf 91' lang='lat'>‚</span> <span class='ocrx_word' id='word_1_161' title='bbox 668 2047 763 2096; x_wconf 80' lang='lat'><em>559.</em></span> <span class='ocrx_word' id='word_1_162' title='bbox 782 2047 882 2084; x_wconf 90' lang='lat' dir='ltr'>Vul-</span> 
     </span>
     <span class='ocr_line' id='line_1_31' title="bbox 161 2103 879 2155; baseline 0.003 -15"><span class='ocrx_word' id='word_1_163' title='bbox 161 2113 249 2155; x_wconf 82' lang='lat' dir='ltr'>gata</span> <span class='ocrx_word' id='word_1_164' title='bbox 277 2104 395 2141; x_wconf 88' lang='lat' dir='ltr'>lectio</span> <span class='ocrx_word' id='word_1_165' title='bbox 424 2103 464 2141; x_wconf 91' lang='lat' dir='ltr'>h.</span> <span class='ocrx_word' id='word_1_166' title='bbox 493 2104 520 2141; x_wconf 94' lang='lat'>1.</span> <span class='ocrx_word' id='word_1_167' title='bbox 549 2105 681 2141; x_wconf 86' lang='lat' dir='ltr'>sanior</span> <span class='ocrx_word' id='word_1_168' title='bbox 715 2113 773 2142; x_wconf 91' lang='lat' dir='ltr'>est</span> <span class='ocrx_word' id='word_1_169' title='bbox 800 2118 879 2142; x_wconf 87' lang='lat' dir='ltr'>om·</span> 
     </span>
     <span class='ocr_line' id='line_1_32' title="bbox 160 2160 880 2199; baseline 0.003 -2"><span class='ocrx_word' id='word_1_170' title='bbox 160 2163 274 2198; x_wconf 88' lang='lat' dir='ltr'>nium</span> <span class='ocrx_word' id='word_1_171' title='bbox 297 2160 481 2198; x_wconf 90' lang='lat' dir='ltr'>codicum</span> <span class='ocrx_word' id='word_1_172' title='bbox 504 2163 689 2199; x_wconf 80' lang='lat' dir='ltr'>varietate</span> <span class='ocrx_word' id='word_1_173' title='bbox 713 2170 802 2199; x_wconf 85' lang='lat' dir='ltr'>nata</span> <span class='ocrx_word' id='word_1_174' title='bbox 830 2176 880 2199; x_wconf 79' lang='lat' dir='ltr'>ex</span> 
     </span>
     <span class='ocr_line' id='line_1_33' title="bbox 161 2217 878 2268; baseline 0.003 -13"><span class='ocrx_word' id='word_1_175' title='bbox 161 2219 375 2268; x_wconf 81' lang='lat' dir='ltr'>depravato</span> <span class='ocrx_word' id='word_1_176' title='bbox 400 2217 430 2254; x_wconf 84' lang='lat' dir='ltr'>it</span> <span class='ocrx_word' id='word_1_177' title='bbox 453 2219 494 2254; x_wconf 89' lang='lat' dir='ltr'>in</span> <span class='ocrx_word' id='word_1_178' title='bbox 520 2219 561 2255; x_wconf 81' lang='lat' dir='ltr'>in</span> <span class='ocrx_word' id='word_1_179' title='bbox 588 2219 650 2256; x_wconf 90' lang='lat' dir='ltr'>vel</span> <span class='ocrx_word' id='word_1_180' title='bbox 678 2227 739 2265; x_wconf 78' lang='lat' dir='ltr'>ec,</span> <span class='ocrx_word' id='word_1_181' title='bbox 770 2220 878 2257; x_wconf 89' lang='lat' dir='ltr'>unde</span> 
     </span>
     <span class='ocr_line' id='line_1_34' title="bbox 159 2275 877 2325; baseline 0.003 -13"><span class='ocrx_word' id='word_1_182' title='bbox 159 2288 255 2314; x_wconf 80' lang='lat' dir='ltr'>mox</span> <span class='ocrx_word' id='word_1_183' title='bbox 279 2275 310 2311; x_wconf 85' lang='lat' dir='ltr'>ic</span> <span class='ocrx_word' id='word_1_184' title='bbox 336 2277 377 2312; x_wconf 89' lang='lat' dir='ltr'>in</span> <span class='ocrx_word' id='word_1_185' title='bbox 403 2288 513 2325; x_wconf 77' lang='lat' dir='ltr'>sequ,</span> <span class='ocrx_word' id='word_1_186' title='bbox 543 2289 660 2313; x_wconf 79' lang='lat' dir='ltr'>versu</span> <span class='ocrx_word' id='word_1_187' title='bbox 684 2277 877 2314; x_wconf 89' lang='lat' dir='ltr'>insertum</span> 
     </span>
     <span class='ocr_line' id='line_1_35' title="bbox 159 2332 877 2384; baseline 0.006 -16"><span class='ocrx_word' id='word_1_188' title='bbox 159 2333 225 2370; x_wconf 77' lang='lat' dir='ltr'>vel</span> <span class='ocrx_word' id='word_1_189' title='bbox 249 2341 341 2384; x_wconf 89' lang='lat' dir='ltr'>post</span> <span class='ocrx_word' id='word_1_190' title='bbox 370 2332 512 2370; x_wconf 80' lang='lat' dir='ltr'>obtorti</span> <span class='ocrx_word' id='word_1_191' title='bbox 531 2334 592 2370; x_wconf 86' lang='lat' dir='ltr'>vel</span> <span class='ocrx_word' id='word_1_192' title='bbox 621 2342 711 2383; x_wconf 89' lang='lat' dir='ltr'>post</span> <span class='ocrx_word' id='word_1_193' title='bbox 731 2335 877 2372; x_wconf 79' lang='lat' dir='ltr'>collum</span> 
     </span>
     <span class='ocr_line' id='line_1_36' title="bbox 159 2389 874 2431; baseline 0.007 -5"><span class='ocrx_word' id='word_1_194' title='bbox 159 2391 223 2428; x_wconf 76' lang='lat' dir='ltr'>vel</span> <span class='ocrx_word' id='word_1_195' title='bbox 254 2391 314 2428; x_wconf 82' lang='lat' dir='ltr'>Fl.</span> <span class='ocrx_word' id='word_1_196' title='bbox 338 2390 369 2427; x_wconf 86' lang='lat' dir='ltr'>ic</span> <span class='ocrx_word' id='word_1_197' title='bbox 401 2389 504 2428; x_wconf 76' lang='lat' dir='ltr'>corti.</span> <span class='ocrx_word' id='word_1_198' title='bbox 534 2404 571 2427; x_wconf 83' lang='lat' dir='ltr'>V.</span> <span class='ocrx_word' id='word_1_199' title='bbox 605 2393 705 2428; x_wconf 90' lang='lat' dir='ltr'>Pier.</span> <span class='ocrx_word' id='word_1_200' title='bbox 737 2393 874 2431; x_wconf 83' lang='lat' dir='ltr'>Heius.</span> 
     </span>
     <span class='ocr_line' id='line_1_37' title="bbox 159 2450 877 2498; baseline 0.006 -15"><span class='ocrx_word' id='word_1_201' title='bbox 159 2456 198 2484; x_wconf 92' lang='lat' dir='ltr'>et</span> <span class='ocrx_word' id='word_1_202' title='bbox 212 2450 429 2486; x_wconf 80' lang='lat' dir='ltr'>Burmann.</span> <span class='ocrx_word' id='word_1_203' title='bbox 444 2470 500 2475; x_wconf 86' lang='lat'>—-</span> <span class='ocrx_word' id='word_1_204' title='bbox 512 2451 659 2486; x_wconf 88' lang='lat' dir='ltr'>Ornate</span> <span class='ocrx_word' id='word_1_205' title='bbox 675 2461 749 2498; x_wconf 88' lang='lat' dir='ltr'>pro</span> <span class='ocrx_word' id='word_1_206' title='bbox 764 2477 773 2495; x_wconf 93' lang='lat'><strong><em>‚</em></strong></span> <span class='ocrx_word' id='word_1_207' title='bbox 801 2459 877 2487; x_wconf 88' lang='lat' dir='ltr'>tor-</span> 
     </span>
     <span class='ocr_line' id='line_1_38' title="bbox 161 2505 872 2556; baseline 0.006 -17"><span class='ocrx_word' id='word_1_208' title='bbox 161 2518 278 2554; x_wconf 88' lang='lat' dir='ltr'>quem</span> <span class='ocrx_word' id='word_1_209' title='bbox 319 2506 422 2543; x_wconf 86' lang='lat' dir='ltr'>collo</span> <span class='ocrx_word' id='word_1_210' title='bbox 456 2505 660 2556; x_wconf 82' lang='lat' dir='ltr'>gestabant</span> <span class='ocrx_word' id='word_1_211' title='bbox 698 2519 872 2545; x_wconf 83' lang='lat' dir='ltr'>aureum.</span> 
     </span>
     <span class='ocr_line' id='line_1_39' title="bbox 162 2562 872 2609; baseline 0.009 -14"><span class='ocrx_word' id='word_1_212' title='bbox 162 2562 221 2599; x_wconf 88' lang='lat' dir='ltr'>Cf.</span> <span class='ocrx_word' id='word_1_213' title='bbox 242 2563 312 2601; x_wconf 86' lang='lat' dir='ltr'>inf.</span> <span class='ocrx_word' id='word_1_214' title='bbox 336 2567 397 2608; x_wconf 86' lang='lat' dir='ltr'>X,</span> <span class='ocrx_word' id='word_1_215' title='bbox 426 2565 525 2609; x_wconf 75' lang='lat'>137,</span> <span class='ocrx_word' id='word_1_216' title='bbox 556 2563 648 2601; x_wconf 80' lang='lat'>138.</span> <span class='ocrx_word' id='word_1_217' title='bbox 682 2564 785 2601; x_wconf 78' lang='lat' dir='ltr'>Auri</span> <span class='ocrx_word' id='word_1_218' title='bbox 806 2565 872 2601; x_wconf 88' lang='lat' dir='ltr'>ob-</span> 
     </span>
     <span class='ocr_line' id='line_1_40' title="bbox 160 2619 698 2665; baseline 0.007 -10"><span class='ocrx_word' id='word_1_219' title='bbox 160 2619 272 2664; x_wconf 80' lang='lat' dir='ltr'>torti,</span> <span class='ocrx_word' id='word_1_220' title='bbox 296 2622 413 2665; x_wconf 81' lang='lat' dir='ltr'>torti3</span> <span class='ocrx_word' id='word_1_221' title='bbox 435 2630 480 2657; x_wconf 88' lang='lat' dir='ltr'>ut</span> <span class='ocrx_word' id='word_1_222' title='bbox 499 2633 564 2657; x_wconf 64' lang='grc' dir='ltr'>στι</span> <span class='ocrx_word' id='word_1_223' title='bbox 571 2633 698 2664; x_wconf 70' lang='grc' dir='ltr'>επτσς.</span> 
     </span>
    </p>

    <p class='ocr_par' dir='ltr' id='par_1_11' title="bbox 153 2677 872 2845">
     <span class='ocr_line' id='line_1_41' title="bbox 219 2677 872 2723; baseline 0.003 -9"><span class='ocrx_word' id='word_1_224' title='bbox 219 2677 299 2715; x_wconf 80' lang='lat'>560</span> <span class='ocrx_word' id='word_1_225' title='bbox 316 2698 375 2706; x_wconf 86' lang='lat'>—-</span> <span class='ocrx_word' id='word_1_226' title='bbox 401 2678 448 2723; x_wconf 91' lang='grc'>5·-</span> <span class='ocrx_word' id='word_1_227' title='bbox 469 2685 495 2721; x_wconf 62' lang='lat' dir='ltr'>t.</span> <span class='ocrx_word' id='word_1_228' title='bbox 522 2680 638 2715; x_wconf 89' lang='lat' dir='ltr'>Pueri</span> <span class='ocrx_word' id='word_1_229' title='bbox 660 2679 768 2715; x_wconf 87' lang='lat' dir='ltr'>fuere</span> <span class='ocrx_word' id='word_1_230' title='bbox 788 2691 872 2716; x_wconf 91' lang='lat' dir='ltr'>om·</span> 
     </span>
     <span class='ocr_line' id='line_1_42' title="bbox 155 2734 871 2774; baseline 0.006 -4"><span class='ocrx_word' id='word_1_231' title='bbox 155 2734 253 2772; x_wconf 86' lang='lat' dir='ltr'>nino</span> <span class='ocrx_word' id='word_1_232' title='bbox 279 2736 459 2774; x_wconf 72' lang='lat' dir='ltr'>XXXVI</span> <span class='ocrx_word' id='word_1_233' title='bbox 479 2748 572 2771; x_wconf 88' lang='lat' dir='ltr'>cum</span> <span class='ocrx_word' id='word_1_234' title='bbox 596 2737 708 2773; x_wconf 86' lang='lat' dir='ltr'>trinis</span> <span class='ocrx_word' id='word_1_235' title='bbox 729 2735 871 2774; x_wconf 88' lang='lat' dir='ltr'>ducto</span> 
     </span>
     <span class='ocr_line' id='line_1_43' title="bbox 153 2792 863 2845; baseline 0.004 -18"><span class='ocrx_word' id='word_1_236' title='bbox 153 2792 280 2841; x_wconf 75' lang='lat' dir='ltr'>ribus,</span> <span class='ocrx_word' id='word_1_237' title='bbox 314 2794 355 2830; x_wconf 89' lang='lat' dir='ltr'>in</span> <span class='ocrx_word' id='word_1_238' title='bbox 385 2801 460 2830; x_wconf 85' lang='lat' dir='ltr'>tres</span> <span class='ocrx_word' id='word_1_239' title='bbox 483 2800 626 2830; x_wconf 70' lang='lat' dir='ltr'>turmas·</span> <span class='ocrx_word' id='word_1_240' title='bbox 650 2792 863 2845; x_wconf 81' lang='lat' dir='ltr'>descripti:</span> 
     </span>
    </p>
   </div>
   <div class='ocr_carea' id='block_1_9' title="bbox 937 1182 1705 2847">
    <p class='ocr_par' dir='ltr' id='par_1_12' title="bbox 937 1182 1705 2847">
     <span class='ocr_line' id='line_1_44' title="bbox 940 1182 1657 1232; baseline 0.003 -14"><span class='ocrx_word' id='word_1_241' title='bbox 940 1194 1188 1232; x_wconf 81' lang='lat' dir='ltr'>unaquaeque</span> <span class='ocrx_word' id='word_1_242' title='bbox 1217 1189 1347 1218; x_wconf 86' lang='lat' dir='ltr'>turma</span> <span class='ocrx_word' id='word_1_243' title='bbox 1361 1182 1443 1219; x_wconf 81' lang='lat' dir='ltr'>XII</span> <span class='ocrx_word' id='word_1_244' title='bbox 1469 1182 1657 1232; x_wconf 81' lang='lat' dir='ltr'>capitum.</span> 
     </span>
     <span class='ocr_line' id='line_1_45' title="bbox 940 1238 1658 1279; baseline 0.003 -2"><span class='ocrx_word' id='word_1_245' title='bbox 940 1241 1177 1278; x_wconf 81' lang='lat' dir='ltr'>Ternarium</span> <span class='ocrx_word' id='word_1_246' title='bbox 1199 1252 1411 1276; x_wconf 88' lang='lat' dir='ltr'>numerum</span> <span class='ocrx_word' id='word_1_247' title='bbox 1432 1238 1482 1276; x_wconf 87' lang='lat' dir='ltr'>ad</span> <span class='ocrx_word' id='word_1_248' title='bbox 1510 1248 1588 1277; x_wconf 89' lang='lat' dir='ltr'>tres</span> <span class='ocrx_word' id='word_1_249' title='bbox 1615 1243 1658 1279; x_wconf 91' lang='lat' dir='ltr'>P.</span> 
     </span>
     <span class='ocr_line' id='line_1_46' title="bbox 943 1297 1662 1335; baseline -0.001 0"><span class='ocrx_word' id='word_1_250' title='bbox 943 1301 992 1335; x_wconf 81' lang='lat' dir='ltr'>R.</span> <span class='ocrx_word' id='word_1_251' title='bbox 1028 1297 1156 1334; x_wconf 89' lang='lat' dir='ltr'>tribus</span> <span class='ocrx_word' id='word_1_252' title='bbox 1197 1310 1218 1333; x_wconf 88' lang='lat' dir='ltr'>a</span> <span class='ocrx_word' id='word_1_253' title='bbox 1255 1297 1430 1335; x_wconf 82' lang='lat' dir='ltr'>Romulo</span> <span class='ocrx_word' id='word_1_254' title='bbox 1461 1298 1662 1334; x_wconf 86' lang='lat' dir='ltr'>institutas</span> 
     </span>
     <span class='ocr_line' id='line_1_47' title="bbox 944 1354 1661 1400; baseline 0.003 -10"><span class='ocrx_word' id='word_1_255' title='bbox 944 1354 1063 1391; x_wconf 86' lang='lat' dir='ltr'>refert</span> <span class='ocrx_word' id='word_1_256' title='bbox 1088 1355 1271 1400; x_wconf 83' lang='lat' dir='ltr'>Servius3</span> <span class='ocrx_word' id='word_1_257' title='bbox 1301 1354 1437 1392; x_wconf 82' lang='lat' dir='ltr'>saltem</span> <span class='ocrx_word' id='word_1_258' title='bbox 1465 1357 1661 1392; x_wconf 87' lang='lat' dir='ltr'>centurias</span> 
     </span>
     <span class='ocr_line' id='line_1_48' title="bbox 944 1412 1662 1463; baseline 0.003 -15"><span class='ocrx_word' id='word_1_259' title='bbox 944 1421 1020 1449; x_wconf 88' lang='lat' dir='ltr'>tres</span> <span class='ocrx_word' id='word_1_260' title='bbox 1043 1413 1223 1462; x_wconf 84' lang='lat' dir='ltr'>equitum</span> <span class='ocrx_word' id='word_1_261' title='bbox 1239 1413 1382 1463; x_wconf 88' lang='lat' dir='ltr'>respici</span> <span class='ocrx_word' id='word_1_262' title='bbox 1398 1412 1529 1449; x_wconf 91' lang='lat' dir='ltr'>dicere</span> <span class='ocrx_word' id='word_1_263' title='bbox 1545 1412 1662 1450; x_wconf 83' lang='lat' dir='ltr'>debe-</span> 
     </span>
     <span class='ocr_line' id='line_1_49' title="bbox 942 1469 1662 1516; baseline 0 -9"><span class='ocrx_word' id='word_1_264' title='bbox 942 1470 1022 1507; x_wconf 88' lang='lat' dir='ltr'>bat.</span> <span class='ocrx_word' id='word_1_265' title='bbox 1053 1469 1114 1508; x_wconf 89' lang='lat' dir='ltr'>Cf.</span> <span class='ocrx_word' id='word_1_266' title='bbox 1143 1471 1229 1507; x_wconf 87' lang='lat' dir='ltr'>Liv.</span> <span class='ocrx_word' id='word_1_267' title='bbox 1248 1472 1288 1516; x_wconf 93' lang='grc' dir='ltr'>Ι,</span> <span class='ocrx_word' id='word_1_268' title='bbox 1315 1471 1379 1508; x_wconf 85' lang='lat'>13.</span> <span class='ocrx_word' id='word_1_269' title='bbox 1409 1470 1485 1509; x_wconf 89' lang='lat' dir='ltr'>Sed</span> <span class='ocrx_word' id='word_1_270' title='bbox 1504 1471 1662 1508; x_wconf 83' lang='lat' dir='ltr'>ornavit</span> 
     </span>
     <span class='ocr_line' id='line_1_50' title="bbox 942 1527 1664 1579; baseline 0 -14"><span class='ocrx_word' id='word_1_271' title='bbox 942 1535 1058 1577; x_wconf 88' lang='lat' dir='ltr'>poeta</span> <span class='ocrx_word' id='word_1_272' title='bbox 1076 1527 1211 1564; x_wconf 83' lang='lat' dir='ltr'>locum</span> <span class='ocrx_word' id='word_1_273' title='bbox 1227 1529 1378 1579; x_wconf 83' lang='lat' dir='ltr'>egregie</span> <span class='ocrx_word' id='word_1_274' title='bbox 1404 1541 1543 1566; x_wconf 88' lang='lat' dir='ltr'>eorum</span> <span class='ocrx_word' id='word_1_275' title='bbox 1556 1556 1567 1574; x_wconf 92' lang='lat'>‚</span> <span class='ocrx_word' id='word_1_276' title='bbox 1595 1530 1664 1579; x_wconf 90' lang='lat' dir='ltr'>qui</span> 
     </span>
     <span class='ocr_line' id='line_1_51' title="bbox 943 1584 1664 1630; baseline 0.003 -9"><span class='ocrx_word' id='word_1_277' title='bbox 943 1593 1091 1622; x_wconf 88' lang='lat' dir='ltr'>turmas</span> <span class='ocrx_word' id='word_1_278' title='bbox 1111 1584 1334 1630; x_wconf 88' lang='lat' dir='ltr'>ducebant,</span> <span class='ocrx_word' id='word_1_279' title='bbox 1364 1586 1595 1624; x_wconf 87' lang='lat' dir='ltr'>nominibus</span> <span class='ocrx_word' id='word_1_280' title='bbox 1624 1595 1664 1623; x_wconf 88' lang='lat' dir='ltr'>et</span> 
     </span>
     <span class='ocr_line' id='line_1_52' title="bbox 945 1642 1661 1696; baseline 0.001 -17"><span class='ocrx_word' id='word_1_281' title='bbox 945 1643 1056 1693; x_wconf 89' lang='lat' dir='ltr'>equis</span> <span class='ocrx_word' id='word_1_282' title='bbox 1072 1642 1331 1681; x_wconf 85' lang='lat' dir='ltr'>declarandis.</span> <span class='ocrx_word' id='word_1_283' title='bbox 1356 1643 1562 1696; x_wconf 62' lang='lat' dir='ltr'>„Magistris</span> <span class='ocrx_word' id='word_1_284' title='bbox 1580 1643 1661 1682; x_wconf 87' lang='lat' dir='ltr'>vid</span> 
     </span>
     <span class='ocr_line' id='line_1_53' title="bbox 944 1701 1662 1750; baseline 0.001 -13"><span class='ocrx_word' id='word_1_285' title='bbox 944 1714 1031 1750; x_wconf 91' lang='lat' dir='ltr'>sup.</span> <span class='ocrx_word' id='word_1_286' title='bbox 1064 1714 1102 1738; x_wconf 84' lang='lat' dir='ltr'>v.</span> <span class='ocrx_word' id='word_1_287' title='bbox 1143 1701 1238 1745; x_wconf 76' lang='lat'><strong>546.</strong></span> <span class='ocrx_word' id='word_1_288' title='bbox 1277 1702 1394 1738; x_wconf 88' lang='lat' dir='ltr'>Forte</span> <span class='ocrx_word' id='word_1_289' title='bbox 1429 1701 1480 1738; x_wconf 86' lang='lat' dir='ltr'>ad</span> <span class='ocrx_word' id='word_1_290' title='bbox 1514 1709 1662 1738; x_wconf 87' lang='lat' dir='ltr'>turmas</span> 
     </span>
     <span class='ocr_line' id='line_1_54' title="bbox 946 1757 1661 1809; baseline 0.003 -15"><span class='ocrx_word' id='word_1_291' title='bbox 946 1757 1144 1806; x_wconf 82' lang='lat' dir='ltr'>majorum</span> <span class='ocrx_word' id='word_1_292' title='bbox 1157 1771 1372 1808; x_wconf 79' lang='lat' dir='ltr'>puerorum</span> <span class='ocrx_word' id='word_1_293' title='bbox 1395 1760 1570 1809; x_wconf 77' lang='lat' dir='ltr'>respexit</span> <span class='ocrx_word' id='word_1_294' title='bbox 1591 1770 1599 1796; x_wconf 73' lang='grc' dir='ltr'><strong><em>ε</em></strong></span> <span class='ocrx_word' id='word_1_295' title='bbox 1622 1773 1661 1796; x_wconf 83' lang='lat' dir='ltr'>v.</span> 
     </span>
     <span class='ocr_line' id='line_1_55' title="bbox 946 1816 1665 1865; baseline 0 -11"><span class='ocrx_word' id='word_1_296' title='bbox 946 1818 1108 1854; x_wconf 89' lang='lat' dir='ltr'>Sueton.</span> <span class='ocrx_word' id='word_1_297' title='bbox 1130 1816 1212 1854; x_wconf 90' lang='lat' dir='ltr'>Jul.</span> <span class='ocrx_word' id='word_1_298' title='bbox 1235 1816 1304 1865; x_wconf 84' lang='lat'>39,</span> <span class='ocrx_word' id='word_1_299' title='bbox 1322 1819 1462 1855; x_wconf 86' lang='lat' dir='ltr'>Octav.</span> <span class='ocrx_word' id='word_1_300' title='bbox 1489 1818 1557 1854; x_wconf 82' lang='lat'>33.</span> <span class='ocrx_word' id='word_1_301' title='bbox 1577 1819 1665 1854; x_wconf 89' lang='lat' dir='ltr'>Par-</span> 
     </span>
     <span class='ocr_line' id='line_1_56' title="bbox 945 1872 1660 1919; baseline 0.006 -11"><span class='ocrx_word' id='word_1_302' title='bbox 945 1885 1019 1908; x_wconf 88' lang='lat' dir='ltr'>vus</span> <span class='ocrx_word' id='word_1_303' title='bbox 1050 1873 1116 1910; x_wconf 92' lang='lat' dir='ltr'>hic</span> <span class='ocrx_word' id='word_1_304' title='bbox 1148 1874 1324 1911; x_wconf 85' lang='lat' dir='ltr'>Priamus</span> <span class='ocrx_word' id='word_1_305' title='bbox 1357 1875 1496 1912; x_wconf 90' lang='lat' dir='ltr'>Politae</span> <span class='ocrx_word' id='word_1_306' title='bbox 1527 1872 1660 1919; x_wconf 76' lang='lat' dir='ltr'>filius,</span> 
     </span>
     <span class='ocr_line' id='line_1_57' title="bbox 947 1931 1662 1982; baseline 0.001 -15"><span class='ocrx_word' id='word_1_307' title='bbox 947 1931 1089 1967; x_wconf 89' lang='lat' dir='ltr'>Priami</span> <span class='ocrx_word' id='word_1_308' title='bbox 1109 1932 1209 1982; x_wconf 88' lang='lat' dir='ltr'>regis</span> <span class='ocrx_word' id='word_1_309' title='bbox 1225 1944 1361 1981; x_wconf 82' lang='lat' dir='ltr'>nepos.</span> <span class='ocrx_word' id='word_1_310' title='bbox 1385 1934 1444 1969; x_wconf 89' lang='lat' dir='ltr'>De</span> <span class='ocrx_word' id='word_1_311' title='bbox 1462 1932 1587 1970; x_wconf 84' lang='lat' dir='ltr'>Polite</span> <span class='ocrx_word' id='word_1_312' title='bbox 1611 1933 1662 1969; x_wconf 87' lang='lat' dir='ltr'>cf.</span> 
     </span>
     <span class='ocr_line' id='line_1_58' title="bbox 946 1986 1705 2040; baseline 0.004 -16"><span class='ocrx_word' id='word_1_313' title='bbox 946 1987 1058 2026; x_wconf 87' lang='lat' dir='ltr'>Iliad.</span> <span class='ocrx_word' id='word_1_314' title='bbox 1096 1986 1144 2036; x_wconf 82' lang='grc' dir='ltr'>β,</span> <span class='ocrx_word' id='word_1_315' title='bbox 1188 2000 1265 2036; x_wconf 82' lang='grc' dir='ltr'>7οῐ</span> <span class='ocrx_word' id='word_1_316' title='bbox 1301 1997 1340 2026; x_wconf 89' lang='lat' dir='ltr'>et</span> <span class='ocrx_word' id='word_1_317' title='bbox 1369 2003 1458 2040; x_wconf 91' lang='lat' dir='ltr'>sup.</span> <span class='ocrx_word' id='word_1_318' title='bbox 1492 1989 1564 2027; x_wconf 89' lang='lat' dir='ltr'>lib.</span> <span class='ocrx_word' id='word_1_319' title='bbox 1599 1991 1663 2033; x_wconf 90' lang='grc' dir='ltr'>ΙΙ,</span> <span class='ocrx_word' id='word_1_320' title='bbox 1702 1998 1705 2002; x_wconf 92' lang='grc'><strong><em>’</em></strong></span> 
     </span>
     <span class='ocr_line' id='line_1_59' title="bbox 951 2047 1663 2097; baseline 0.003 -16"><span class='ocrx_word' id='word_1_321' title='bbox 951 2047 1032 2083; x_wconf 84' lang='lat'>526</span> <span class='ocrx_word' id='word_1_322' title='bbox 1054 2059 1111 2097; x_wconf 86' lang='lat' dir='ltr'>sq.</span> <span class='ocrx_word' id='word_1_323' title='bbox 1130 2049 1307 2084; x_wconf 77' lang='lat' dir='ltr'>Auctura</span> <span class='ocrx_word' id='word_1_324' title='bbox 1322 2047 1461 2085; x_wconf 84' lang='lat' dir='ltr'>Italos.</span> <span class='ocrx_word' id='word_1_325' title='bbox 1481 2047 1663 2086; x_wconf 84' lang='lat' dir='ltr'>Servius:</span> 
     </span>
     <span class='ocr_line' id='line_1_60' title="bbox 947 2103 1665 2157; baseline 0.001 -17"><span class='ocrx_word' id='word_1_326' title='bbox 947 2103 1226 2141; x_wconf 78' lang='lat' dir='ltr'>Polites—de</span> <span class='ocrx_word' id='word_1_327' title='bbox 1243 2117 1321 2154; x_wconf 87' lang='lat' dir='ltr'>quo</span> <span class='ocrx_word' id='word_1_328' title='bbox 1348 2104 1448 2142; x_wconf 77' lang='lat' dir='ltr'>Caco</span> <span class='ocrx_word' id='word_1_329' title='bbox 1472 2104 1513 2141; x_wconf 83' lang='lat' dir='ltr'>in</span> <span class='ocrx_word' id='word_1_330' title='bbox 1538 2104 1665 2157; x_wconf 81' lang='lat' dir='ltr'>Origi-</span> 
     </span>
     <span class='ocr_line' id='line_1_61' title="bbox 949 2161 1664 2212; baseline 0.003 -14"><span class='ocrx_word' id='word_1_331' title='bbox 949 2161 1062 2198; x_wconf 80' lang='lat' dir='ltr'>nibus</span> <span class='ocrx_word' id='word_1_332' title='bbox 1078 2161 1196 2207; x_wconf 79' lang='lat' dir='ltr'>dc&#39;cic,</span> <span class='ocrx_word' id='word_1_333' title='bbox 1220 2161 1330 2212; x_wconf 89' lang='lat' dir='ltr'>quod</span> <span class='ocrx_word' id='word_1_334' title='bbox 1343 2162 1401 2199; x_wconf 87' lang='lat' dir='ltr'>ad</span> <span class='ocrx_word' id='word_1_335' title='bbox 1413 2161 1579 2200; x_wconf 80' lang='lat' dir='ltr'><em>Italiam</em></span> <span class='ocrx_word' id='word_1_336' title='bbox 1595 2176 1664 2200; x_wconf 81' lang='lat' dir='ltr'>ve-</span> 
     </span>
     <span class='ocr_line' id='line_1_62' title="bbox 947 2219 1662 2271; baseline 0.001 -16"><span class='ocrx_word' id='word_1_337' title='bbox 947 2219 1072 2264; x_wconf 83' lang='lat' dir='ltr'>nerit,</span> <span class='ocrx_word' id='word_1_338' title='bbox 1109 2229 1148 2256; x_wconf 81' lang='lat' dir='ltr'>ec</span> <span class='ocrx_word' id='word_1_339' title='bbox 1178 2229 1407 2271; x_wconf 77' lang='lat' dir='ltr'>segregatus</span> <span class='ocrx_word' id='word_1_340' title='bbox 1438 2220 1489 2257; x_wconf 85' lang='lat' dir='ltr'>ab</span> <span class='ocrx_word' id='word_1_341' title='bbox 1526 2221 1662 2258; x_wconf 86' lang='lat' dir='ltr'>AEnea</span> 
     </span>
     <span class='ocr_line' id='line_1_63' title="bbox 945 2277 1663 2327; baseline 0.003 -15"><span class='ocrx_word' id='word_1_342' title='bbox 945 2277 1167 2315; x_wconf 80' lang='lat' dir='ltr'>condiderit</span> <span class='ocrx_word' id='word_1_343' title='bbox 1182 2277 1369 2327; x_wconf 83' lang='lat' dir='ltr'>oppidum</span> <span class='ocrx_word' id='word_1_344' title='bbox 1385 2277 1620 2316; x_wconf 87' lang='lat' dir='ltr'>Politorium</span> <span class='ocrx_word' id='word_1_345' title='bbox 1637 2291 1663 2314; x_wconf 91' lang='grc' dir='ltr'><em>α</em></span> 
     </span>
     <span class='ocr_line' id='line_1_64' title="bbox 943 2334 1666 2385; baseline 0.003 -15"><span class='ocrx_word' id='word_1_346' title='bbox 943 2348 1013 2371; x_wconf 82' lang='lat' dir='ltr'>suo</span> <span class='ocrx_word' id='word_1_347' title='bbox 1035 2334 1277 2373; x_wconf 81' lang='lat' dir='ltr'>nomine.--</span> <span class='ocrx_word' id='word_1_348' title='bbox 1292 2334 1388 2378; x_wconf 76' lang='grc'><em>564.</em></span> <span class='ocrx_word' id='word_1_349' title='bbox 1413 2335 1571 2372; x_wconf 87' lang='lat' dir='ltr'>Nomen</span> <span class='ocrx_word' id='word_1_350' title='bbox 1594 2335 1666 2385; x_wconf 83' lang='lat' dir='ltr'>qui</span> 
     </span>
     <span class='ocr_line' id='line_1_65' title="bbox 943 2391 1659 2443; baseline 0.003 -15"><span class='ocrx_word' id='word_1_351' title='bbox 943 2394 1081 2430; x_wconf 84' lang='lat' dir='ltr'>Franc.</span> <span class='ocrx_word' id='word_1_352' title='bbox 1114 2391 1263 2429; x_wconf 82' lang='lat' dir='ltr'>Polites</span> <span class='ocrx_word' id='word_1_353' title='bbox 1289 2391 1436 2430; x_wconf 86' lang='lat' dir='ltr'>Medic.</span> <span class='ocrx_word' id='word_1_354' title='bbox 1467 2405 1488 2428; x_wconf 91' lang='lat' dir='ltr'>a</span> <span class='ocrx_word' id='word_1_355' title='bbox 1515 2405 1568 2431; x_wconf 88' lang='lat' dir='ltr'>m.</span> <span class='ocrx_word' id='word_1_356' title='bbox 1597 2406 1659 2443; x_wconf 85' lang='lat' dir='ltr'>pr.</span> 
     </span>
     <span class='ocr_line' id='line_1_66' title="bbox 943 2449 1661 2501; baseline 0.001 -15"><span class='ocrx_word' id='word_1_357' title='bbox 943 2463 1035 2486; x_wconf 89' lang='lat' dir='ltr'>cum</span> <span class='ocrx_word' id='word_1_358' title='bbox 1061 2449 1190 2486; x_wconf 86' lang='lat' dir='ltr'>tribus</span> <span class='ocrx_word' id='word_1_359' title='bbox 1214 2449 1299 2485; x_wconf 87' lang='lat' dir='ltr'>aliis</span> <span class='ocrx_word' id='word_1_360' title='bbox 1317 2451 1455 2487; x_wconf 86' lang='lat' dir='ltr'>Heius.</span> <span class='ocrx_word' id='word_1_361' title='bbox 1484 2458 1523 2487; x_wconf 91' lang='lat' dir='ltr'>et</span> <span class='ocrx_word' id='word_1_362' title='bbox 1550 2459 1661 2501; x_wconf 87' lang='lat' dir='ltr'>parte</span> 
     </span>
     <span class='ocr_line' id='line_1_67' title="bbox 943 2506 1664 2545; baseline 0 -1"><span class='ocrx_word' id='word_1_363' title='bbox 943 2506 1401 2544; x_wconf 81' lang='lat' dir='ltr'>l&#39;ierianorum.—·565.</span> <span class='ocrx_word' id='word_1_364' title='bbox 1422 2510 1575 2545; x_wconf 83' lang='lat' dir='ltr'>Accura</span> <span class='ocrx_word' id='word_1_365' title='bbox 1593 2507 1664 2544; x_wconf 89' lang='lat' dir='ltr'>ali-</span> 
     </span>
     <span class='ocr_line' id='line_1_68' title="bbox 940 2564 1680 2616; baseline 0.003 -16"><span class='ocrx_word' id='word_1_366' title='bbox 940 2573 1040 2613; x_wconf 81' lang='lat' dir='ltr'>quot</span> <span class='ocrx_word' id='word_1_367' title='bbox 1068 2566 1202 2602; x_wconf 87' lang='lat' dir='ltr'>Burm.</span> <span class='ocrx_word' id='word_1_368' title='bbox 1231 2586 1290 2592; x_wconf 92' lang='lat'>—-</span> <span class='ocrx_word' id='word_1_369' title='bbox 1320 2564 1458 2603; x_wconf 85' lang='lat' dir='ltr'>Paullo</span> <span class='ocrx_word' id='word_1_370' title='bbox 1498 2574 1590 2616; x_wconf 90' lang='lat' dir='ltr'>post</span> <span class='ocrx_word' id='word_1_371' title='bbox 1615 2566 1680 2615; x_wconf 30' lang='lat' dir='ltr'>in·</span> 
     </span>
     <span class='ocr_line' id='line_1_69' title="bbox 940 2620 1660 2675; baseline 0.004 -18"><span class='ocrx_word' id='word_1_372' title='bbox 940 2620 1049 2671; x_wconf 83' lang='lat' dir='ltr'>equis</span> <span class='ocrx_word' id='word_1_373' title='bbox 1083 2634 1182 2658; x_wconf 81' lang='lat' dir='ltr'>verS.</span> <span class='ocrx_word' id='word_1_374' title='bbox 1218 2622 1300 2659; x_wconf 88' lang='lat'>565</span> <span class='ocrx_word' id='word_1_375' title='bbox 1334 2636 1392 2673; x_wconf 89' lang='lat' dir='ltr'>sq.</span> <span class='ocrx_word' id='word_1_376' title='bbox 1428 2631 1660 2675; x_wconf 85' lang='lat' dir='ltr'>argutantur</span> 
     </span>
     <span class='ocr_line' id='line_1_70' title="bbox 939 2678 1657 2728; baseline 0.006 -14"><span class='ocrx_word' id='word_1_377' title='bbox 939 2679 1074 2728; x_wconf 86' lang='lat' dir='ltr'>Intpp.</span> <span class='ocrx_word' id='word_1_378' title='bbox 1109 2678 1235 2716; x_wconf 81' lang='lat' dir='ltr'><em>Albas</em></span> <span class='ocrx_word' id='word_1_379' title='bbox 1268 2681 1449 2718; x_wconf 85' lang='lat' dir='ltr'>maculas</span> <span class='ocrx_word' id='word_1_380' title='bbox 1482 2693 1578 2718; x_wconf 87' lang='lat' dir='ltr'>mox</span> <span class='ocrx_word' id='word_1_381' title='bbox 1612 2681 1657 2717; x_wconf 88' lang='lat' dir='ltr'>in</span> 
     </span>
     <span class='ocr_line' id='line_1_71' title="bbox 938 2735 1658 2788; baseline 0.003 -16"><span class='ocrx_word' id='word_1_382' title='bbox 938 2735 1066 2785; x_wconf 85' lang='lat' dir='ltr'>aliqua</span> <span class='ocrx_word' id='word_1_383' title='bbox 1097 2739 1295 2787; x_wconf 74' lang='lat' dir='ltr'>praecipua</span> <span class='ocrx_word' id='word_1_384' title='bbox 1322 2747 1433 2788; x_wconf 89' lang='lat' dir='ltr'>parte</span> <span class='ocrx_word' id='word_1_385' title='bbox 1464 2738 1658 2776; x_wconf 86' lang='lat' dir='ltr'>declarari</span> 
     </span>
     <span class='ocr_line' id='line_1_72' title="bbox 937 2794 1656 2847; baseline 0.004 -18"><span class='ocrx_word' id='word_1_386' title='bbox 937 2801 1055 2842; x_wconf 87' lang='lat' dir='ltr'>puta,</span> <span class='ocrx_word' id='word_1_387' title='bbox 1083 2794 1124 2830; x_wconf 85' lang='lat' dir='ltr'>in</span> <span class='ocrx_word' id='word_1_388' title='bbox 1153 2794 1343 2844; x_wconf 76' lang='lat' dir='ltr'>pedibus,</span> <span class='ocrx_word' id='word_1_389' title='bbox 1376 2809 1476 2846; x_wconf 78' lang='lat' dir='ltr'>quos</span> <span class='ocrx_word' id='word_1_390' title='bbox 1501 2797 1656 2847; x_wconf 87' lang='lat' dir='ltr'>poetica</span> 
     </span>
    </p>
   </div>
  </div>
 </body>
</html>
