1767 3054
232 105 308 139 170

852 90 1095 130 AENEIDos

218 154 370 208 Multa
391 159 473 207 diu
495 171 714 207 concreta
735 160 886 207 modis
911 162 1167 207 inolescere
1192 160 1336 208 miris.

217 239 342 297 Ergo
364 247 645 281 exercentur
670 236 842 297 poenis,
862 247 1172 297 veterumque
1195 235 1428 281 malorum

214 309 458 372 Supplicia
479 309 763 371 expendunt.
785 310 902 356 Aliae
929 309 1203 370 panduntur
1222 311 1374 356 inanis

1659 345 1668 361 x
1655 332 1671 342 Ἰ

1676 324 1693 357 Lx

1698 332 1715 351 0

219 384 468 448 Susp‘ensae
491 385 550 430 ad
571 395 759 441 vent053
782 385 885 430 aliis
907 383 994 429 sub
1018 387 1202 446 gurgite
1225 398 1359 433 vasto

214 460 445 505 Infectum
469 458 644 503 eluitur
663 458 837 513 scelus,
859 466 940 502 aut
967 458 1184 503 exuritur
1206 458 1318 520 igni.

213 535 426 593 Quisque
451 547 560 578 suos
584 531 794 593 patimur
816 532 992 589 manis3
1024 532 1194 578 exinde
1221 549 1307 594 per
1331 534 1539 596 amplum

219 717 511 755 umbrationem
550 715 671 752 iidem
707 714 933 751 animorum

219 775 410 811 dicuntur
440 786 520 809 esse
549 771 696 816 morbi,
713 785 781 807 seu
802 771 929 814 labes,

219 832 370 874 sordes,
407 829 599 874 mcwulae,
624 824 802 873 κηλίδες,
832 828 935 864 ulce-

220 903 284 933 ra,
312 886 537 928 cicatrices,
560 883 750 937 μώλωπες
766 913 775 930 ,
799 882 931 930 οὐλαὶ,

220 944 421 998 στίγματα
437 957 446 989 ;
464 942 560 978 hinc
595 943 725 978 suavis
750 941 817 979 ille
847 955 935 992 my—

218 1003 310 1039 thus
324 1029 334 1047 ‚
378 1013 448 1036 seu
488 999 717 1036 involutum
760 998 938 1036 fabulosa

218 1060 443 1096 narratione
487 1056 785 1107 philosophema
831 1055 937 1105 apud

219 1117 421 1154 Platonem
438 1143 449 1161 ‚
473 1115 595 1165 Gorg.
620 1122 720 1152 extr.
751 1129 790 1165 p.
833 1113 912 1154 356
927 1145 938 1164 ‚

224 1175 300 1220 357
327 1174 376 1210 de
396 1170 599 1209 animabus
624 1185 757 1210 coram
784 1173 939 1212 Rhada-

221 1231 384 1268 mantho
403 1228 622 1275 nudandi53
645 1243 724 1280 quo
741 1231 938 1269 Plutarch.

222 1289 270 1325 de
300 1288 360 1324 his
391 1289 462 1338 qui
484 1300 570 1323 sero
601 1300 621 1322 a
649 1289 812 1325 numine
838 1302 938 1338 pun.

222 1356 249 1383 t.
270 1348 309 1382 II
324 1373 333 1391 ‚
358 1359 398 1395 p.
424 1346 504 1389 564
519 1371 529 1389 ,
557 1344 662 1392 565,
684 1354 723 1382 et
744 1347 940 1383 Lucianus

223 1404 433 1453 aliquoties
479 1401 700 1439 felicissime
738 1416 833 1440 usus
868 1412 939 1442 est.

222 1463 366 1498 Noster
400 1468 530 1496 autem
560 1468 678 1509 poeta
705 1473 796 1496 cum
822 1461 941 1497 semel

222 1531 293 1567 per
308 1516 442 1552 sordes
458 1525 496 1552 et
515 1517 696 1553 maculas
719 1518 940 1554 animorum

220 1576 317 1611 vitia
348 1582 386 1610 et
412 1572 645 1622 cupiditates
668 1574 850 1611 animales
873 1574 940 1611 de-

222 1635 431 1682 signasset,
462 1629 775 1668 emendationem
806 1645 940 1668 earum

221 1680 293 1738 'per
314 1687 567 1738 purgationis
597 1701 720 1738 genus
749 1689 850 1725 bene
874 1702 942 1726 ex-

224 1746 356 1782 hibuit
371 1773 381 1790 ‚
399 1746 466 1781 cui
492 1746 570 1792 jam
600 1747 642 1781 in
672 1747 790 1782 sacris
813 1754 851 1782 et
867 1747 941 1782 ini-

223 1804 287 1839 tiis
311 1801 461 1838 adsueti
489 1810 600 1838 erant
617 1811 795 1839 veterum
812 1802 941 1840 homi-

223 1873 319 1896 nnm
334 1860 467 1896 animi.
487 1858 630 1896 Eadem
647 1861 829 1911 purgatio
848 1873 943 1897 mox

223 1917 450 1966 designatur
465 1930 536 1965 per
551 1930 708 1965 poenas,
719 1916 913 1966 supplicia
925 1945 936 1962 ,

222 1973 285 2010 vel
302 1973 474 2010 Platonis
493 1975 725 2009 auctoritate
735 1975 780 2010 in
797 1975 942 2025 Gorgia

221 2031 248 2067 1.
277 2043 311 2066 c.
332 2028 441 2078 quod
461 2042 544 2065 non
566 2029 818 2067 observatum
833 2033 943 2067 mise-

222 2100 265 2123 re
304 2087 463 2122 vexavit
495 2087 629 2136 Intpp.
651 2107 709 2114 —-
734 2088 830 2133 738.
860 2087 942 2124 Diu

224 2143 438 2193 conjuncta
484 2143 651 2180 Oudart.
705 2144 939 2182 Inolescere.

225 2203 299 2237 Fea
334 2198 484 2250 Saggio
510 2198 553 2235 di
581 2213 705 2236 'move
736 2201 938 2240 IllustraZ.

226 2272 264 2306 p.
301 2270 400 2303 127,
429 2269 503 2293 em.
532 2256 753 2293 abolescere
771 2271 784 2293 .·
813 2270 939 2307 quum

225 2326 297 2349 nec
322 2316 404 2363 ipse
439 2313 659 2351 doctrinam
687 2322 815 2363 poetae
849 2316 940 2351 satis

227 2378 509 2418 assequeretur.
523 2370 633 2406 Idem
647 2384 666 2407 e
681 2371 779 2408 Cod.
797 2371 940 2408 biblio-

227 2426 329 2462 thec.
360 2426 618 2463 Casinatensis
650 2427 805 2474 laudat,
838 2428 938 2465 mol-

226 2483 384 2518 lescere.
399 2503 452 2509 ——-
467 2484 625 2519 Inversa
645 2492 702 2520 est
713 2485 852 2522 oratio.
865 2487 940 2522 De-

228 2539 346 2576 bebat
371 2540 481 2587 sequi
502 2550 512 2575 :
544 2552 615 2575 nec
639 2541 840 2578 excedunt
849 2569 860 2586 ,
883 2562 941 2571 --

229 2596 302 2633 sed
302 2594 463 2644 penitus
481 2594 716 2641 inoluerzmc,
734 2610 938 2635 concreve-

229 2662 318 2689 runt
329 2667 345 2696 ;
368 2650 473 2687 unde
503 2652 583 2697 746
608 2662 790 2690 concreta
807 2654 938 2700 labes,

233 2721 318 2761 quae
338 2708 486 2746 eluitur
511 2716 550 2746 et
576 2711 755 2746 exuritur
778 2724 816 2748 v.
843 2718 936 2758 742·

1002 715 1089 752 Hoc
1109 715 1162 751 ita
1190 714 1334 751 extulit
1351 727 1359 752 :
1383 729 1457 753 nec
1476 717 1619 753 mirum
1638 727 1716 762 est,

1001 785 1071 808 sen
1085 800 1095 817 ,
1117 784 1274 808 necesse
1288 781 1346 808 est
1355 799 1367 816 ‚
1386 773 1511 810 multa
1521 801 1533 818 ,
1550 775 1721 811 multum

1001 830 1088 865 vitii
1102 856 1112 874 ,
1130 827 1218 874 din,
1245 842 1316 878 per
1339 837 1418 866 tam
1440 829 1606 882 longum
1627 833 1722 868 vitae

1002 893 1158 935 tempus
1171 913 1181 931 ‚
1202 895 1390 923 concreta
1421 886 1632 925 inolescere
1648 901 1722 938 pe-

1003 942 1107 978 nitus
1127 943 1255 979 modis
1278 943 1400 981 miris.

1064 1013 1082 1047 7
1093 1007 1227 1048 40—7
1237 1001 1305 1045 43.
1319 1003 1356 1037 A
1369 1000 1615 1038 sollennibus
1632 1015 1723 1051 pur-

1004 1058 1207 1107 gationum
1224 1067 1262 1094 et
1271 1058 1551 1095 lustrationum
1566 1059 1722 1096 ritibus.

1005 1116 1034 1152 F
1037 1115 1142 1151 iebat
1154 1116 1259 1151 enim
1274 1115 1453 1152 lustratio
1466 1128 1553 1152 aere
1566 1143 1576 1161 ,
1599 1129 1698 1165 aqua
1710 1144 1720 1160 ‚

1006 1173 1101 1223 igni.
1123 1174 1207 1211 Nec
1226 1172 1336 1208 aliter
1354 1185 1532 1209 sermone
1547 1172 1722 1209 humano

1007 1230 1139 1266 efferri
1163 1231 1381 1266 animarum
1407 1231 1589 1279 purgatio
1611 1239 1724 1279 pote—

1006 1296 1066 1323 rat
1078 1315 1087 1333 ,
1103 1301 1152 1324 ne
1166 1300 1184 1324 a
1196 1286 1443 1338 philosophis
1460 1286 1619 1336 quidem
1635 1287 1724 1324 sub-

1006 1345 1230 1392 tilioribus,
1254 1347 1286 1382 si
1319 1343 1483 1381 fuerunt
1516 1344 1636 1389 forte,
1654 1346 1725 1393 qui

1008 1403 1138 1439 animo
1153 1401 1437 1453 corpusculum
1447 1413 1564 1437 suum
1580 1401 1725 1438 detrac-

1008 1467 1092 1495 tum
1122 1473 1202 1496 esse
1216 1488 1226 1506 ‚
1247 1467 1315 1496 aut
1341 1471 1430 1494 eum
1450 1459 1534 1494 sine
1558 1471 1724 1508 corpore

1007 1517 1257 1565 superstitem
1299 1515 1536 1566 cogitatione
1571 1517 1723 1565 assequi

1008 1573 1177 1619 vellent3
1200 1573 1310 1623 quod
1341 1572 1496 1609 dubito.
1522 1573 1726 1623 Purgatio-

1007 1643 1097 1666 nem
1114 1632 1332 1667 animarum
1349 1631 1391 1665 in
1418 1629 1501 1666 sole
1529 1638 1568 1666 et
1590 1629 1726 1666 sideri-

1008 1686 1082 1724 bus
1098 1685 1207 1734 fieri,
1229 1688 1407 1724 statuisse
1426 1687 1632 1737 AEgyptios
1647 1714 1657 1732 ‚
1670 1688 1725 1723 vi-

1008 1745 1044 1780 ri
1059 1744 1166 1782 docti
1185 1745 1327 1795 passim
1348 1744 1478 1789 aiunt;
1502 1743 1592 1779 vide
1614 1745 1722 1780 Mos-

1007 1800 1112 1839 hem.
1140 1801 1187 1839 ad
1221 1800 1453 1840 Cudworth.
1496 1813 1585 1850 pag.
1625 1801 1722 1838 366.

1009 1858 1084 1896 Sed
1114 1872 1164 1896 ex
1194 1859 1286 1896 loco
1312 1856 1525 1908 Porphyrii
1552 1857 1601 1894 de
1619 1857 1723 1894 Abs-

1009 1917 1081 1953 tin.
1100 1918 1172 1963 IV,
1202 1928 1251 1953 10
1265 1943 1275 1961 ‚
1297 1915 1404 1952 testis
1429 1927 1499 1964 per
1519 1927 1560 1951 se
1582 1926 1723 1964 parum

1006 1972 1141 2010 idonei
1155 2001 1165 2019 ‚
1205 1973 1283 2009 nisi
1338 1971 1456 2008 talem
1495 1972 1724 2020 opinionem

1004 2031 1083 2077 jam
1113 2031 1257 2066 animo<
1277 2028 1453 2066 attuleris
1465 2055 1477 2076 ,
1497 2028 1540 2064 id
1562 2040 1643 2065 non
1671 2028 1723 2064 fa-

1010 2087 1082 2124 cile
1102 2088 1246 2124 elicias.

1068 2157 1087 2190 7
1097 2145 1146 2188 43
1155 2173 1163 2181 .
1182 2142 1343 2180 Patitur
1350 2151 1389 2179 et
1400 2141 1567 2180 mittitur
1573 2150 1648 2179 tres
1658 2155 1718 2191 ap.

1006 2202 1141 2238 Burm.
1151 2200 1310 2250 patitur
1323 2201 1439 2236 etiam
1453 2199 1533 2237 Erf.
1548 2200 1601 2236 Ut
1612 2211 1720 2235 nunc

1004 2270 1139 2294 versus
1149 2271 1188 2294 se
1200 2257 1340 2294 ordine
1349 2257 1567 2305 excipiunt,
1577 2263 1643 2290 aut
1655 2268 1722 2293 no-

1004 2315 1106 2351 vain
1117 2314 1253 2364 Elysio
1267 2311 1334 2358 fit,
1352 2320 1418 2350 aut
1432 2310 1613 2347 inchoata
1631 2321 1721 2350 ante

1004 2372 1222 2407 animarum
1241 2370 1421 2420 purgatio
1439 2368 1481 2403 in
1496 2366 1631 2417 Elysio
1651 2369 1718 2405 ab·

1003 2428 1171 2465 solvitur
1181 2441 1192 2473 ;
1204 2425 1312 2476 quod
1323 2425 1486 2462 omnino
1497 2436 1647 2460 novum
1662 2435 1720 2463 est

1005 2493 1045 2521 et
1077 2483 1262 2521 insolens.
1298 2478 1421 2526 Nam,
1443 2481 1475 2516 si
1499 2493 1574 2517 vss.
1607 2484 1686 2528 743
1702 2511 1714 2529 ‚

1010 2547 1091 2588 744
1125 2541 1205 2586 jam
1240 2545 1393 2587 peracta
1415 2538 1648 2587 purgatione
1673 2541 1718 2577 in

1004 2597 1183 2646 Elysium
1192 2595 1318 2631 missae
1332 2601 1425 2630 sunt
1443 2595 1580 2631 animae
1592 2621 1602 2637 ,
1622 2608 1718 2646 quo-

1004 2651 1122 2689 modo
1137 2653 1279 2703 iterum
1291 2663 1329 2688 v.
1343 2664 1361 2698 7
1371 2651 1424 2694 45
1439 2652 1550 2702 sequi
1564 2660 1692 2701 potest
1706 2669 1717 2694 :

1006 2711 1143 2746 Donec
1162 2708 1286 2759 longa
1311 2707 1396 2746 dies
1428 2715 1500 2746 etc.
1534 2707 1611 2745 hoc
1637 2718 1714 2759 est,
