1767 3054
689 100 845 139 LIBER
878 100 952 138 w.
1015 73 1018 76 ’

1502 105 1576 140 16:⁵3

66 179 252 243 Saepius
275 188 552 231 occurrens,
577 173 678 218 haec
702 171 866 218 limina
890 172 1084 218 tendere
1110 173 1280 236 adegit.

70 258 206 302 Stant
230 252 324 300 sale
346 247 599 311 Tyrrheno
621 245 819 302 classes;
845 243 905 291 da
923 244 1127 307 jungere
1153 245 1368 293 dextram
1384 284 1396 303 ‚

69 332 165 387 Da,
202 325 403 383 renitor3
430 334 572 384 teque
596 320 819 383 amplexu
842 337 902 366 ne
925 319 1155 367 subtrahe
1179 332 1344 368 nostro
1365 327 1374 368 !
1399 346 1416 362 υ

73 403 152 449 Sic
176 414 442 447 memorans
467 397 599 460 largo
619 395 735 442 fletu
755 395 894 442 simul
920 411 1005 441 ora
1026 395 1226 459 rigabat.

71 481 165 525 Ter
183 487 380 523 conatus
404 473 474 520 ibi
496 473 618 520 collo
644 472 758 518 dare
783 471 981 518 brachia
1004 472 1207 531 circum3

72 555 165 598 Ter
190 551 364 597 frustra
389 564 671 612 comprensa
698 563 864 595 manus
887 548 1056 611 effugit
1080 548 1261 611 imago,

71 630 163 674 Par
183 625 369 673 levibus
391 626 567 682 ventis,
593 625 874 687 volucrique
897 624 1135 671 simillima
1160 640 1341 672 somno.

139 706 327 749 Interea
347 702 478 748 videt
503 704 672 748 AEneas
699 701 747 747 in
771 701 892 747 valle
914 701 1111 748 reducta

76 781 323 828 Seclusum
345 794 534 837 nemus,
556 790 603 825 et
625 778 832 842 virgulta
851 777 1069 825 sonantia
1090 777 1245 836 silvis,

134 958 232 1010 696.
266 957 420 1008 See-pius
440 971 476 996 ο.
506 972 544 996 v.
571 972 605 997 c.
626 971 716 1009 sup.
740 961 800 1005 V,

78 1018 127 1065 73
140 1030 154 1054 1
177 1029 235 1066 sq.
254 1018 356 1054 Nam
375 1017 493 1054 semel
511 1018 722 1054 memorari
741 1030 799 1054 sa-

72 1076 122 1112 tis
154 1082 250 1112 erat.
281 1075 333 1112 cf.
370 1075 452 1121 IV,
489 1075 585 1113 351.
605 1075 802 1113 —Adire

73 1133 225 1184 coegit,
263 1132 435 1183 vulgaris
469 1135 595 1179 ratio,
625 1135 801 1172 occurrit

74 1192 117 1227 in
141 1189 264 1228 Goth.
303 1198 394 1228 tert.
419 1199 458 1227 et
490 1192 574 1228 aliis
604 1204 665 1242 ap.
698 1193 799 1230 Pier.

75 1249 210 1285 Heius.
226 1256 264 1285 et
277 1249 413 1286 Burm.
439 1248 554 1300 Cogit
568 1249 681 1287 adire
696 1263 801 1286 uuus

75 1307 222 1343 Moret.
247 1305 360 1341 adire
379 1306 518 1357 adegit
542 1309 680 1346 Franc.

138 1376 234 1410 τοο.
262 1364 373 1398 Dare
396 1364 500 1399 collo
529 1363 727 1401 Montalb.
743 1385 801 1393 —-

80 1433 175 1468 701.
206 1419 363 1456 conata
398 1420 494 1457 alter
518 1421 662 1458 Hamb.
696 1434 716 1457 a
746 1435 798 1458 ιιι.

73 1491 135 1529 pr.
157 1490 381 1527 compressa
407 1477 521 1514 multi
549 1479 685 1516 Burm.
719 1479 799 1516 vid.

75 1537 115 1573 11
134 1564 145 1583 ,
165 1548 245 1585 792
258 1563 268 1581 ‚
291 1534 362 1572 ubi
391 1535 512 1572 iidem
533 1543 610 1572 tres
631 1549 769 1574 versus
789 1548 799 1574 :

75 1594 126 1632 cf.
149 1593 297 1642 Georg.
321 1594 399 1639 IV,
426 1601 523 1642 499.
544 1595 648 1632 Nota
670 1595 802 1632 imita-

75 1653 132 1689 tio
161 1664 213 1688 ex
240 1650 385 1702 Odyss.
411 1654 458 1697 λ,
483 1651 564 1687 303
596 1664 654 1702 sq.
685 1652 798 1690 Iliad.

77 1705 128 1759 ψ,
170 1721 276 1753 100;
313 1716 352 1745 et
381 1708 430 1746 de
466 1709 641 1746 Hercule
674 1710 801 1747 simile

75 1765 177 1816 quid
205 1764 311 1816 apud
341 1765 530 1817 Apollod.
552 1768 593 1803 II
609 1795 618 1813 ,
643 1767 692 1814 5,
723 1781 771 1805 12
787 1796 798 1814 ‚

76 1836 117 1874 p.
148 1835 241 1860 121.
271 1821 408 1870 Adde,
437 1825 469 1860 si
492 1825 589 1861 tanti
607 1833 688 1871 est,
707 1827 799 1864 Jen-

78 1882 125 1917 sii
159 1880 274 1918 obss.
306 1879 355 1917 de
385 1881 484 1919 Stilo
515 1883 679 1920 Homer.
707 1896 797 1933 pag.

82 1939 354 1988 289.—702.
387 1938 551 1975 Somnio
572 1941 676 1988 conj.
697 1943 798 1978 Tan.

80 1995 218 2034 Faber.
245 1995 363 2033 Male.
383 1995 489 2033 cons.
510 1995 608 2033 ibid.

140 2055 220 2101 703
239 2067 324 2103 sqq.
364 2055 458 2091 Haec
476 2074 479 2076 ·
490 2054 570 2101 jam
600 2053 803 2092 manifeste

80 2125 130 2149 ex
174 2111 386 2149 Platonicis
417 2111 596 2162 mythis3
629 2125 803 2162 quorum

79 2168 226 2207 fundus
239 2171 280 2206 in
300 2169 640 2228 Pythagoreorum
652 2171 806 2221 opinio-

78 2227 198 2265 nibus
209 2227 463 2264 substractus
479 2236 574 2265 erat.
596 2230 680 2266 Etsi
696 2229 804 2265 enim

79 2287 217 2337 opinio
234 2284 282 2322 de
301 2285 429 2322 reditu
448 2286 668 2323 animarum
688 2287 729 2323 in
750 2287 804 2322 vi-

78 2352 159 2380 tam
183 2345 406 2380 communis
442 2345 668 2394 antiquitati
702 2344 801 2391 fuit,

78 2413 161 2439 non
191 2400 240 2438 ab
264 2414 341 2439 una
364 2401 602 2452 hypothesi,
624 2412 667 2439 ut
693 2410 804 2452 puta-

78 2467 170 2506 tur,
194 2458 263 2497 sed
287 2473 307 2496 a
334 2461 451 2496 variis
475 2460 539 2497 illa
562 2460 803 2511 argumentis

79 2524 119 2554 et
147 2516 305 2554 indiciis
336 2516 453 2555 docte
480 2517 720 2568 indocteque
737 2531 803 2568 pe·

80 2575 150 2612 tita
167 2575 235 2626 (v.
258 2588 293 2613 c.
314 2588 335 2612 a
354 2584 496 2613 mutuo
513 2577 677 2613 interitu
697 2584 805 2613 ortu-

80 2643 158 2682 que
174 2635 355 2671 omuium
371 2633 556 2686 rerum),
574 2642 642 2671 aut
659 2635 700 2670 in
713 2633 804 2669 suh-

81 2687 227 2728 sidium
257 2703 279 2728 a
400 2700 436 2728 ta
482 2692 568 2729 aliis
613 2691 804 2729 doctrinis

84 2744 271 2786 fulciendi
322 2777 334 2787 .
380 2749 535 2787 Platoni
577 2758 731 2796 tamen,
769 2750 802 2786 si

869 971 953 996 non
978 958 1162 997 doctrina
1183 957 1232 995 de
1256 956 1475 995 subeundis
1503 966 1592 995 aute

869 1017 1080 1054 transitum
1100 1018 1143 1054 in
1162 1029 1315 1054 novum
1333 1028 1482 1066 corpus
1499 1015 1597 1052 infe—

868 1076 921 1111 ris
940 1103 951 1121 ,
983 1088 1102 1125 quam
1135 1083 1174 1112 et
1205 1075 1383 1126 AEgyptii
1406 1081 1595 1120 tenuere,

869 1146 913 1169 ac
938 1132 986 1170 de
1014 1134 1250 1184 purgatione
1264 1160 1274 1178 ‚
1295 1145 1386 1183 quae
1407 1132 1533 1168 initiis
1552 1144 1596 1168 ac

867 1190 1041 1234 τελεταῖς
1071 1191 1318 1241 frequentata
1341 1190 1462 1228 fuisse
1492 1189 1596 1226 vide-

869 1257 953 1295 tur,
985 1249 1196 1300 peculiaris
1228 1257 1358 1285 tamen
1392 1248 1511 1284 fuisse
1540 1249 1597 1283 vi-

869 1306 987 1344 detur
1020 1306 1087 1343 illa
1121 1307 1304 1342 doctrina
1339 1305 1389 1342 de
1422 1304 1595 1342 bibenda

869 1373 960 1401 ante
986 1363 1161 1400 reditum
1184 1362 1318 1400 Lethe.
1351 1376 1390 1400 v.
1423 1361 1473 1398 de
1494 1365 1595 1412 Rep.

868 1424 937 1466 X,
971 1434 1059 1473 pag.
1088 1421 1170 1468 765
1201 1420 1297 1465 Frf„
1338 1434 1378 1470 p.
1417 1419 1497 1456 621
1541 1423 1592 1457 A.

868 1478 1004 1527 Steph.
1037 1481 1295 1530 Ingeniosum
1316 1479 1458 1528 utique
1487 1490 1593 1514 com-

867 1544 1073 1582 mentum,
1104 1548 1232 1586 quum
1262 1547 1368 1572 nova
1391 1535 1496 1580 vita,
1524 1548 1596 1572 no-

869 1606 917 1629 va
934 1593 1101 1630 infantia
1114 1621 1125 1639 ,
1145 1592 1322 1629 ineunda
1340 1594 1403 1630 sit.
1423 1594 1597 1630 Antero-

869 1659 949 1688 tem
969 1663 1060 1687 cum
1080 1652 1236 1688 inversa
1259 1650 1387 1687 facula
1408 1650 1595 1687 nonnulli

869 1707 918 1745 ad
942 1707 1021 1746 hoc
1052 1709 1185 1760 ipsum
1216 1707 1362 1758 dogma
1383 1721 1468 1744 non
1496 1707 1596 1744 male

869 1765 1155 1812 traduxerunt,
1179 1767 1251 1803 etsi
1280 1768 1313 1802 is
1347 1766 1510 1816 proprie
1549 1765 1596 1801 ad

868 1825 1012 1861 amoris
1041 1824 1286 1861 oblivionem
1318 1822 1534 1874 spectabat.
1556 1837 1597 1859 v.

866 1880 985 1920 Ovid.
1007 1880 1237 1920 A-Remed.
1263 1881 1340 1918 551
1364 1894 1450 1931 sqq.

928 1946 1024 1985 704.
1046 1939 1175 1975 Libris
1187 1939 1348 1988 optimis
1358 1946 1397 1974 et
1417 1939 1597 1974 vetustis-

869 1997 977 2032 simis
989 1995 1134 2033 insidet
1144 1996 1263 2033 lectio
1274 1995 1394 2041 silvoe,
1412 1996 1472 2031 uti
1485 1995 1594 2033 Med.

871 2067 891 2090 a
909 2067 962 2091 m.
985 2067 1046 2104 pr.
1062 2053 1171 2091 Gud.
1190 2057 1306 2092 Rom.
1330 2061 1368 2090 et
1379 2052 1477 2098 aliis,
1492 2055 1597 2090 etsie

871 2111 1105 2148 emendabat
1135 2111 1375 2149 Benedictus
1398 2111 1442 2147 in
1478 2112 1593 2148 Junt.

872 2171 999 2207 Possis
1028 2171 1161 2220 itaque
1184 2171 1428 2218 conjectare,
1457 2168 1595 2206 lectio-

871 2240 963 2264 nem
987 2228 1252 2277 antiquiorem
1276 2227 1417 2273 fuisse,
1447 2227 1529 2264 sive
1554 2228 1595 2263 il-

870 2285 946 2321 lam
961 2313 971 2329 ,
995 2286 1077 2322 sive
1101 2285 1227 2329 silva,·
1246 2284 1350 2322 silvis
1373 2292 1506 2322 autem
1526 2285 1591 2322 ad-

870 2343 1022 2380 venisse
1053 2355 1105 2380 ex
1127 2343 1251 2380 altero
1287 2343 1379 2380 loco
1414 2342 1472 2380 lib
1505 2345 1591 2384 111.

872 2406 953 2445 442
975 2402 1138 2438 Averna
1164 2401 1354 2438 sonantia
1377 2400 1495 2438 silvis.
1517 2402 1591 2440 Sed

868 2457 997 2506 silvis,
1027 2459 1136 2510 quod
1165 2459 1312 2498 Medic.
1339 2472 1359 2496 a
1382 2472 1486 2496 man.
1513 2473 1589 2497 sec.

868 2514 1011 2563 habet,
1031 2518 1086 2554 ita
1112 2526 1158 2555 ut
1184 2518 1416 2568 Aproniana
1436 2530 1518 2554 esse
1538 2520 1592 2554 vi-

870 2573 1009 2612 deatur
1026 2574 1170 2622 lectio,
1199 2577 1476 2612 auctoritatem
1500 2575 1590 2612 facit

870 2631 1074 2670 Mediceus
1093 2635 1194 2672 Pier.
1219 2641 1257 2670 et
1275 2634 1410 2685 fragm.
1432 2635 1560 2670 Vatic.
1580 2648 1587 2671 :

871 2689 969 2728 adde
1005 2690 1105 2729 bino
1147 2705 1167 2728 e
1202 2691 1325 2729 Goth.
1361 2693 1509 2741 Estque
1547 2705 1589 2726 en

870 2747 1027 2787 doctior
1049 2749 1189 2788 lectio:
1215 2762 1312 2787 nam.
1326 2748 1505 2799 virgulta
1529 2761 1587 2783 50-
