1767 3054
617 145 771 182 LIBER
801 143 915 179 VIII.
1443 135 1518 171 351

17 230 254 287 Tempora
275 218 430 267 navali
454 216 633 278 fulgent
656 223 863 260 rostrata
887 225 1080 262 corona.

18 302 140 347 Hinc
165 315 256 362 ope
277 292 548 349 barbarica,
574 290 815 352 variisque
839 286 1077 335 Antonius
1101 282 1268 341 armis,

19 377 185 421 Victor
209 371 268 418 ab
293 373 494 415 Aurorae
519 365 709 429 populis
734 375 780 410 et
803 364 944 409 litore
970 360 1149 418 rubro,

21 455 302 513 AEgyptum,
323 445 545 505 viresque
568 441 803 499 Orientis,
828 451 875 486 et
897 439 1065 485 ultima
1089 450 1253 484 secum

21 530 189 572 Bactra
211 521 365 577 vehit,
391 518 723 580 sequiturque,
746 515 900 561 nefas!
926 512 1151 576 AEgyptia
1172 510 1362 573 conjux.

22 601 130 646 Una
153 611 315 642 omnes
340 608 504 649 ruere,
530 608 583 638 ac
611 602 765 638 totum
788 604 1011 652 spumare
1034 585 1245 632 reductis

24 672 311 720 Convolsum
335 669 503 726 remis,
527 667 791 728 rostrisque
815 661 1104 711 tridentibus
1130 676 1309 723 aequor.

26 852 150 880 trema
177 847 289 891 parte
312 846 419 875 notae
447 836 497 874 ad
519 850 621 874 vers.
646 836 745 874 682.

27 921 86 930 --
103 900 202 943 684.
222 896 374 935 Navali
387 908 555 939 corona,
583 906 672 944 quae
690 906 748 930 ea-

29 960 122 998 dem
158 963 353 999 roscraca‚
394 955 531 990 rostris
562 965 612 989 ex
650 964 749 988 auro

30 1016 197 1061 vallata,
229 1025 307 1064 qua
335 1011 472 1062 paullo
501 1019 591 1047 ante
625 1009 749 1046 dona-

32 1084 97 1114 tus
116 1073 242 1110 fuerat
269 1072 312 1108 in
338 1069 446 1107 bello
462 1068 599 1107 Siculo
612 1095 622 1113 ‚
645 1068 752 1104 victo

31 1136 123 1172 Sex.
142 1130 349 1180 Pompeio.
370 1142 410 1166 v.
431 1127 574 1165 Vellei.
595 1128 655 1171 II,
673 1126 693 1162 8
706 1138 722 1161 1
741 1153 752 1172 ,

35 1191 108 1238 83,
126 1197 166 1227 et
183 1186 301 1227 Cerd.
321 1187 363 1224 h.
377 1186 404 1224 L
428 1198 521 1222 cum
541 1185 693 1230 Servio,
717 1191 757 1220 et

35 1261 182 1287 numos
210 1247 414 1297 Agrippae.
434 1244 605 1281 Doctius
629 1250 759 1279 autem

42 1306 147 1345 dixit
165 1314 349 1354 tempora
368 1311 554 1339 rostrata.

97 1363 197 1401 685.
234 1363 319 1412 Que
340 1373 360 1397 a
383 1360 574 1398 Pierianis
609 1358 764 1408 aliquot

41 1421 177 1468 abest3
206 1433 280 1457 nec
315 1418 430 1457 male.
468 1415 626 1455 Phariis
657 1417 763 1464 conj.

40 1479 256 1523 Heinsius,
283 1477 507 1527 eleganter3
537 1474 606 1513 sed
636 1473 767 1512 variis

43 1538 174 1575 multo
205 1536 422 1587 elegantius
443 1532 675 1571 habendum
689 1560 700 1579 ,
721 1539 767 1568 nt

45 1595 221 1647 populos
244 1593 393 1629 multos
424 1605 469 1628 ae
499 1591 677 1629 diversos
697 1589 767 1625 ha-

47 1653 216 1703 bituque
246 1649 514 1700 adspectuque
548 1648 679 1684 varios
703 1646 770 1682 de—

45 1712 230 1763 signaret.
254 1729 312 1737 —-·
335 1709 399 1745 Ex
419 1706 584 1743 adverso
607 1717 770 1755 expres-

47 1782 115 1807 sus
147 1767 387 1806 Antonius:
420 1778 494 1815 ope
533 1762 766 1806 barbarica,

50 1839 144 1864 cum
172 1825 298 1875 copiis
325 1836 376 1860 ex
405 1821 586 1859 barbaris
612 1819 775 1870 populis

50 1884 217 1922 diversis
234 1880 365 1933 (unde
381 1878 506 1915 varia
523 1875 667 1927 arma)
679 1889 775 1913 con-

49 1941 232 1992 scriptis,
262 1945 407 1989 praeter
447 1937 646 1987 legiones,
679 1946 776 1984 quas

51 1998 238 2038 habehat.
260 1995 367 2033 conf.
393 1993 595 2033 Plutarch.
616 1994 675 2030 M.
695 1993 778 2029 An-

51 2066 138 2095 ton.
167 2068 256 2107 pag.
291 2060 376 2104 944
398 2054 441 2090 B.
462 2074 522 2082 -—-
546 2051 645 2088 686.
674 2051 779 2087 Mar-

51 2113 223 2153 klandus
252 2111 302 2149 ad
333 2114 428 2150 Stat.
461 2124 550 2162 pag.
576 2122 655 2158 109
678 2109 780 2144 Duc-

53 2182 118 2212 tor
136 2172 187 2209 ab
211 2168 420 2215 emendat;
446 2168 557 2219 quod
579 2167 627 2205 ad
646 2179 781 2203 meum

54 2244 216 2270 sensum
248 2231 433 2278 jejunum
471 2236 541 2265 est.
577 2225 715 2263 Victor
743 2232 782 2261 et

53 2303 126 2342 per
143 2302 184 2326 se
206 2285 455 2339 splendidius
472 2294 552 2331 est,
573 2293 612 2322 et
629 2295 782 2334 respec-

56 2356 103 2386 tu
119 2355 226 2384 certe
242 2359 382 2384 eorum
398 2344 661 2395 populorum,
682 2353 783 2391 quos

58 2398 206 2443 secnm‘
250 2403 454 2449 trahebat,
505 2402 781 2445 verissimum3

59 2463 130 2501 sed
166 2471 205 2500 et
241 2462 478 2501 Parthorum
513 2468 552 2497 et
587 2461 785 2497 Armeno-

61 2533 152 2558 rum
182 2529 366 2572 respectu
406 2532 490 2556 non
521 2519 686 2555 omnino
718 2515 787 2553 fal-

62 2591 164 2617 sum.
186 2581 287 2617 Nam
314 2586 352 2616 et
371 2576 587 2615 Ventidius
619 2573 784 2613 Parthos

62 2637 161 2673 vicit
187 2638 238 2675 U.
271 2637 316 2674 C.
349 2637 457 2683 713,
495 2644 534 2672 et
571 2633 782 2679 Canidius,

64 2700 105 2730 et
133 2694 217 2743 ipse
243 2695 415 2732 Antonii
437 2693 613 2745 legatus,
643 2693 784 2729 Arme-

64 2751 174 2788 niam
199 2749 343 2790 devicit
356 2780 366 2798 ‚
387 2760 427 2789 et
448 2753 491 2788 in
509 2751 646 2788 Iberos
662 2749 785 2789 Alba-

64 2820 219 2862 nosque
252 2811 472 2851 exercitum
506 2808 622 2847 duxit
653 2810 703 2847 U.
737 2807 781 2847 C.

1471 667 1535 708 690

817 848 836 882 7
851 834 898 871 16
921 845 931 871 :
953 840 992 870 et
1010 832 1094 882 ipse
1110 828 1337 872 Antonius,
1358 826 1541 862 Artavas-

815 892 864 929 de
896 899 1036 941 capto,
1068 888 1298 926 Armeniam
1330 883 1544 934 occupavit

817 951 868 988 U.
899 950 943 987 C.
980 947 1077 995 718.
1109 943 1352 984 Schraderus
1381 941 1430 978 ad
1454 943 1546 979 Mu-

819 1020 942 1044 saeum
961 1019 1048 1056 pag.
1078 1003 1158 1040 258
1187 1014 1355 1038 acumen
1381 1002 1436 1052 τῷ
1462 997 1547 1035 vic-

823 1075 885 1103 tor
913 1066 1040 1101 inesse
1077 1061 1198 1106 dicit,
1243 1057 1362 1110 quasi
1393 1059 1546 1104 victor,

824 1123 895 1174 qui
921 1122 1039 1159 talem
1069 1134 1109 1157 se
1133 1119 1275 1156 haberi
1295 1116 1469 1157 volebat.
1489 1137 1550 1144 --

828 1181 964 1218 Victor
979 1179 1030 1216 ab
1048 1180 1218 1216 Aurorae
1229 1174 1389 1227 populis
1410 1183 1449 1211 ec
1465 1172 1551 1211 lico·

829 1253 871 1278 re
887 1239 1002 1277 rubro
1015 1267 1026 1284 ‚
1053 1236 1095 1275 h.
1125 1238 1210 1274 Eoo
1225 1264 1235 1283 ,
1261 1233 1402 1271 Indico
1417 1261 1427 1280 ,
1448 1244 1554 1283 mag·

828 1297 950 1336 nifiee
977 1310 1028 1334 ex
1047 1295 1220 1332 sollenni
1239 1301 1448 1343 poetarum
1467 1302 1553 1327 mo-

832 1370 888 1394 re.
923 1355 1027 1392 Vult
1066 1352 1202 1404 praelia
1244 1364 1337 1388 cum
1376 1348 1530 1388 Parthis
1544 1375 1557 1394 ,

834 1414 983 1466 quibus
1011 1413 1156 1451 Oriens
1183 1419 1270 1447 tum
1287 1407 1476 1459 parebat,
1499 1406 1560 1443 di-

835 1486 948 1518 cere,
973 1472 1079 1508 inter
1105 1482 1196 1520 quae
1221 1466 1420 1506 nonnulla
1447 1464 1560 1501 fuere

834 1531 926 1568 satis
958 1529 1100 1566 felicia.
1133 1526 1222 1564 Pari
1253 1523 1376 1562 modo
1406 1526 1561 1561 Bactra

835 1587 1002 1633 ultima,
1039 1587 1084 1624 in
1110 1584 1377 1622 remotissimo
1407 1582 1564 1632 oriente

834 1648 935 1689 sita,
960 1644 1156 1680 nominat.
1185 1640 1338 1678 Habuit
1357 1638 1564 1677 Antonius

838 1701 986 1740 auxilia
1005 1713 1027 1737 a
1052 1712 1145 1749 rege
1165 1698 1380 1734 Medorum
1400 1696 1567 1732 submis-

839 1773 880 1797 sa
894 1787 905 1805 ‚
923 1764 1091 1795 testante
1115 1754 1330 1794 Plutarcho
1349 1766 1391 1803 p.
1414 1760 1498 1802 944
1518 1752 1563 1789 C.

840 1816 985 1854 Itidem
1009 1815 1065 1850 sic
1093 1827 1134 1851 v,
1161 1812 1269 1858 705,
1294 1810 1390 1859 706.
1422 1808 1563 1854 Vehit,

843 1874 954 1912 ducit
973 1873 1107 1922 copias
1128 1883 1179 1906 ex
1202 1872 1377 1919 AEgypto
1401 1875 1440 1904 et
1456 1867 1564 1904 Asia.

903 1931 1002 1981 689
1036 1926 1225 1966 Reduccis
1255 1925 1375 1963 remis
1402 1925 1567 1975 proprie

844 1988 964 2029 Ovid.
997 1988 1098 2025 Met.
1134 1987 1219 2032 xl,
1255 1984 1336 2029 461
1376 1983 1571 2019 reducum

845 2048 904 2085 ad
919 2045 1054 2099 fortia
1079 2053 1251 2095 pectora
1288 2054 1429 2079 remos.
1462 2042 1569 2078 Tum

848 2119 962 2143 ruere
991 2103 1151 2140 videtur
1183 2101 1336 2139 dictum
1366 2099 1571 2137 transitive

848 2178 903 2203 sc.
926 2176 1032 2201 mare
1048 2163 1166 2199 remis
1186 2168 1224 2198 et
1242 2157 1326 2210 ipsa
1349 2159 1480 2195 carina
1494 2185 1505 2204 ,
1524 2164 1572 2194 ut

850 2236 941 2274 sup.
957 2224 974 2259 I
988 2249 998 2268 ,
1021 2221 1075 2258 35
1096 2232 1258 2270 spumas
1278 2216 1375 2254 salis
1392 2229 1471 2253 aere
1491 2227 1575 2252 rue-

849 2281 962 2319 bant.
993 2301 1053 2309 ——-
1085 2279 1184 2329 690.
1224 2274 1453 2325 Rostrisque
1490 2272 1574 2310 stri-

851 2339 1032 2377 dentibus
1065 2338 1235 2387 pessime
1286 2334 1435 2384 legitur
1483 2344 1574 2369 cum

852 2399 968 2436 metri
996 2397 1094 2433 vitio
1123 2396 1167 2433 in
1197 2391 1427 2437 nonnullis,
1459 2391 1578 2427 etiam

852 2458 894 2494 in
915 2455 1009 2494 Ald.
1035 2468 1097 2505 pr.
1118 2461 1157 2490 et
1180 2465 1231 2490 ex
1251 2464 1295 2489 ea
1323 2449 1505 2495 excusis;
1540 2455 1579 2484 at

854 2515 1046 2552 omissum
1064 2524 1141 2562 que
1158 2512 1201 2549 in
1220 2508 1314 2548 Ald.
1332 2521 1410 2546 sec.
1429 2516 1468 2543 et
1483 2506 1579 2543 hinc

853 2574 897 2611 in
927 2572 1036 2616 aliis;
1077 2572 1131 2607 ita
1160 2566 1298 2607 rostris
1328 2564 1581 2604 stridentibus

853 2631 973 2682 vulgo
990 2628 1143 2666 editum
1156 2656 1167 2675 ,
1188 2636 1227 2665 et
1245 2627 1396 2665 lectum
1414 2635 1578 2674 quoque

852 2690 897 2726 in
924 2687 1043 2726 codd.
1072 2695 1117 2724 ut
1136 2685 1246 2725 Leid.
1273 2686 1432 2734 Menag.
1453 2680 1577 2719 Goth.

851 2761 913 2798 pr.
945 2748 1050 2784 Hinc
1094 2744 1307 2794 rostrisque
1345 2739 1580 2779 tridentibus

852 2805 1005 2846 editum
1028 2806 1070 2844 in
1087 2802 1149 2843 ed.
1176 2800 1413 2844 commelin.
1433 2812 1483 2835 ex
1504 2800 1573 2836 Pa-
