1767 3054
683 135 835 173 LIBER
867 135 938 171 vl.
1490 134 1569 170 135

69 215 250 258 Rursus
272 221 318 257 et
343 209 390 255 in
415 217 623 253 veterem
646 206 741 251 fato
767 206 983 251 revoluta
1009 204 1220 267 figuram.

135 289 266 332 Inter
289 299 404 347 quas
428 281 667 327 Phoenissa
692 297 854 327 recens
881 296 908 326 a
929 280 1122 325 volnere
1146 277 1271 323 Dido
1508 289 1568 323 .l50

68 360 270 407 Errabat
294 358 409 406 silva
431 358 478 403 in
504 373 698 420 magna3
723 373 866 420 quam
886 357 1057 402 Troius
1086 355 1251 412 heros,

70 439 134 483 Ut
154 436 358 499 primum
377 435 514 497 juxta
538 435 690 491 stetit,
713 434 1033 496 adgnovitque
1059 448 1144 493 per
1170 428 1361 476 umbras

69 509 334 557 Obscuram
349 546 362 567 ,
388 509 574 571 qualem
596 509 750 571 primo
775 509 858 570 qui
879 523 1073 569 surgere
1099 521 1257 551 mense

68 587 164 629 Aut
188 583 339 641 videt,
363 595 444 630 aut
466 583 641 630 vidisse
667 593 801 646 putat
822 599 907 645 per
930 581 1095 627 nubila
1118 581 1277 626 lunam
1293 615 1306 636 ,

66 657 267 704 Demisit
286 658 526 717 lacrimas,
550 659 773 720 dulcique
796 657 980 703 adfatus
1007 671 1168 701 amore
1193 664 1262 700 cst
1286 671 1296 697 ε
1509 660 1568 696 455

70 752 88 770 «
111 731 283 778 Infelix
305 733 455 790 Dido,
475 749 616 778 verus
637 732 754 778 mihi
774 730 966 777 nuntius
989 746 1103 792 ergo

69 807 276 852 Venerat
296 806 596 863 exstinctam,
618 807 838 868 ferroque
859 816 1072 852 extrema
1092 805 1323 850 secutam!

72 882 271 929 Funeris
295 881 411 928 heu!
438 882 523 928 tibi
546 898 710 929 caussa
736 883 818 928 fui.
842 885 931 927 Per
954 880 1111 927 sidera
1129 880 1265 942 juro,

73 960 162 1003 Per
186 972 405 1018 superos,
426 968 471 1003 et
497 957 536 1002 si
560 973 654 1019 qua
679 957 792 1003 fides
817 956 984 1002 tellure
1009 953 1098 1001 sub
1124 954 1217 1000 ima
1239 961 1332 1009 est,

71 1032 282 1090 Invitus,
308 1033 492 1094 regina,
520 1044 602 1078 tuo
627 1033 685 1079 de
708 1033 846 1078 litore
867 1031 1000 1078 cessi.

73 1106 168 1153 Sed
190 1122 263 1152 me
278 1106 407 1168 jussa
431 1107 595 1164 deum,
620 1124 726 1170 quae
747 1125 872 1154 nunc
891 1107 976 1153 has
1001 1106 1072 1152 irc
1095 1121 1182 1168 por
1202 1102 1417 1159 umbras,

73 1185 163 1229 Per
186 1183 289 1228 loca
311 1195 442 1230 senta
462 1185 555 1230 situ
578 1195 753 1248 cogunt
776 1195 1060 1247 noctemque
1085 1179 1395 1245 profundam,

75 1341 269 1390 scriptum
287 1339 406 1378 fuisse
424 1353 433 1378 :
463 1342 575 1391 quod
597 1351 637 1379 et
658 1344 794 1380 Heius.

76 1401 249 1446 conjecit
269 1410 279 1436 :
302 1398 327 1440 ἡ
346 1397 490 1443 Kar-aig.
510 1401 560 1438 cf.
582 1399 797 1452 Verbeyck

78 1454 127 1493 ad
153 1458 350 1495 Antonin.
379 1456 466 1495 Lib.
497 1470 531 1494 c.
557 1471 602 1506 17
619 1486 629 1504 ‚
650 1472 691 1508 p.
716 1465 795 1502 114

74 1526 133 1564 sq.
167 1515 315 1552 Firmat
361 1514 403 1552 id
433 1528 596 1566 quoque
626 1517 798 1554 Ausonii

76 1572 244 1609 imitatio
264 1573 308 1609 in
329 1572 473 1624 Cupid.
498 1573 636 1611 crucif.
661 1587 713 1612 20
734 1577 796 1611 Ir-

77 1628 157 1666 rita
177 1629 288 1666 dona
317 1644 507 1680 querens,
539 1644 638 1668 sexu
654 1633 796 1684 gavisa

75 1686 215 1734 virili,
240 1689 383 1726 Μαι-ει
410 1688 451 1725 in
474 1688 686 1740 antiquam
710 1691 795 1728 Cae-

76 1744 137 1780 nis
164 1755 348 1782 revocata
355 1746 538 1800 figuram
553 1762 569 1792 ;
588 1749 661 1784 etsi
683 1756 722 1785 et
739 1748 797 1785 ihi

75 1803 119 1839 in
137 1801 273 1838 multis
294 1805 474 1843 Caeneus.
497 1806 547 1841 In
564 1805 798 1843 nominibus

75 1861 249 1910 propriis
261 1888 272 1906 ,
284 1863 468 1911 inprimis
480 1874 530 1897 ex
543 1863 685 1898 Graeco
699 1863 797 1897 duc—

78 1919 147 1962 tis,
169 1919 332 1955 rationis
375 1918 638 1967 grammaticae
674 1919 799 1964 major

77 1976 292 2012 auctoritas
320 1987 439 2024 quam
465 1976 707 2024 scriptorum
729 1988 801 2024 per

78 2033 334 2070 librariorum
375 2041 579 2082 stuporem
615 2033 800 2082 inquina-

79 2099 212 2128 torum
234 2089 428 2127 habenda.

141 2150 223 2193 450
244 2162 328 2199 sqq.
354 2147 587 2198 Episodium
611 2146 660 2184 de
680 2148 802 2186 Dido-

81 2219 155 2252 ne,
178 2209 319 2243 merito
350 2219 425 2242 mo
460 2205 772 2243 laudatissimum
787 2234 798 2251 ,

82 2264 130 2301 ad
155 2266 319 2301 Homeri
342 2263 508 2301 ductum
537 2263 585 2300 de
611 2266 731 2312 Ajace
752 2265 798 2302 11.

81 2327 128 2370 λ,
157 2323 236 2367 542
258 2336 342 2372 sqq.
370 2320 608 2360 effinxit.-—-
631 2324 726 2368 452.
753 2325 804 2360 Ue

78 2382 203 2434 juxta
226 2382 400 2433 primum
433 2381 603 2419 Dum-ill.
622 2385 703 2419 Per
716 2394 802 2416 mn-

83 2440 195 2477 bram
236 2441 357 2492 vulgo
393 2439 541 2478 lectum
556 2467 566 2486 ‚
608 2441 724 2477 etiam
759 2440 803 2475 in

83 2498 439 2549 prestantioribus.
508 2501 588 2535 Per
645 2496 803 2532 umbras

83 2556 261 2607 quinque
275 2585 286 2602 ‚
309 2569 382 2593 nec
409 2555 692 2593 contemnendi
707 2583 717 2599 ,
739 2567 802 2604 ap.

85 2615 223 2652 Heius·
240 2643 250 2662 ,
267 2616 321 2652 ita
338 2627 423 2651 non
446 2613 642 2664 eleganter
665 2613 806 2649 Obscu-

85 2684 172 2709 ram
192 2686 246 2711 sc.
275 2672 477 2711 Didonem
511 2673 730 2722 acciperes;
762 2679 807 2707 ut

85 2730 166 2777 jam
194 2732 376 2770 Servium
409 2730 544 2767 fecisse
577 2728 708 2766 video.
734 2731 806 2766 Re-

90 2788 196 2838 cepit
224 2801 385 2841 quoque
409 2787 452 2826 id
480 2786 718 2827 Wakefield.
749 2808 806 2816 --

867 1343 972 1388 452,
1002 1341 1109 1386 453,
1138 1338 1234 1384 454.
1266 1336 1404 1375 Suavis
1432 1344 1586 1382 compa-

864 1401 965 1437 ratio
984 1398 1156 1436 Didonis
1176 1408 1277 1446 aegre
1304 1407 1376 1444 per
1402 1389 1586 1428 umbram

864 1459 958 1495 visae
987 1457 1078 1493 cum
1106 1467 1212 1492 nova
1239 1454 1357 1501 luna3
1389 1449 1511 1500 petita
1538 1445 1588 1482 ab

864 1515 1056 1566 Apollon.
1084 1515 1166 1560 IV,
1203 1519 1336 1560 1479,
1372 1508 1505 1552 1480,
1541 1511 1587 1540 ut

861 1576 940 1623 jam
957 1574 1024 1611 alii
1042 1579 1246 1610 notarunt.
1261 1571 1383 1606 Visus
1403 1573 1461 1602 est
1480 1565 1587 1614 Lyn-

865 1645 959 1670 ceus
994 1630 1211 1668 Herculem
1247 1625 1392 1679 procul
1429 1622 1588 1665 videre5

866 1690 915 1734 ὡς
934 1688 990 1734 τίς
1012 1702 1054 1726 τε
1078 1686 1150 1741 νέῳ
1177 1682 1230 1724 ἐνὶ
1255 1684 1379 1739 ἤματι
1401 1681 1564 1734 (noster
1578 1704 1589 1721 ‚

857 1749 991 1798 primo
1013 1760 1172 1791 mense,
1194 1757 1299 1782 nova
1321 1738 1445 1790 luna)
1467 1736 1586 1791 μῆντΝ

865 1800 899 1847 fi
935 1802 1014 1843 ἴδεν
1059 1802 1084 1846 ἢ
1123 1801 1270 1844 ἐνόησεν
1316 1795 1587 1848 ἐπαχλύουσαν

868 1862 1029 1902 ἰδέσθαι.
1042 1885 1100 1891 —-
1114 1862 1210 1906 456.
1226 1857 1398 1897 Nuntius
1414 1867 1464 1892 ex
1484 1853 1590 1889 flam-

866 1923 941 1958 mis
963 1918 1194 1956 lucentibus
1217 1929 1226 1954 :
1255 1929 1344 1964 sup.
1369 1915 1428 1957 V,
1459 1924 1592 1960 pr.—

870 1979 966 2027 459.
992 1977 1046 2012 Ec
1069 1975 1104 2011 si
1127 1987 1207 2024 qua
1224 1971 1334 2025 fides
1354 1969 1493 2006 tellure
1518 1966 1588 2002 sub

868 2035 951 2071 ima
984 2042 1065 2076 e5t‚·
1093 2032 1126 2068 si
1164 2029 1262 2079 quid
1295 2025 1404 2077 apud
1442 2024 1591 2061 inferos

868 2091 975 2129 aliud
988 2119 999 2137 ‚
1022 2088 1133 2140 quod
1153 2086 1273 2123 fldem
1300 2084 1427 2121 facere
1441 2082 1592 2130 juranti

867 2156 997 2201 potest
1027 2146 1095 2198 (id
1128 2145 1233 2182 enim
1263 2152 1303 2180 et
1333 2143 1466 2192 ipsum
1480 2139 1590 2196 fides

867 2209 948 2245 dici
974 2206 1074 2243 solet
1103 2216 1113 2242 ε
1142 2202 1248 2239 conf.
1276 2213 1364 2250 sup.
1398 2199 1463 2243 ΙΙ,
1494 2204 1587 2241 ῐ42.

867 2266 974 2304 Male
995 2264 1106 2300 aliter
1128 2263 1236 2299 Serv.
1267 2266 1305 2296 et
1324 2258 1371 2295 al.
1387 2255 1468 2307 )-
1491 2256 1587 2300 460.

869 2325 1038 2361 I'rsinus
1054 2325 1256 2369 comparat
1268 2315 1414 2354 Catulli
1430 2326 1588 2351 versum

869 2381 918 2418 de
957 2381 1077 2419 Coma
1103 2376 1311 2414 Berenices
1339 2385 1349 2412 ε
1381 2372 1540 2418 Invita,
1567 2385 1589 2407 ο

868 2438 1034 2490 regina,
1078 2445 1144 2474 tuo
1193 2433 1244 2470 de
1288 2430 1441 2469 vertice
1475 2429 1586 2467 cessi.

870 2496 1126 2535 Conveniunt
1143 2492 1281 2530 saltem
1291 2488 1589 2532 verba-462.

874 2553 978 2590 Situs
1017 2561 1076 2590 cst
1107 2549 1270 2588 incultae
1304 2547 1481 2592 telluris,
1517 2558 1591 2583 nec

873 2623 1063 2649 manuum
1083 2621 1203 2660 opera
1216 2615 1334 2645 motae
1347 2633 1357 2651 ‚
1378 2604 1539 2656 squalor
1557 2613 1594 2640 et

872 2669 1036 2715 horror,
1056 2680 1138 2719 quo
1160 2665 1208 2703 fit
1224 2673 1268 2702 ut
1286 2663 1512 2701 obducatur
1530 2675 1590 2697 so-

872 2727 955 2765 lum
994 2725 1192 2771 sentibus,
1233 2723 1386 2767 dumis,
1425 2720 1557 2758 scilice
1581 2731 1590 2755 ε

874 2797 1006 2838 aspera
1051 2785 1183 2835 itaque
1228 2781 1315 2819 loca
1353 2787 1392 2817 et
1432 2775 1592 2815 horrida
