1767 3054
676 87 834 126 LIBER
859 85 910 123 V.

807 153 954 199 'fuisse
984 160 1194 210 objectam.
1234 165 1421 217 Inprimis
1458 184 1554 210 vero

50 173 185 204 mento
221 167 335 218 epieo
369 164 469 203 illud
514 163 763 211 sejunctum,

48 234 118 269 et,
163 237 255 275 quae
292 238 313 262 a
348 222 481 262 multis
520 222 768 272 frequentata

48 293 105 321 est
124 281 378 334 reprehensio
390 310 402 328 ,
426 281 600 318 alienum
619 278 767 318 haben-

49 341 159 381 dum.
193 342 327 381 Primo
360 340 469 379 libro
504 340 580 377 iter
616 352 669 378 ex
707 340 766 378 Si·

49 400 141 438 cilia
160 402 202 438 in
223 398 375 438 Iuliam
404 397 573 436 faciebat
599 401 764 446 AEneas;

46 460 217 507 rejectus
250 470 271 495 a
308 470 429 495 cursu
467 469 542 495 suo
580 458 624 493 in
656 457 764 494 Afri-

47 521 142 556 cam'
157 528 268 555 nunc
285 515 451 553 eandem
475 515 765 566 navigationem

46 574 213 628 repetit,
247 581 288 612 et
310 573 470 622 jamjam
502 572 551 610 ad
579 573 702 610 Italiae
724 571 768 609 li-

45 641 131 682 tora
160 632 424 684 appulsurum
455 645 546 668 eum
573 644 655 668 esse
684 644 767 681 spe-

44 690 171 730 rubas.
206 693 309 729 Ecce
346 689 419 728 tibi
455 703 559 728 nova
591 691 648 727 rei
678 702 764 727 mo-

43 762 86 787 ra
104 750 306 799 injicitur!
341 750 487 786 iterum
515 749 645 786 1311115
668 760 764 785 3011-

43 809 175 846 trariis
204 822 225 846 a
259 820 379 846 cursu
412 806 600 858 depulsus
630 807 676 845 in
703 806 762 844 Si-

44 867 176 905 ciliam
209 865 399 904 defertur.
431 865 562 903 Multa
596 865 761 904 omnino

43 927 86 963 in
115 925 247 964 Sicilia
281 933 393 962 eraut
425 924 691 973 Trojanorum
723 931 762 960 et

42 986 176 1022 AEneae
185 984 363 1034 vestigia.
384 982 525 1022 Classis
540 995 561 1018 a
578 982 762 1030 Trojanis

41 1041 278 1080 mulieribus
307 1042 489 1087 incensa,
515 1040 648 1078 fabula
679 1048 761 1078 erat

40 1099 197 1153 vulgari
241 1101 467 1137 narratione
516 1100 619 1136 trita.
666 1100 759 1137 Non

41 1158 162 1209 igitur
194 1159 320 1196 otiose
350 1156 526 1195 desidere
556 1158 600 1194 in
627 1157 759 1195 Sicilia

40 1224 195 1266 poterat
215 1219 369 1262 AEneas,
391 1229 463 1252 nec
484 1217 643 1253 incensa
665 1215 759 1253 clas-

38 1275 90 1311 sis
118 1276 329 1312 memorari
357 1275 432 1311 nisi
462 1273 664 1325 probabili
687 1274 758 1311 ali-

39 1345 117 1392 qua
159 1332 208 1369 de
245 1333 597 1382 ratione.1taque
641 1341 758 1383 poeta

37 1385 225 1441 111-’1331313
258 1403 307 1429 30
346 1403 429 1428 rem
467 1390 656 1436 adducit,
712 1399 758 1428 ut

36 1451 179 1486 AEueas
206 1449 309 1500 patri
338 1447 499 1487 inferias
523 1448 663 1496 faciat,
694 1449 754 1486 lu-

36 1504 109 1544 dos
147 1506 335 1545 funebres
380 1508 585 1555 instituat,
635 1507 754 1545 classe

15 1564 198 1632 ‘incensa
226 1574 378 1629 partem
405 1567 598 1605 comitum
629 1566 752 1618 depo-

35 1631 105 1661 nat
140 1624 185 1660 in
223 1615 377 1670 11131113,
425 1633 464 1662 31
503 1624 604 1662 urbe
649 1637 754 1662 nova

37 1680 197 1718 condita
235 1694 328 1719 cum
366 1682 528 1734 reliquis
566 1681 751 1723 discedat.

36 1740 222 1789 Agnosce
250 1749 380 1790 poetae
407 1742 490 1778 sive
519 1742 750 1792 ingenium,

36 1797 119 1833 sive
145 1796 341 1845 judicium
368 1807 408 1836 et
436 1800 479 1835 111
501 1797 579 1836 1103
612 1811 622 1837 :
655 1799 753 1836 dum

36 1853 227 1891 ludorum
246 1854 434 1893 festivitas
453 1856 561 1893 viros
579 1855 750 1902 detinet,

36 1912 201 1948 navium
231 1911 569 1950 incendendarum
596 1922 752 1964 tempus

34 1982 79 2006 ac
117 1968 304 2016 facultas,
343 1983 433 2020 quae
466 1969 557 2005 alias
589 1970 659 2005 vix
688 1983 753 2008 oc·

35 2039 196 2065 currere
226 2036 404 2078 poterat,
443 2027 620 2072 feminis,
663 2039 753 2077 quae

35 2085 130 2123 solae
180 2085 326 2123 relictae
375 2094 498 2130 sunt,
545 2083 633 2120 data
680 2093 749 2122 est.

35 2144 198 2181 AEneam
219 2152 349 2181 autem
366 2156 491 2193 quum
509 2143 653 2192 pietate
671 2150 751 2180 tam

32 2201 232 2252 insignem
253 2214 335 2238 esse
360 2201 455 2237 velit
485 2208 624 2251 poeta,
652 2200 751 2250 quid

34 2260 157 2310 magis
187 2267 521 2304 consentaneum,
557 2271 676 2308 quarn
706 2266 751 2295 ut

34 2315 69 2352 is
105 2317 226 2367 patris
259 2316 449 2354 Manibus
483 2329 607 2352 sacras
640 2317 750 2352 caeri·

32 2375 187 2411 munias
222 2373 453 2425 persolvat?
490 2376 538 2412 In
563 2373 752 2411 ludorum

36 2428 326 2483 descriptione,
369 2431 479 2482 quod
514 2444 645 2468 rerum
687 2445 753 2482 ge·

36 2499 114 2526 nus
158 2490 324 2527 omnino
374 2490 546 2527 multum
592 2498 755 2526 ornatus

40 2544 235 2593 ndmittit,
277 2546 389 2584 facile
427 2557 486 2586 est
523 2546 571 2584 ad
609 2547 755 2585 intelli·

37 2602 209 2655 gendum
233 2632 244 2651 ,
279 2605 469 2654 majorem
517 2605 718 2643 veteribus
742 2633 754 2651 ‚

38 2660 188 2711 quibus
216 2671 333 2713 poeta
367 2675 485 2700 suum
524 2676 619 2714 epos
659 2676 755 2714 pan-

39 2716 181 2769 gebat,
210 2721 462 2768 suavitatem,
497 2734 616 2772 qnam
645 2734 755 2758 nunc

42 2774 158 2813 nobis
202 2776 297 2815 inde
340 2780 552 2830 provenire
600 2787 753 2830 potest,

206 2844 292 2889 111.

1497 98 1554 137 ⁸5

832 217 952 256 ludus
986 221 1117 271 Trojae
1151 225 1356 264 Romanos
1389 229 1554 268 ltctores

833 275 1029 316 delectare
1058 279 1212 320 debuit.
1243 283 1332 320 Alia
1353 284 1471 334 hujus
1491 288 1553 327 de-

833 338 1062 389 scriptionis
1087 352 1181 377 suat
1187 341 1282 389 itas,
1307 356 1398 393 qua:
1425 353 1552 385 tamen

833 396 954 435 etiam
988 397 1106 436 nobis
1142 408 1276 450 parata
1311 410 1349 438 et
1390 406 1555 469 cognitu

834 454 959 492 facilis
992 463 1073 501 est,
1110 470 1162 492 ex
1189 460 1402 498 Homerica
1426 462 1554 500 1111113-

833 513 942 549 tione
984 485 1282 564 proiiciscitur,
1323 519 1395 567 qui
1435 518 1551 559 Iliad.

834 566 860 620 ψ
886 571 1056 608 Patrocli
1079 571 1202 610 funus
1219 581 1259 611 et
1285 574 1403 614 ludos
1431 578 1552 617 simili

834 629 949 679 copia
996 629 1215 684 descripsit.
1259 634 1435 673 'rantum
1479 648 1551 675 au-

834 693 912 724 tem
953 686 1085 736 abest,
1127 698 1174 727 ut
1212 693 1427 741 Romanis,
1460 696 1551 746 qui-

830 743 931 793 bus,
962 759 1046 784 non
1064 747 1203 795 nobis,
1233 750 1433 789 scribebat
1453 766 1550 804 poe-

830 811 891 850 ta,
939 813 1006 842 aut
1054 805 1270 860 infringere
1321 809 1550 850 delectatio-

829 874 944 909 nem,
983 872 1054 901 ant
1086 867 1272 905 carminis
1315 867 1549 920 dignitatem

829 920 982 958 elevare
1006 921 1210 961 videretur
1237 925 1325 963 talis
1350 928 1545 975 imitatio,

828 987 875 1016 ut
899 980 1057 1030 potius,
1091 983 1253 1033 ingenio
1281 997 1325 1021 ac
1356 998 1474 1023 sensu
1500 986 1546 1024 il-

827 1036 960 1075 lorum
989 1046 1215 1091 temporum
1241 1050 1280 1079 et
1306 1041 1543 1092 hominum,

827 1094 867 1131 id
895 1096 1007 1147 quod
1036 1106 1143 1135 totus
1172 1099 1365 1151 Virgilius
1394 1109 1433 1138 et
1463 1104 1546 1141 Ho-

828 1156 950 1192 ratius
968 1155 1136 1203 docent,
1167 1158 1267 1207 1111111
1294 1157 1546 1211 magnificen-

826 1213 904 1250 tius
934 1226 976 1250 33
997 1214 1243 1265 splendidius
1267 1216 1385 1255 fuerit
1413 1218 1543 1257 visum

824 1271 867 1307 111
907 1280 1046 1322 poeta,
1087 1286 1205 1323 quam
1240 1275 1271 1311 si
1307 1275 1542 1314 Graecorum

823 1338 1029 1379 poetarum
1060 1330 1146 1368 loca
1177 1340 1215 1368 et
1244 1333 1406 1370 inventa
1439 1347 1545 1372 com-

823 1387 941 1425 mode
961 1398 999 1426 et
1018 1390 1222 1441 ingeniose
1240 1391 1284 1427 in
1302 1403 1370 1428 sua
1399 1394 1540 1430 carmi-

821 1458 871 1482 na
894 1448 1135 1486 transferret.

879 1505 954 1544 Sed
996 1515 1043 1544 ut
1085 1506 1336 1545 delectationi
1378 1509 1422 1545 in
1459 1507 1538 1546 hoc

819 1561 926 1601 libro
961 1577 1033 1614 per
1072 1567 1335 1603 certaminum
1363 1565 1537 1618 descrip-

820 1621 970 1660 tionem
988 1631 1193 1674 tantopere
1219 1623 1417 1671 studeret,
1444 1638 1537 1676 poe—

820 1686 899 1716 tam
930 1694 1089 1718 movere
1118 1682 1235 1719 etiam
1260 1684 1394 1732 potuit
1421 1695 1535 1734 argu-

819 1740 944 1775 menti
978 1739 1183 1786 sterilitas,
1231 1741 1275 1777 in
1314 1753 1359 1777 ea
1404 1749 1535 1778 tamen

819 1798 1054 1833 narrationis
1087 1806 1222 1847 parte,
1261 1810 1337 1848 qua
1373 1798 1423 1836 ad
1452 1799 1535 1835 exi-

818 1859 904 1888 tum
945 1853 1152 1892 festinabat
1192 1855 1283 1901 issa,
1325 1855 1404 1892 hoc
1453 1865 1533 1901 est,

819 1907 867 1944 ad
921 1911 1074 1947 Italiam
1121 1911 1363 1962 procedebat
1401 1915 1536 1960 Troja-

818 1978 965 2004 norum
1008 1968 1151 2006 classis.
1199 1968 1406 2006 Judicium
1442 1982 1535 2019 poe-

818 2032 868 2060 113
901 2026 942 2062 111
973 2025 1050 2063 1103
1084 2039 1244 2077 (1110(1113
1275 2028 1435 2077 agnovit
1467 2030 1533 2065 Se-

818 2083 1003 2133 graisius,
1046 2083 1157 2134 quod
1203 2085 1440 2134 gravissimis
1479 2085 1533 2122 af-

817 2140 1011 2187 fectibus,
1063 2142 1210 2192 quibus
1245 2141 1350 2180 libro
1389 2151 1532 2194 quarto

815 2196 978 2249 legentis
997 2200 1150 2236 animus
1166 2199 1406 2252 agitabatur,
1422 2213 1532 2238 nunc

816 2256 994 2294 succedit
1023 2257 1185 2295 hilarior
1221 2271 1355 2295 rerum
1388 2258 1530 2305 facies,

818 2313 1008 2352 ludorum
1030 2315 1237 2361 festivitas,
1273 2317 1531 2354 certaminum

821 2381 1079 2424 eventum-sac
1118 2374 1374 2424 praemiorum
1405 2377 1530 2413 varie—

822 2438 890 2467 tas.
1254 2443 1258 2447 ’

881 2489 934 2526 Ut
962 2496 1092 2526 autem
1117 2490 1161 2527 in
1187 2489 1377 2526 ludorum
1405 2492 1533 2528 omni-

821 2559 874 2583 no
911 2547 1188 2598 cogitationem
1218 2547 1411 2584 incideret
1442 2561 1535 2599 poe·

822 2611 871 2641 tae
901 2605 1128 2655 ingenium,
1176 2606 1300 2643 facere
1330 2605 1432 2642 forte
1459 2620 1533 2657 po·

822 2662 900 2698 tuit.
943 2663 1104 2713 Erycis,
1148 2663 1282 2701 herois
1324 2663 1529 2716 indigetis,

821 2719 1067 2767 recordatio,
1091 2723 1225 2772 quiin
1255 2722 1304 2759 iis
1331 2721 1453 2769 locis,
1485 2722 1533 2758 ad

820 2789 911 2828 quae
952 2778 1114 2827 'trojani
1159 2777 1414 2830 appulerant,
1459 2779 1535 2816 cla-

1346 2846 1373 2890 8
