1767 3054
685 112 838 152 LIBER
868 111 940 148 VI.

1482 109 1559 147 153

64 194 238 242 Inclusi
260 203 446 256 poenam
465 196 753 250 exspectant.
778 187 851 232 Ne
874 196 1035 247 quaere
1059 180 1245 238 doceri,

64 272 220 328 Quam
241 281 450 330 poenam,
471 275 553 310 aut
573 279 679 325 quae
701 262 853 310 forma
872 260 1000 306 viros
1024 258 1276 304 fortunave
1299 256 1474 303 mersit.
1497 268 1558 299 6ι5

64 347 241 390 Saxum
260 341 423 403 ingens
444 339 642 385 volvunt
664 337 768 396 alii,
792 336 997 384 radiisve
1024 346 1238 380 rotarum

59 416 274 466 Districti
296 415 527 479 pendent;
548 413 702 471 sedet,
724 423 1049 474 aeternumquc
1074 407 1282 466 sedebit,

58 583 187 628 poeta.
228 575 315 612 Nec
358 573 483 612 veriti
521 571 776 611 dominorum

46 633 203 686 fizllere
232 632 412 670 dextras.
440 634 688 684 Argutantur
716 633 778 667 Iu-

57 698 250 742 terpretes
267 698 307 727 et
325 690 391 728 hic
406 719 415 736 ‚
436 691 561 728 Servii
579 689 777 739 exemplo.

60 748 226 787 Domini
277 761 360 786 non
408 746 527 785 modo
571 759 778 783 servorum

59 815 177 852 sunt3
205 805 275 843 sed
303 815 341 843 et
371 805 420 843 de
447 805 684 842 libertorum
706 817 775 855 pa-

60 865 188 901 tronis
224 863 327 900 bene
361 863 467 900 idem
506 862 610 900 dixit
646 870 776 912 poeta.

59 926 275 962 Servorum
291 930 421 957 autem
439 933 574 970 poenas
592 919 656 955 hie
675 932 780 955 com-

61 990 278 1017 memorare
293 1006 303 1024 ‚
338 977 546 1028 indignum
568 984 667 1013 esset
685 989 778 1026 poe-

61 1047 112 1075 tae
135 1037 239 1088 epici
261 1037 451 1088 gravitate
466 1064 476 1081 ‚
504 1035 631 1071 multo
658 1036 780 1084 magis

62 1096 248 1135 Romani.
281 1096 384 1131 Tum
413 1094 482 1144 qui
510 1091 630 1129 fldem
656 1091 778 1137 fallit,

60 1155 94 1190 is
113 1161 152 1190 et
178 1164 293 1188 suam
326 1160 365 1188 et
396 1150 561 1188 alterius
592 1150 780 1187 dextram

61 1210 195 1248 fallere
217 1208 297 1246 dici
319 1218 461 1260 potest.
492 1212 630 1259 Itaque
651 1221 781 1245 neces-

61 1270 164 1305 sario
181 1267 457 1318 accipiendum
474 1266 521 1304 do
542 1267 779 1303 libertorum

61 1327 263 1376 impietate
286 1333 326 1362 et
351 1325 490 1362 fraude
516 1326 560 1361 in
589 1323 779 1374 patronos

61 1395 166 1422 suos,
213 1384 279 1421 An
318 1384 552 1432 Pompeium
591 1383 751 1418 Menam
767 1408 777 1426 ‚

61 1441 134 1479 Cn.
154 1439 333 1490 Pompeii
353 1439 541 1477 libertum
556 1468 566 1485 ‚
597 1440 665 1488 qui
685 1441 780 1477 Sex-

61 1505 148 1534 tum
166 1496 368 1548 prodidit,
395 1499 526 1534 animo
550 1495 778 1546 designave-

58 1556 112 1592 rit
137 1563 278 1606 poeta‚
306 1554 504 1592 affirmare
531 1555 619 1605 quis
651 1555 779 1591 ausit?

57 1614 143 1652 Nec
162 1621 291 1650 tamen
309 1613 366 1649 sic
385 1614 428 1650 in
441 1614 669 1664 Augustum
688 1625 779 1661 pec-

60 1679 183 1708 casset
194 1699 205 1717 ,
224 1683 316 1708 nam
329 1679 368 1708 et
379 1672 413 1708 is
425 1699 436 1718 ‚
449 1679 495 1708 ut
513 1671 635 1708 ceteri
648 1670 777 1707 homi-

59 1740 143 1777 nes,
155 1727 397 1779 proditionis
415 1729 592 1765 fructum
605 1728 775 1778 amplec-

61 1786 112 1832 ti,
129 1785 376 1835 proditorem
390 1785 603 1823 abhorrere
622 1785 774 1823 debuit.

120 1843 219 1887 614.
241 1842 431 1892 Suspensi
437 1857 550 1893 poen.
578 1857 612 1880 e.
643 1843 775 1881 schol.

61 1901 175 1938 statii
192 1927 203 1945 ‚
228 1901 247 1936 1
269 1899 396 1938 Theb.
418 1902 515 1944 431.
538 1900 613 1939 Sed
632 1901 674 1936 in
692 1909 778 1937 toto

60 1958 152 1995 loco
168 1960 354 1995 Tartarus
377 1958 541 1994 carceris
572 1958 778 1994 notionem

59 2014 181 2053 habet
233 2013 473 2062 adjunctam.
530 2014 783 2064 Espendunc

63 2074 137 2110 Vir
154 2072 296 2110 doctus
316 2073 357 2108 in
383 2073 551 2110 Miscell.
580 2072 696 2110 obss.
716 2085 778 2124 ap.

62 2132 277 2169 Burmann.
297 2128 371 2167 Sed
389 2139 493 2166 recte
510 2130 574 2167 hic
591 2131 772 2178 subjicit,

63 2197 297 2240 exspectat&t
317 2187 418 2224 hanc
442 2188 522 2224 vim
543 2188 688 2226 habere
702 2218 712 2236 ‚
735 2198 779 2226 ut

62 2259 129 2284 eos
166 2258 304 2297 poenas
343 2255 452 2283 certo
492 2245 653 2283 daturos
696 2260 779 2284 esse

62 2313 230 2343 constet.
252 2303 410 2341 Scilicet
429 2314 663 2354 exspectare
678 2304 720 2344 h.
747 2305 776 2343 l.

61 2371 120 2400 est
150 2370 348 2407 metuere,
383 2370 422 2398 et
449 2362 620 2413 vulgaris
650 2363 778 2400 oratio

61 2428 189 2458 esset:
218 2421 265 2457 iis
291 2418 357 2456 hic
382 2419 594 2469 aliquando
614 2420 778 2458 inclusis

60 2490 180 2528 poena
196 2477 458 2528 exspectanda
476 2486 546 2516 est.
561 2480 586 2516 J
589 2491 627 2516 0.
644 2477 777 2516 Schra-

62 2535 180 2573 derus
201 2536 247 2573 iu
282 2535 437 2573 schedis
466 2536 601 2574 locum
626 2535 779 2574 scabio-

63 2606 152 2631 sum
185 2606 268 2631 esse
295 2602 404 2631 ratus
435 2597 542 2632 varie
571 2594 778 2632 tentabat:

62 2652 167 2689 iuter
185 2659 315 2690 cetera
332 2665 343 2691 :
365 2653 599 2703 expendunt
613 2675 671 2681 —
688 2655 778 2689 Ρω-

67 2721 207 2746 narum
231 2723 322 2760 quoe
331 2709 473 2762 forma
494 2724 581 2748 reos
584 2711 777 2762 fortuna-

67 2778 110 2802 ve
128 2775 283 2807 merset.
309 2769 394 2806 Nec
413 2769 582 2808 Dorvill.
596 2791 654 2800 --
667 2769 693 2806 6
704 2776 750 2813 14
766 2796 776 2815 ,

845 571 942 610 615.
966 570 1108 609 Ornati
1127 581 1263 605 versus
1287 577 1361 616 pro
1380 564 1533 616 vulgari
1553 578 1562 602 ς

845 632 886 670 hi
914 628 1062 666 inclusi
1090 627 1208 665 variis
1234 623 1362 663 modis
1388 624 1563 675 puniun—

843 699 922 728 tur.
936 687 1031 726 Noli
1043 698 1233 737 quaerere,
1257 685 1564 734 Quampoenam

844 744 1149 797 exspectandam
1168 742 1363 787 habeant3
1386 750 1454 778 aut
1475 753 1565 791 qua’

844 817 974 858 poenae
995 802 1162 856 fhrma,
1179 800 1423 853 fortunave,
1454 797 1565 849 quod

845 864 1011 901 miseriae
1029 873 1174 911 genus,
1205 858 1318 895 viros
1336 855 1473 894 mersit
1497 856 1512 907 (
1527 869 1562 892 v.

844 934 932 971 sup.
955 933 994 957 v.
1023 919 1103 956 512
1118 916 1134 968 )
1148 946 1158 964 ‚
1180 917 1268 954 illos
1285 916 1436 966 excipit
1449 942 1460 960 ,
1483 926 1564 951 ma-

847 986 927 1016 net.
962 978 1142 1014 Ductum
1179 974 1256 1013 hoc
1293 985 1346 1012 ex
1379 973 1531 1023 vulgari
1553 998 1563 1014 ‚

848 1034 978 1088 mergi
1003 1032 1183 1071 miseriis.

907 1095 933 1131 6
943 1092 1005 1131 16.
1027 1095 1176 1129 Iterum
1190 1118 1201 1137 ‚
1216 1099 1402 1140 tanquam
1421 1097 1537 1140 poeta
1551 1118 1562 1135 ‚

847 1152 899 1189 ad
915 1160 1065 1189 veteres
1081 1149 1243 1202 mythos
1255 1147 1370 1186 redit.
1387 1148 1482 1187 Non
1498 1159 1565 1184 ne-

848 1223 953 1248 cesse
988 1218 1046 1247 est
1059 1238 1069 1256 ‚
1106 1218 1152 1247 ut
1184 1206 1317 1244 solum
1350 1205 1566 1257 Sisyphum

847 1277 886 1306 et
909 1269 1092 1305 Ixionem
1114 1266 1355 1316 respexerit3
1383 1266 1565 1302 Ixionem

847 1338 1006 1377 quoque
1034 1326 1115 1376 jam
1141 1338 1180 1363 v.
1206 1324 1285 1360 601
1321 1334 1563 1360 memorave-

847 1391 931 1429 rat;
967 1383 1144 1433 adeoque
1180 1381 1353 1432 enallage
1382 1381 1566 1425 numeri,

847 1453 962 1492 quam
982 1441 1164 1478 inferunt
1188 1440 1265 1476 viri
1291 1438 1424 1485 docti,
1459 1451 1564 1475 care-

846 1512 889 1536 re
931 1511 1153 1548 possumus.
1199 1495 1341 1534 Radiis
1387 1505 1563 1533 rotarum

845 1556 1013 1594 districti
1033 1556 1242 1607 pendent,
1277 1561 1439 1600 ornate3
1466 1562 1564 1591 rotae

844 1615 1002 1666 illigatis
1051 1612 1240 1652 membris
1288 1611 1529 1648 distineatur
1551 1639 1561 1656 ‚

846 1668 910 1710 ἐπὶ
942 1673 1084 1725 τροχοῦ
1114 1666 1434 1715 καταπίνονται,
1461 1670 1564 1720 peti-

844 1739 932 1768 tum
951 1743 971 1766 a
987 1730 1177 1766 tormenti
1193 1741 1356 1780 genere,
1379 1726 1490 1778 quod
1504 1728 1564 1777 ip-

843 1801 930 1826 sum
946 1800 1020 1838 pro
1031 1787 1228 1839 supplicio
1244 1785 1450 1822 interdum
1466 1785 1561 1828 fuit3

845 1846 895 1883 de
923 1858 1003 1894 quo
1039 1846 1199 1895 copiose
1235 1842 1384 1887 cerda,
1422 1843 1479 1880 sic
1506 1850 1562 1878 ta·

845 1915 936 1939 men
949 1930 960 1947 ‚
984 1910 1030 1938 ut
1049 1903 1165 1952 plura
1183 1913 1326 1953 genera
1346 1907 1563 1937 tormento-

845 1973 934 1996 rum
951 1958 1192 2005 confundat3
1210 1958 1288 1995 hoe
1304 1958 1424 2009 igitur
1443 1969 1564 2008 equu-

844 2017 894 2053 lei
908 2029 1032 2066 genus
1044 2016 1095 2053 ad
1107 2017 1260 2054 Ixionis
1271 2027 1431 2065 poenam
1444 2023 1566 2052 trans-

844 2074 968 2112 latum
988 2083 1059 2113 est,

905 2132 1150 2180 617-624,
1181 2130 1321 2168 Multis
1352 2128 1482 2167 modis
1511 2129 1564 2166 fa-

846 2189 939 2228 bula
970 2189 1018 2226 de
1046 2188 1199 2228 Theseo
1228 2189 1303 2225 fuit
1337 2195 1500 2225 tractata
1525 2196 1565 2224 et

846 2255 1008 2293 ornata;
1042 2246 1133 2284 vide
1164 2261 1203 2284 v.
1239 2258 1274 2284 c.
1310 2245 1428 2285 ovid.
1462 2246 1561 2284 Met.

844 2307 924 2343 VII
936 2333 948 2352 ,
967 2305 1048 2351 433
1066 2317 1148 2355 sq.;
1173 2316 1248 2343 nec
1263 2306 1434 2350 mirum'‚
1455 2303 1563 2341 foere

845 2364 949 2401 enim
966 2363 1100 2414 plures
1112 2391 1124 2409 ‚
1145 2365 1215 2414 qm·
1236 2376 1320 2400 non
1337 2362 1458 2401 modo
1475 2365 1563 2400 atti-

843 2430 1004 2472 gerant,
1032 2419 1102 2458 sed
1123 2430 1162 2458 et
1181 2421 1394 2460 Theseides
1422 2420 1562 2458 condi-

845 2478 996 2518 derant.
1017 2479 1166 2517 Actum
1196 2481 1313 2516 etiam
1343 2479 1393 2517 de
1422 2478 1564 2517 Thesei

846 2545 885 2574 et
904 2537 1072 2576 Pirithoi
1083 2536 1274 2575 descensu
1287 2539 1330 2574 in
1342 2536 1535 2587 Minyade
1552 2550 1561 2582 ;

847 2607 884 2632 v.
911 2597 1074 2634 Pausan.
1100 2598 1162 2642 X,
1198 2596 1250 2632 28
1267 2624 1278 2641 ‚
1312 2596 1407 2633 item
1427 2596 1469 2631 in
1488 2598 1561 2632 He-

833 2647 997 2692 'racleis.
1025 2655 1125 2693 Nam
1154 2653 1342 2691 Hercules
1371 2652 1562 2691 descensu

846 2709 895 2748 ad
914 2710 1131 2750 Cerberum
1150 2711 1428 2749 adducendum
1445 2712 1488 2747 in
1505 2711 1564 2746 in-

844 2768 946 2808 feros
966 2769 1070 2808 facto
1089 2769 1272 2808 liberavit
1287 2769 1496 2807 Theseum.
1522 2780 1560 2804 v.
