1767 3054
200 103 276 140 142

196 241 291 287 Sed
315 251 360 287 te
380 242 462 304 qui
483 243 645 289 vivum
671 260 824 301 casus,

820 99 1063 138 AENEIDOS

194 170 480 212 Instaurate!
507 167 587 230 pio
612 166 650 214 si
670 184 829 230 poenas
855 185 937 216 orc
960 186 1171 232 reposco,

849 261 957 306 age,
983 246 1081 290 fare
1106 244 1333 303 vicissim,

1632 180 1692 210 530

194 315 464 362 Adtulerint
486 335 495 361 ε
518 318 730 380 pelaginc
751 320 881 364 venis
906 319 1148 366 erroribus
1173 331 1325 376 actus,

195 393 270 436 An
291 392 473 438 monitu
495 393 686 438 divum?
708 410 764 438 an
791 410 894 454 quae
915 405 960 439 te
986 394 1173 440 fortuna
1197 396 1380 457 fatigat,

196 457 261 512 Ut
286 466 431 512 tristis
455 467 554 512 sine
579 467 675 512 sole
701 466 888 524 domos,
910 468 1013 513 loca
1038 467 1253 525 turbida,
1279 468 1465 515 adires?
1487 491 1505 509 »

195 543 297 586 Hac
320 541 422 585 xice
447 555 718 585 sermonum
740 541 886 586 roseis
912 544 1098 587 Aurora
1123 541 1362 604 quadrigis

1629 552 1688 582 535

198 617 301 659 Jam
327 614 536 660 medium
563 614 760 661 aetherio
790 631 932 662 cursu
957 616 1205 677 trajecerat
1229 632 1382 676 axem5

197 780 393 817 Servianis
431 782 618 819 nonnulli
657 782 794 833 legisse
831 795 912 819 me-

197 846 418 876 morantur.
447 838 639 875 Eoliades
670 840 806 890 fragm.
836 843 913 876 Va-

196 896 265 933 tic.
284 895 425 933 Elides
441 909 502 946 ap.
522 899 716 946 Pompon.
731 898 818 935 sab.
838 897 913 934 Sed

199 952 328 989 dictus
356 953 518 1003 Ulysses
549 954 751 999 AEolides,
782 963 912 1004 quate-

197 1024 274 1047 nus
293 1011 377 1057 ejus
407 1024 529 1061 genus
548 1024 568 1047 a
591 1012 797 1049 nonnullis
816 1026 835 1048 a
853 1013 911 1048 Si-

197 1067 328 1118 sypho
351 1067 540 1115 ductum,
573 1070 675 1106 AEoli
699 1071 748 1116 f.‚
781 1083 800 1106 a
831 1083 912 1120 quo

198 1125 375 1162 Anticlia
391 1134 514 1163 mater
531 1136 620 1163 ante
643 1130 802 1177 nuptias
822 1141 913 1164 cum

199 1186 336 1220 Laerta
358 1183 476 1220 factas
495 1197 680 1235 oppressa
695 1186 835 1223 fuerat.
857 1208 915 1214 -—

203 1242 299 1278 530.
339 1242 587 1288 Instaurate,
627 1243 765 1290 docte,
806 1245 916 1280 retri-

200 1299 313 1335 buite
327 1300 577 1349 ,rependite.
595 1301 669 1338 Pio
689 1314 767 1347 ore,
788 1303 821 1338 si
836 1314 917 1353 poe-

199 1369 268 1393 nas
285 1357 408 1403 justas
423 1366 531 1407 peto.

263 1415 341 1451 531
362 1436 420 1443 —
440 1416 537 1454 533.
580 1387 822 1455 Adumbrati
866 1431 917 1455 ex

201 1474 412 1510 Homerica
426 1475 579 1510 ratione
599 1475 742 1524 Odyss.
760 1480 804 1521 λ,
836 1477 915 1521 154
896 1485 919 1509 '⁷

201 1543 260 1580 sq.
276 1559 286 1576 ,
324 1530 397 1567 ubi
430 1531 614 1581 Ulyssem
645 1540 769 1568 mater
797 1534 916 1570 simili

201 1587 322 1624 modo
345 1588 577 1638 aHoquitur.
595 1591 697 1626 Mira
715 1599 848 1627 autem
862 1593 917 1628 vi-

201 1646 287 1683 deri
316 1655 447 1696 potest
476 1647 686 1696 appellatio
704 1661 714 1686 ;
735 1662 833 1685 num
854 1662 915 1685 er-

201 1717 293 1741 rore
312 1706 512 1741 maritimo
532 1704 579 1740 ad
597 1705 683 1741 loca
705 1706 830 1742 infera
850 1705 917 1742 de⁶

201 1763 304 1799 latus
323 1763 373 1798 sit
388 1762 405 1797 Ξ)
425 1761 501 1799 Sed
518 1762 772 1812 cogitandum
794 1772 851 1800 est
868 1763 916 1799 de

203 1819 313 1856 aditu
326 1846 337 1865 ‚
379 1818 506 1869 qualis
539 1822 673 1856 AEneae
711 1819 785 1856 fuit
799 1848 808 1865 ,
847 1834 918 1870 per

202 1881 429 1922 Avernum,
463 1885 675 1926 postquam
695 1876 743 1913 ad
773 1878 917 1915 Cuma-

203 1948 301 1973 num
314 1933 410 1970 litus
427 1934 642 1984 appulerat.
654 1957 713 1965 ——-
724 1936 819 1973 533.
838 1935 920 1971 Ad-

204 1992 352 2030 monitu
376 1999 466 2029 tert.
485 1993 673 2031 Rottend.
700 1996 754 2030 Te
771 1993 879 2030 abest
899 2006 918 2029 a

203 2051 310 2088 binis
333 2051 548 2088 Burmann.
578 2061 650 2088 aut
675 2065 765 2101 quoe
792 2061 829 2088 te
856 2065 917 2101 pr.

204 2108 349 2147 Hamb.
365 2137 376 2154 ,
410 2108 521 2156 quod
552 2109 646 2145 ferri
678 2118 821 2159 posset.
851 2113 918 2146 An

206 2167 300 2218 quia
321 2176 358 2203 te
377 2165 567 2203 nonnulli
585 2167 680 2203 libri
699 2169 847 2203 Donati
871 2167 919 2204 ad

205 2227 365 2262 Terent.
384 2225 495 2272 Qum,
512 2225 623 2275 quod
639 2237 774 2261 omnes
784 2227 920 2275 scripti

207 2290 245 2318 et
274 2282 368 2318 editi
386 2280 558 2328 habent,
590 2284 841 2319 Burmannus
867 2284 921 2320 ita

207 2339 400 2389 explicat,
420 2351 473 2374 an
481 2339 655 2390 fortuna
672 2340 791 2392 (casu
808 2349 920 2378 sexto

208 2395 391 2447 accipe),
419 2409 510 2445 quoe
530 2406 567 2432 te
573 2397 744 2448 fatigat.
763 2400 920 2434 Durum

208 2455 310 2500 hoc3
329 2453 397 2490 sed
416 2453 566 2490 dictum
588 2455 668 2491 fere
690 2455 737 2490 ad
755 2468 920 2504 graecam

209 2513 402 2549 rationem
426 2523 434 2548 :
455 2511 778 2562 quandoquidem
805 2513 920 2562 plena

210 2570 336 2607 forma
353 2577 413 2606 est
432 2580 441 2605 ε
461 2581 515 2604 an
533 2569 649 2605 'venis
653 2569 823 2619 fortuna
842 2569 922 2621 (fa-

209 2625 294 2678 to),
311 2640 400 2677 quae
404 2625 575 2678 fortuna
591 2636 629 2662 te
629 2627 799 2678 fatigat.
816 2628 922 2664 Grae-

211 2698 255 2722 ce
271 2685 370 2735 poni
387 2684 486 2721 solet
503 2683 683 2721 alterum
687 2687 814 2721 —An
833 2698 923 2734 quoe

210 2751 249 2781 te
264 2741 437 2794 fortuna
448 2740 609 2794 fatigat
626 2742 761 2793 paullo
785 2741 922 2778 durius

981 781 1133 819 dictum
1153 795 1227 832 pro
1247 794 1256 819 :
1288 779 1525 833 anfortuna
1555 783 1692 835 (sexto

981 838 1102 890 casu)
1124 839 1242 876 «venis
1256 867 1267 885 ‚
1294 853 1384 890 quoe
1402 849 1439 876 ce
1447 840 1626 892 fatigat,
1650 841 1691 879 h.

980 909 1072 932 casu
1086 896 1249 933 adverso
1260 925 1269 942 ‚
1292 898 1450 934 fortuna
1463 898 1604 935 infesta
1614 898 1694 936 huc

980 953 1188 991 adductus.
1218 955 1356 991 Minus
1389 954 1491 992 bene
1514 956 1611 993 olim
1633 969 1695 993 ac-

980 1024 1184 1061 ceperam,
1218 1025 1272 1048 an
1290 1010 1462 1063 fortuna
1488 1023 1569 1061 est,
1605 1027 1694 1064 quoe

982 1068 1197 1119 [efictigat.
1221 1069 1311 1106 Sene
1327 1069 1407 1106 sole
1426 1070 1584 1116 domos,
1609 1069 1695 1112 ἀνη-

980 1123 1016 1163 λί
1021 1139 1080 1170 ους
1112 1121 1160 1163 δέ
1140 1139 1208 1179 uc
1213 1139 1252 1170 υς
1279 1127 1344 1164 vel
1368 1140 1448 1179 μυχ
1451 1141 1511 1172 ους
1538 1131 1694 1180 Euripi-

981 1184 1040 1221 dis
1058 1184 1164 1234 apud
1181 1184 1311 1223 Guell.
1332 1193 1371 1222 et
1390 1186 1569 1225 Cerdam.
1587 1190 1695 1224 Loca

983 1242 1152 1280 turbida.
1186 1242 1452 1294 Cogitandum
1482 1253 1540 1282 est
1568 1244 1696 1283 Chaos

986 1300 1034 1337 ad
1052 1301 1140 1337 loca
1155 1300 1281 1337 infera
1297 1300 1438 1338 referri·
1450 1302 1611 1340 solitum
1631 1315 1641 1341 :
1659 1311 1697 1339 et

987 1372 1060 1395 aer
1079 1356 1252 1394 turbidus
1270 1371 1345 1408 pro
1363 1359 1550 1400 obscuro.

1046 1416 1286 1465 535—539.
1315 1418 1405 1454 Hac
1434 1417 1528 1455 vice
1556 1431 1697 1456 sermo-

983 1486 1075 1510 num
1107 1473 1288 1510 Guellius
1316 1473 1488 1512 illustrat
1513 1487 1584 1527 per
1616 1477 1696 1512 Ho-

982 1532 1174 1568 mericum
1209 1531 1296 1570 Νῶϊ
1328 1529 1394 1583 μὲν
1438 1530 1487 1575 ὣς
1527 1531 1698 1570 ἐπέεσσιν

985 1585 1240 1642 ἀμειὲόμεθα..
1281 1588 1369 1627 add.
1406 1590 1598 1640 ApoUon.
1633 1592 1697 1636 II,

986 1649 1067 1690 450
1089 1645 1138 1690 ὥς
1158 1644 1256 1700 τώγ’
1281 1644 1477 1687 ἀλλήλοισι
1494 1643 1699 1700 παραῧλῆ-

986 1700 1054 1744 δην
1079 1702 1281 1758 ἀγόρευον.
1301 1706 1362 1741 Ex
1383 1705 1509 1742 altero
1523 1718 1641 1742 versu
1658 1718 1699 1742 se

984 1774 1069 1798 non
1087 1761 1248 1812 expedit
1265 1763 1539 1806 Burmannus,
1567 1775 1699 1812 neque

985 1832 1057 1869 ego
1074 1832 1156 1865 me,
1185 1832 1314 1868 neque
1332 1819 1431 1855 alius
1445 1847 1455 1864 ,
1476 1832 1594 1868 quem
1613 1821 1699 1869 qui-

986 1875 1076 1913 dem
1105 1877 1249 1913 norim.
1284 1878 1345 1913 De
1370 1876 1502 1913 verbis
1533 1876 1700 1926 singulis

985 1942 1140 1970 tantum
1156 1933 1343 1972 monebo.
1369 1934 1473 1971 Axis
1494 1933 1604 1971 haud
1625 1933 1698 1970 du-

986 1992 1051 2028 bie
1070 1993 1197 2042 poetis
1216 2005 1290 2042 pro
1317 1991 1418 2028 coelo
1442 1993 1606 2030 omnino
1621 1990 1701 2028 dic-

988 2059 1070 2095 tus,
1089 2059 1133 2086 ut
1153 2058 1192 2086 et
1208 2049 1314 2088 alibi.
1337 2051 1453 2087 Facit·
1465 2057 1595 2086 autem
1618 2050 1699 2086 Au-

988 2120 1081 2144 rora
1116 2106 1313 2158 quadrigis
1352 2108 1433 2143 suis
1467 2107 1516 2144 ab
1548 2106 1700 2144 oriente

989 2174 1122 2202 evecta
1149 2164 1363 2202 decursum
1388 2178 1460 2215 per
1490 2164 1582 2202 coeli
1606 2175 1701 2200 con-

987 2236 1136 2259 vexum
1172 2236 1308 2260 versus
1345 2222 1593 2260 occidentem
1632 2232 1698 2256 eo—

988 2280 1079 2317 dem
1105 2280 1227 2317 modo
1249 2290 1365 2331 atque
1383 2281 1440 2326 is,
1472 2279 1542 2329 qui
1564 2276 1698 2313 subse-

989 2339 1124 2387 quitur
1152 2338 1283 2384 illam,
1318 2337 1397 2376 Sol.
1432 2338 1602 2374 Aurorae
1635 2333 1701 2371 de-

989 2408 1151 2432 cursum
1185 2396 1295 2432 hunc
1333 2402 1428 2444 puta
1463 2390 1551 2428 fieri
1596 2393 1700 2428 intra

988 2461 1144 2503 tempus
1156 2452 1322 2489 diluculi
1334 2459 1373 2487 et
1384 2451 1462 2487 orti
1474 2450 1587 2487 Solis.
1601 2451 1700 2488 Noc-

989 2519 1032 2547 tu
1049 2511 1154 2546 enim
1170 2509 1319 2546 factum
1334 2516 1416 2544 erat
1430 2520 1606 2554 sacrum3
1622 2508 1701 2544 iter

989 2575 1119 2604 autem
1150 2567 1314 2616 ingressi
1349 2573 1460 2602 erant
1490 2564 1539 2601 ad
1575 2564 1701 2602 infera

987 2624 1074 2660 loca
1105 2625 1184 2670 jam
1214 2623 1290 2660 sub
1319 2621 1487 2659 diluculi
1520 2631 1697 2672 tempuS‚

982 2681 1109 2732 primi
1130 2680 1197 2716 sub
1239 2680 1392 2717 lumina
1417 2679 1512 2717 solis
1535 2689 1574 2717 et
1596 2688 1702 2716 ortus

990 2753 1030 2777 v.
1060 2738 1155 2777 255.
1177 2738 1305 2790 Igitur
1327 2739 1485 2776 Aurora
1509 2739 1589 2786 jam
1613 2735 1704 2774 coeli
