1767 3054
706 139 860 178 LIBER
890 139 1005 176 VIII.
1523 146 1602 183 ‘⁸2¹5'

115 214 236 261 Hinc
256 212 455 260 Rutulus
479 209 674 273 premit,
697 221 744 256 et
768 226 956 256 murum
980 210 1295 260 circumsonat
1320 215 1474 261 armis.

112 290 206 337 Sed
226 288 313 336 tibi
335 302 422 350 ego
447 285 647 349 ingentis
672 286 874 348 populos
899 287 1218 349 opulentaque
1243 289 1398 350 regnis

106 366 134 409 J
138 373 312 424 ungere
333 372 484 407 castra
510 375 650 422 paro3
673 377 814 422 quam
837 361 933 407 fors
959 361 1153 423 inopina
1177 362 1375 408 salutem

106 439 324 483 Ostentat
349 455 358 482 :
386 436 492 483 fatis
518 435 612 482 huc
640 447 683 482 te
713 436 1017 499 poscentibus
1043 436 1214 484 adfers.

106 510 246 558 Haud
271 512 438 574 procul
463 512 575 557 hinc
600 528 713 558 saxo
739 513 963 558 incolitur
987 512 1181 558 fundata
1204 523 1394 560 vetusto

106 585 252 634 Urbis
275 587 505 649 Agyll‘mae
528 587 685 644 sedes,
714 587 795 634 ubi
819 587 969 649 Lydia
992 587 1233 648 quondam

106 664 256 717 Gens,
281 659 405 706 bello
432 661 681 723 praeclara,
700 661 825 723 jugis
846 660 1018 708 insedit
1042 661 1267 707 Etruscis.
1546 673 1606 706 ,βο

106 739 241 783 Hanc
265 735 436 782 multos
457 735 705 781 florentem
729 751 875 782 annos
899 753 986 781 rex
1010 735 1180 782 deinde
1201 734 1410 798 superbo

107 810 338 872 Imperio,
362 821 408 855 et
432 809 566 856 saevis
593 810 743 856 tenuit
766 811 1029 856 Mezentius
1055 810 1211 857 armis.

108 884 237 942 Quid
261 899 519 931 memorem
537 885 750 932 infandas
775 885 955 932 caedesi’
978 884 1095 947 quid
1120 885 1243 932 facta
1267 885 1456 948 tyranni

109 957 296 1004 Effera?
320 956 368 1004 di
391 959 535 1021 capiti
560 959 706 1021 ipsius
729 960 984 1022 generique
1010 963 1268 1006 reservent!

108 1033 303 1078 Mortua
325 1033 440 1095 quin
464 1033 605 1079 etiam
624 1032 855 1096 jungebat
876 1049 1080 1095 corpora
1102 1033 1246 1089 vivis,

108 1108 389 1169 Conponens
412 1108 725 1171 manibusque
751 1125 937 1166 manus,
962 1119 1102 1170 atque
1128 1106 1292 1153 oribus
1316 1122 1423 1162 ora,

108 1181 352 1227 Tormenti
375 1183 543 1243 genus!
572 1192 618 1228 et
640 1182 769 1228 sanie
793 1181 1002 1244 taboque
1026 1180 1214 1227 fluentis

107 1333 286 1383 piebam,
314 1344 360 1373 ut
380 1337 429 1374 ad
446 1337 595 1375 bellum
614 1339 743 1388 ipsum
760 1351 820 1374 re-

106 1391 281 1438 ferrem,
328 1403 507 1445 essetque
541 1395 638 1433 adeo
675 1408 821 1432 nomen

105 1448 204 1487 &elli
230 1459 387 1488 cantum
417 1452 481 1489 vel
513 1453 614 1489 fama
646 1452 694 1489 de
725 1452 821 1489 belli

106 1507 399 1558 magnitudine,
418 1509 481 1546 vel
503 1511 587 1560 ipsa
604 1510 700 1547 belli
717 1523 820 1560 mag-

106 1564 262 1602 nitudo.
285 1566 442 1602 Nomen
460 1579 534 1617 pro
547 1569 630 1617 ipsa
647 1580 688 1603 re
700 1594 710 1612 ,
729 1568 820 1603 satis

105 1620 304 1671 frequens.
322 1644 381 1651 —-
403 1631 499 1670 474.
530 1624 691 1661 Bellum
719 1637 752 1661 c.
776 1637 816 1661 a.

106 1678 282 1718 Parrhas.
312 1679 579 1718 circumtonat
620 1680 765 1719 Medic.
799 1694 822 1718 a

106 1748 159 1773 m.
187 1749 286 1783 sec„
323 1751 374 1775 ex
408 1739 685 1776 emendatione
719 1752 820 1789 prae-

106 1792 228 1840 clara,
252 1807 373 1845 quam
393 1808 415 1832 a
436 1805 564 1846 poetae
587 1809 710 1833 mauu
725 1809 818 1846 pro-

104 1849 246 1886 fectam
266 1851 408 1897 velim;
437 1855 596 1902 gravius
619 1854 725 1889 enim
749 1866 818 1890 vo·

107 1907 295 1944 cabulum
324 1908 401 1945 hoc
431 1917 510 1954 est,
543 1918 581 1945 et
613 1918 818 1958 poetarum

107 1977 183 2001 usu
207 1964 500 2014 frequentatum
522 1977 531 2003 :
560 1967 615 2002 sic
633 1966 705 2003 inf.
736 1969 819 2013 lx,

109 2033 216 2070 709;
237 2024 336 2068 XII,
364 2035 459 2069 700.
478 2023 559 2060 Nec
582 2025 704 2059 miror
730 2025 820 2061 Wa-

106 2077 253 2116 kefield
305 2077 513 2116 refluxisse
571 2080 767 2129 vulgatam
808 2092 818 2118 :

106 2149 226 2186 quam
250 2145 378 2174 tamen
402 2150 538 2174 omues
567 2136 682 2175 codd.
711 2146 820 2175 tuen-

108 2202 188 2232 tur.
220 2197 296 2233 Pro
319 2195 442 2231 armis
471 2197 639 2232 Roman.
672 2208 814 2242 arans,

109 2251 175 2288 alii
197 2251 317 2302 apud.
344 2254 443 2290 Pier.
477 2264 617 2289 arcens
629 2266 645 2297 ;
667 2252 817 2302 aliquot

109 2310 283 2354 Arruns,
319 2311 419 2348 mira
459 2317 499 2346 et
541 2310 635 2347 felix
677 2309 816 2361 depra-

109 2368 237 2405 vatio!

169 2424 266 2472 475.
290 2425 569 2476 opulentaque
587 2423 720 2476 regnis
735 2437 819 2462 cas-

86 2491 173 2520 ⁰tra
193 2496 208 2519 .·
235 2483 395 2522 volebat
427 2483 557 2522 dicere
577 2511 588 2529 ‚
627 2483 819 2533 opulenta

112 2552 237 2592 regna
263 2540 373 2593 (pro
405 2555 528 2594 regno
563 2539 818 2591 opulento),

111 2599 287 2651 apposite
323 2599 371 2637 ad
415 2599 595 2652 ingentes
634 2598 817 2649 populos.

112 2655 317 2694 Promtum
354 2666 438 2695 erat
476 2658 554 2695 hoc
587 2666 739 2694 mutare
776 2657 819 2692 in

114 2720 243 2749 castra
284 2715 559 2765 opulentorum
605 2727 817 2766 regnorum

116 2768 178 2806 vel
193 2771 384 2820 opulentis
398 2773 530 2825 regnis
541 2787 557 2819 ;
576 2772 670 2811 hinc
683 2772 818 2823 exqui-

887 1338 1000 1374 sitior
1013 1335 1139 1375 forma
1158 1333 1343 1372 suborta:
1358 1341 1490 1370 castra
1511 1345 1603 1382 opu-

887 1395 1000 1432 lenta
1045 1392 1201 1444 regnis,
1255 1400 1302 1429 ut
1339 1391 1413 1428 alia
1462 1391 1603 1427 similia

886 1453 1042 1503 passim.
1072 1452 1159 1489 Nisi
1187 1450 1263 1486 hoc
1286 1462 1338 1485 ex
1360 1461 1437 1485 usu
1467 1456 1602 1498 poeta-

886 1522 977 1546 rum
989 1517 1213 1546 teneremus
1223 1535 1233 1551 ‚
1255 1506 1393 1543 liceret
1407 1513 1576 1543 statuere
1590 1517 1600 1542 :

879 1579 986 1616 paro
1012 1565 1182 1616 jungere
1214 1572 1349 1600 castra
1381 1561 1537 1614 regnis,
1558 1561 1599 1599 h.

887 1637 921 1661 e.
945 1623 1043 1669 tibi,
1067 1623 1235 1672 imperio
1258 1629 1343 1658 tuo.
1367 1622 1473 1670 Opes
1497 1627 1602 1657 vete-

886 1694 979 1718 rum
995 1682 1258 1717 Etruscorum
1278 1679 1370 1715 satis
1386 1686 1504 1715 notae.
1519 1676 1601 1714 vid.

887 1739 975 1776 Liv.
997 1739 1051 1784 V,
1074 1738 1140 1774 33.

947 1795 1043 1843 478.
1063 1793 1209 1844 Agylla
1225 1820 1235 1838 ,
1262 1805 1293 1830 s.
1319 1792 1448 1836 Caere,
1474 1792 1600 1840 prima

886 1852 1030 1902 opibus
1051 1852 1156 1887 iuter
1177 1851 1364 1886 Etruscos
1380 1847 1541 1892 floruit,
1563 1857 1603 1884 et

885 1917 1048 1959 propter
1064 1907 1257 1944 maritima
1276 1906 1510 1942 commercia
1522 1918 1602 1943 om-

886 1967 1000 2002 nium
1022 1966 1149 2015 prima
1170 1964 1318 2000 Graecis
1337 1963 1526 2000 innotuit.
1543 1984 1600 1991 ·-

887 2024 999 2058 Saxo
1030 2029 1189 2058 vetusto
1203 2035 1220 2064 ;
1256 2021 1422 2069 antiquo
1451 2031 1570 2070 opem
1589 2048 1600 2066 ‚

886 2088 929 2115 ut
947 2079 1049 2116 bene
1069 2081 1178 2115 Serv,
1199 2077 1249 2115 cf.
1274 2078 1348 2123 111,
1369 2077 1599 2128 84.—-479,

889 2136 985 2180 480.
1018 2133 1092 2172 Ubi
1111 2136 1292 2185 proxime
1319 2134 1367 2171 ad
1387 2134 1573 2185 Agyllam
1588 2163 1598 2180 ‚

886 2207 955 2230 seu
975 2194 1082 2231 Caere
1103 2200 1273 2242 spectat,
1297 2204 1371 2228 nec
1391 2199 1523 2228 tamen
1542 2205 1602 2229 re·

881 2251 1030 2301 liquam
1044 2250 1243 2287 Etruriam
1258 2247 1450 2286 excludit.
1469 2250 1506 2286 A
1522 2251 1599 2300 Ly-

883 2308 942 2345 dis
955 2309 1128 2352 Etrusci,
1150 2319 1219 2344 seu
1234 2306 1435 2357 Tyrrheni
1449 2305 1599 2344 ducun-

884 2375 951 2403 tur
979 2374 1128 2417 poetae3
1160 2377 1212 2402 ex
1234 2363 1388 2415 vulgari
1418 2372 1598 2402 veterum

885 2425 1075 2474 opinione
1090 2450 1101 2469 ,
1121 2422 1215 2459 falsa
1237 2429 1368 2458 tamen
1391 2429 1430 2458 et
1452 2434 1503 2458 ex
1523 2435 1596 2459 no-

885 2482 1002 2518 minis
1024 2479 1285 2517 similitudine
1304 2478 1596 2524 ducta—482.

883 2539 1085 2584 Mezentii,
1101 2538 1201 2588 regis
1214 2537 1512 2575 Caeretanorum
1520 2565 1530 2582 ,
1540 2550 1597 2574 su-

878 2596 1023 2647 perbo,
1049 2594 1220 2641 crudeli,
1251 2596 1421 2645 imperio
1447 2595 1596 2632 infame

884 2666 1030 2692 nomen
1043 2666 1094 2691 ex
1110 2654 1281 2703 antiquis
1295 2652 1468 2690 historiis
1480 2660 1596 2703 poeta

885 2712 1062 2749 adscivit.
1082 2733 1141 2742 --
1159 2711 1254 2756 484.
1285 2706 1350 2746 D?
1368 2709 1504 2760 capiti.
1527 2709 1596 2748 Uti

885 2772 948 2817 ΙΙ,
976 2782 1078 2820 ¹903
1102 2771 1185 2816 VI,
1207 2769 1310 2818 529,
1331 2768 1426 2806 530.
