1767 3054
747 188 901 225 LIBER
934 187 986 224 V.
1572 204 1618 237 1«)

116 263 257 310 Radit
277 264 366 310 iter
384 261 554 308 laevum
578 257 800 315 interior,
826 257 1081 320 subitoque
1102 258 1311 320 priorem
1563 284 1619 312 17..

117 340 350 395 Praeterit,
375 347 421 384 et
444 335 580 383 metis
605 346 730 382 tenet
753 350 946 396 aequora
969 344 1070 380 tuta
1088 334 1278 381 relictis.

115 417 234 460 Tum
252 429 368 459 vero
394 411 568 458 exarsit
582 410 747 473 juveni
767 409 905 455 dolor
930 409 1117 456 ossibus
1142 409 1327 472 ingens,

112 492 211 537 Nec
235 488 440 536 lacrimis
462 503 660 534 caruere
685 503 838 549 genae3
862 501 1149 549 segnemque
1174 489 1438 543 Menoeten,

113 563 302 611 Oblitus
323 563 602 626 decorisque
624 563 697 609 sui
717 564 995 624 sociumque
1021 561 1207 618 salutis,

111 641 166 686 In
186 655 314 685 mare
340 639 631 702 praecipitem
650 638 800 700 puppi
821 636 1044 684 deturbat
1068 636 1126 683 ab
1149 636 1256 682 alta.
1561 647 1618 686 175

112 718 218 778 Ipse
237 715 525 778 gubernaclo
547 724 705 760 rector
725 712 875 772 subit,
903 712 1003 774 ipse
1026 712 1272 773 magister,

111 793 437 853 Hortaturque
461 791 613 846 viros,
639 790 920 851 clavumque
941 787 1001 833 ad
1024 787 1164 832 litora
1189 797 1393 848 torquet.

110 870 174 913 At
198 867 377 929 gravis,
404 878 454 913 ut
476 865 625 912 fundo
646 865 727 911 vix
749 864 938 911 tandem
959 862 1174 910 redditus
1199 862 1294 908 imo
1315 871 1410 919 est,

111 947 215 990 Jam
235 943 414 999 senior,
438 941 725 1004 madidaque
745 941 894 987 fluens
915 941 963 987 in
982 949 1114 986 veste
1134 974 1146 997 ,
1168 941 1420 996 Menoetes,

112 1022 303 1065 Summa
328 1018 447 1082 petit
474 1018 680 1081 scopuli,
704 1017 923 1079 siccaque
947 1016 997 1061 in
1020 1031 1140 1077 rupe
1165 1013 1353 1060 resedit.
1562 1028 1617 1055 ¹⁸0

110 1092 246 1138 Illum
270 1103 317 1138 et
338 1091 572 1137 labentem
591 1090 764 1136 Teucri
785 1101 831 1135 et
851 1089 998 1135 risere
1019 1098 1256 1134 natantem
1271 1122 1282 1143 ‚

112 1168 169 1212 Et
195 1166 337 1213 salsos
361 1165 516 1211 rident
536 1175 856 1211 revomentem
883 1173 1076 1226 pectore
1102 1162 1286 1208 fluctus.

109 1352 175 1376 sus
208 1337 419 1388 scopulum
456 1345 603 1374 tenere.
637 1357 695 1364 —-
733 1349 826 1383 170.

111 1395 231 1435 Radit
249 1395 326 1432 iter
349 1394 479 1447 (radit
495 1407 602 1431 mare
622 1395 740 1431 remis
752 1423 762 1441 ,
783 1403 828 1431 ut

109 1454 203 1492 alibi
221 1454 235 1505 )
257 1455 395 1492 Iaevum
407 1482 418 1499 ‚
454 1466 474 1490 a
491 1452 588 1490 laeva
611 1461 723 1503 parte
737 1480 747 1498 ,
774 1452 828 1488 in-

108 1511 251 1558 terior,
284 1524 419 1549 versus
439 1511 675 1562 scopulum,
704 1512 756 1547 ita
782 1519 828 1547 nt

108 1570 300 1610 Chimaera
315 1599 325 1616 ,
360 1582 440 1620 qna
469 1570 577 1620 Gyas
597 1569 801 1606 invehitur
815 1597 825 1615 ,

105 1637 204 1667 esset
227 1629 421 1675 exterior,
446 1640 583 1665 versus
604 1629 825 1678 patentiora

104 1687 192 1726 loca
215 1688 346 1725 maris.
367 1687 490 1725 Petita
507 1687 640 1724 omnia
667 1699 687 1722 a
715 1687 825 1723 circo

105 1755 144 1783 et
160 1758 279 1783 cursu
299 1747 479 1783 circensi.
497 1745 548 1783 cf.
571 1743 697 1782 cerda
715 1753 755 1781 et
773 1745 823 1782 al.

105 1804 284 1841 Priorem
309 1805 440 1855 Gyam
453 1831 464 1850 ,
483 1804 555 1854 qni
573 1802 694 1840 modo
713 1803 825 1853 prior

107 1862 233 1899 fuerat
247 1889 258 1907 ‚
279 1869 317 1898 et
334 1862 447 1899 metis
462 1860 629 1906 relictis,
650 1869 751 1898 meta
763 1875 824 1898 su·

106 1928 238 1969 perata
266 1918 341 1970 (de
359 1919 399 1957 h.
429 1932 530 1956 vers.
562 1918 653 1956 vide
685 1921 821 1956 Burm.

105 1977 153 2014 ad
190 1977 261 2014 lib.
293 1979 416 2022 VIII,
455 1975 590 2026 216),
617 1990 716 2027 quas
750 1978 825 2013 cir-

106 2043 336 2073 cumvectus
366 2043 472 2081 erat,
496 2043 607 2072 tenet
633 2048 820 2084 oequora.

104 2106 210 2131 mare
232 2093 404 2131 liberum
429 2106 513 2143 quo
529 2093 608 2140 jam
625 2105 784 2129 cursum
802 2106 822 2129 a

104 2160 204 2189 meta
218 2164 354 2189 versus
369 2151 463 2189 litus
481 2159 659 2201 repetere
676 2160 820 2201 posset.

104 2213 151 2248 In
189 2217 269 2248 tota
302 2209 378 2248 hac
420 2211 693 2259 increpatione
730 2217 821 2246 ante

103 2268 242 2306 oculos
264 2268 437 2307 Menelai
464 2268 690 2318 objurgatio
714 2267 820 2318 apud

104 2328 266 2365 Homer.
290 2326 317 2366 l.
337 2339 373 2366 c.
395 2325 506 2364 Iliad.
532 2323 582 2377 ψ,
606 2333 688 2371 420
709 2339 822 2376 sqq.;

104 2398 220 2438 quem
250 2394 380 2424 totum
406 2385 543 2422 locum
569 2397 662 2422 cnm
692 2385 823 2422 navali

102 2443 180 2482 hoc
198 2445 412 2482 certamine
436 2452 667 2494 comparent
691 2443 822 2480 litera-

104 2515 193 2540 rum
211 2501 392 2541 studiosi.
410 2524 469 2531 -—
486 2501 700 2552 Subitoque
717 2501 824 2538 vide-

104 2568 169 2598 tm·
185 2573 208 2598 a
228 2562 362 2598 Bunn.
392 2568 598 2610 receptum
613 2588 623 2605 ,
656 2569 701 2597 ut
728 2573 821 2597 sane

103 2620 446 2670 praestantissimns
469 2619 637 2670 quisque
657 2618 821 2656 exhibet

104 2678 265 2723 Heius„
302 2685 343 2715 et
372 2678 474 2716 Pier.
506 2676 605 2714 adde
637 2677 746 2715 Cort.
771 2676 819 2713 ad

105 2734 206 2774 Ptin.
237 2737 310 2782 IV,
340 2737 414 2786 Ep.
445 2736 509 2774 15.
537 2737 666 2786 Magis
690 2744 820 2773 tamen

105 2793 305 2842 poeticum
321 2793 560 2845 subitusque.

169 2864 324 2899 172—-
345 2853 437 2892 182.
477 2853 594 2892 Conf.
628 2852 741 2891 Iliad.
770 2848 814 2903 ψ,

898 1335 981 1373 385
1008 1348 1116 1385 seqq.
1147 1333 1309 1371 Dec-oris
1334 1333 1406 1371 sui.
1428 1336 1612 1372 Servius:

896 1392 1146 1431 inhonestum
1165 1392 1273 1429 enim
1297 1402 1357 1430 est
1375 1392 1497 1429 irasci
1508 1422 1517 1435 ‚
1546 1393 1616 1429 αἰι-

895 1451 933 1489 ci
956 1450 1177 1502 proesertim
1191 1465 1207 1496 ;
1243 1459 1282 1488 et
1312 1450 1453 1488 salutis
1490 1451 1616 1488 socio-

894 1524 980 1547 rum
1004 1523 1056 1548 sc.
1082 1517 1220 1560 erepto
1249 1508 1518 1561 gubernatore
1545 1523 1613 1546 na-

893 1570 965 1606 vis.
1002 1569 1074 1605 Ad
1103 1567 1246 1613 litora,
1293 1567 1342 1605 ad
1377 1568 1612 1618 scopulum,

892 1629 963 1677 qui
986 1640 1059 1678 pro
1079 1635 1181 1663 meta
1207 1635 1303 1664 erat.
1321 1648 1379 1655 —-
1402 1627 1495 1674 178.
1516 1627 1615 1663 Gra-

891 1685 968 1730 vis,
998 1694 1180 1737 gravatus
1208 1684 1386 1735 adeoque
1412 1684 1545 1722 tardus
1564 1684 1615 1721 ad

891 1743 1128 1791 natandum,
1166 1744 1310 1793 partim
1346 1745 1482 1789 senio,
1528 1756 1616 1793 par-

891 1803 962 1839 tim
988 1815 1112 1852 aqua,
1149 1814 1270 1851 quain
1301 1803 1419 1839 vestis
1445 1801 1613 1839 imbibe-

893 1869 950 1898 rat
973 1861 1134 1913 (fluens
1157 1859 1199 1896 in
1219 1869 1334 1897 veste
1356 1861 1519 1911 antique
1540 1874 1614 1910 pro

891 1918 1019 1956 ssuens
1046 1927 1177 1962 veste,
1201 1926 1240 1955 et
1269 1917 1346 1955 hoc
1375 1931 1474 1968 pro,
1507 1927 1614 1954 veste

891 1976 1041 2013 ssnente
1064 1989 1162 2026 aqna
1177 2004 1187 2021 ‚
1218 1974 1280 2012 vel
1307 1988 1406 2025 aqua
1426 1976 1576 2012 fluente
1593 1989 1614 2012 e

891 2042 999 2071 veste
1029 2032 1069 2081 )‚
1110 2033 1188 2070 viz·
1231 2033 1395 2070 tandem
1435 2032 1613 2070 redditus

893 2101 972 2135 esc,
1012 2090 1229 2128 difficulter
1261 2091 1450 2141 emergit3
1486 2090 1613 2128 salsos

891 2159 1157 2186 revomentem
1185 2150 1340 2203 fluctus
1370 2149 1502 2187 verbis
1531 2151 1612 2186 Ho-

890 2208 1044 2244 mericis
1083 2207 1227 2259 Odyss.
1271 2220 1312 2252 ε,
1361 2209 1442 2245 322
1459 2236 1469 2254 ,
1514 2208 1610 2246 323.

889 2267 1047 2303 ——181.
1077 2266 1211 2304 Risere
1227 2274 1463 2304 vomentem
1499 2266 1614 2304 male-

890 2325 958 2361 bat
980 2325 1166 2370 Vossius;
1192 2324 1302 2375 quod
1327 2337 1409 2362 non
1432 2325 1613 2376 intelligo

890 2396 1080 2432 quorsum
1104 2382 1252 2420 factum
1281 2383 1466 2421 voluerit.
1501 2383 1612 2420 Rise-

890 2455 932 2478 re
963 2449 1001 2478 et
1025 2440 1157 2478 rident
1168 2469 1179 2486 ,
1216 2450 1262 2478 ut
1291 2443 1406 2478 toties
1440 2443 1613 2492 praeteri-

891 2507 976 2537 tum
1008 2500 1227 2550 perfectum
1247 2508 1287 2537 et
1313 2512 1485 2550 praesens
1515 2507 1611 2536 tem-

887 2570 962 2607 pns
978 2559 1116 2606 juncta
1133 2557 1264 2595 videas
1281 2571 1290 2596 :
1320 2557 1389 2595 sed
1408 2559 1609 2609 ingratum

886 2614 927 2653 h.
966 2616 993 2654 l.
1030 2617 1072 2653 in
1112 2615 1246 2654 eadem
1276 2629 1386 2654 voce.
1417 2617 1508 2654 Fuit
1538 2617 1607 2666 qni

887 2675 1119 2722 conjiceret,
1149 2684 1188 2712 et
1204 2674 1361 2713 videre.
1388 2673 1492 2712 Mihi
1515 2687 1610 2724 pro-

887 2732 1018 2770 babile
1035 2732 1082 2770 fit
1100 2746 1258 2771 versum
1276 2732 1443 2770 alterum
1462 2733 1517 2769 Ec
1533 2732 1609 2768 sal-

886 2803 948 2828 sos
977 2804 1061 2829 non
1096 2791 1197 2830 bene
1222 2791 1407 2830 relictum
1435 2791 1550 2828 fnisse
1587 2803 1606 2824 ει

885 2851 1031 2888 Tucca.
