1767 3054
421 67 694 106 ExCURSL's
718 63 737 99 1
770 63 845 100 AD
877 65 1079 102 LIBRI'M
1116 67 1202 103 vll.
1479 71 1561 108 385

67 141 168 181 lucis
194 142 408 181 abundasse
433 141 634 179 Lancisius
655 137 793 175 docuit
823 138 864 174 in
886 139 987 175 Diss.
1007 138 1055 175 de
1077 140 1180 177 Villa
1202 141 1374 180 Pliniana
1392 145 1432 182 in
1452 148 1557 197 Opp.

69 211 111 247 P.
132 211 171 246 11
185 239 195 257 ‚
214 224 253 261 p.
279 222 355 247 122
369 237 379 255 ‚
398 208 468 246 ubi
484 209 527 243 iu
543 206 784 257 aggestiones
801 205 926 242 litoris
937 207 1128 244 Ostiensis
1145 206 1281 254 factas,
1295 210 1380 248 solo
1396 214 1437 248 iu
1455 226 1559 251 mare

66 276 114 314 ad
135 279 194 316 111
213 278 389 316 milliaria
406 274 604 326 producto
617 301 627 319 ,
648 282 736 324 post
755 273 850 310 alios
867 274 972 310 viros
996 273 1133 312 doctos
1157 276 1335 326 inquirit.

123 346 249 397 Igitur
263 357 284 381 a
300 344 396 381 laeva
410 370 421 388 ,
438 355 508 380 seu
527 341 706 378 orientali
724 340 877 378 Tiberis
892 341 1008 378 litore
1022 342 1097 378 late
1108 370 1119 390 ,
1135 356 1184 380 ex
1196 352 1323 393 poetae
1341 359 1424 384 non
1436 349 1555 386 modo

66 419 220 459 mente,
240 409 308 448 sed
334 418 372 447 et
395 423 445 447 ex
469 420 563 446 vera
585 409 765 446 locorum
795 407 953 454 indole,
971 411 1099 459 patuit
1128 410 1244 457 silva,
1265 420 1302 449 et
1329 426 1372 449 ea
1394 415 1555 463 quidem

65 477 195 514 adhuc
225 476 433 516 Commodi
463 485 638 526 tempore
663 475 785 512 lauris
812 474 995 524 frequens
1009 504 1019 521 ‚
1037 484 1082 512 ut
1099 490 1149 513 ex
1170 478 1396 517 Herodiano
1414 482 1558 518 intelli-

62 544 170 596 gitur
187 543 258 581 lib.
286 545 305 580 1
321 572 331 590 ‚
357 544 422 582 36.
457 543 663 582 'l‘enebant
684 542 767 579 haec
789 541 875 578 loca
907 542 1145 593 Aborigines
1174 558 1264 596 rege
1293 546 1458 592 Latino,
1483 550 1560 599 ipsi

63 612 283 648 Laurentes
303 610 421 649 dicti:
442 611 512 648 lib.
533 611 590 647 VI
603 639 614 656 ,
640 610 721 659 892
738 637 748 655 ,
774 611 985 645 Laurentes
995 611 1167 660 populos
1186 612 1398 664 nubemque
1411 615 1556 654 Latini.

61 677 170 716 Idem
200 693 347 717 nomen
375 679 505 726 urbis,
530 681 751 716 Laurentes
777 677 839 714 vel
875 679 1137 724 Laurentum,
1170 679 1218 716 ab
1245 681 1428 729 inventa,
1459 683 1553 722 dum

58 748 331 795 condebatur,
349 749 486 794 lanro;
512 756 557 784 ut
582 749 659 784 VII
674 775 685 793 ,
707 745 894 796 59—62
920 753 1102 783 narratur
1122 758 1131 784 :
1153 746 1194 783 id
1217 749 1324 798 quod
1344 760 1470 800 poetae
1491 766 1551 791 re-

57 815 320 865 linquendum
335 829 345 862 ;
361 823 580 866 potuerunt
599 816 704 851 enim
727 815 843 851 etiam
863 814 947 851 aliae
969 815 1144 852 nominis
1162 828 1242 853 esse
1259 829 1405 855 caussae
1422 831 1431 856 ε
1453 819 1554 858 forte

57 885 142 934 ipse
165 884 367 922 lautorum
390 897 461 934 per
485 882 569 920 haec
595 883 682 920 loca
706 882 809 921 latus
829 891 1060 933 proventu-«3.
1084 884 1191 935 Ager
1210 893 1339 922 autem
1359 899 1485 937 usque
1504 889 1554 926 ad

58 963 164 988 mare
180 963 224 987 ac
243 951 419 988 Tiberim
437 959 573 1000 patens
587 952 764 987 Laurens
782 948 846 986 vel
866 948 1130 987 Laurentinus
1150 951 1224 987 fuit
1239 950 1379 990 dictus.
1397 955 1552 992 Nomen

58 1028 189 1057 tamen
206 1017 409 1055 interdum
427 1019 543 1055 Maro
558 1046 568 1064 ,
589 1026 633 1054 ut
655 1026 770 1068 poeta
784 1046 795 1064 ‚
821 1017 938 1054 latius
956 1017 1003 1054 ad
1026 1026 1153 1055 totum
1177 1020 1329 1056 Latium
1351 1020 1550 1070 traduxit3

55 1093 103 1122 ut
118 1098 245 1136 quum
267 1085 338 1123 lib.
360 1086 461 1131 vn,
487 1085 570 1121 650
595 1087 766 1121 Turnum
787 1087 1024 1122 Laurentem
1049 1085 1240 1135 appellat,
1258 1095 1297 1122 et
1314 1089 1550 1125 Laurentem

57 1153 253 1191 Maricam
276 1153 346 1191 lib.
368 1155 446 1190 VII
460 1181 470 1198 ‚
497 1160 564 1200 47.
590 1154 650 1190 Ex
669 1166 749 1202 quo
765 1152 926 1202 quidem
945 1154 1034 1190 loco
1058 1154 1157 1190 male
1176 1154 1362 1191 nonnulli
1379 1157 1550 1195 Lauren-

56 1229 114 1258 tes
136 1233 262 1271 usque
290 1219 337 1257 ad
362 1221 485 1258 Lirim
504 1219 698 1256 habitasse
719 1219 974 1271 collegerunt.
1002 1221 1084 1258 Nec
1110 1219 1210 1257 illud
1234 1220 1393 1259 turbare
1411 1235 1550 1272 quem-

57 1301 175 1339 quam
188 1286 305 1324 debet
318 1315 328 1333 ,
348 1286 457 1337 qnod
473 1294 512 1322 et
530 1287 655 1322 Latini
673 1286 812 1323 urbem
835 1289 1068 1324 Laurentem
1089 1300 1219 1324 arcem
1231 1316 1242 1332 ‚
1266 1297 1379 1337 poeta
1393 1316 1403 1333 ,
1430 1291 1523 1326 VIII
1536 1318 1547 1335 ,

61 1368 76 1392 1
92 1383 102 1401 ,
116 1364 182 1393 aut
195 1356 412 1391 Laurentes
428 1366 560 1389 muros
575 1352 644 1391 lib.
658 1354 696 1389 X
707 1380 717 1398 ‚
734 1354 784 1399 67
798 1366 813 1389 1
832 1381 842 1399 ,
861 1362 898 1390 et
915 1353 1019 1390 idem
1033 1354 1250 1390 Laurentia
1262 1363 1394 1391 castra
1410 1355 1480 1392 lib.
1493 1359 1547 1403 X,

53 1423 138 1460 635
150 1449 162 1468 ‚
183 1434 326 1459 novam
346 1421 504 1467 Trojam
526 1418 708 1470 appellat.
731 1422 778 1455 In
791 1419 1056 1469 epithetorum
1073 1423 1313 1458 ornamentis
1330 1422 1436 1459 nulla
1453 1424 1548 1461 sub-

53 1491 171 1528 tilitas
189 1503 209 1527 a
226 1491 353 1540 poetis
371 1496 409 1525 et
426 1487 563 1539 religio
585 1496 849 1538 exspectatur.

110 1559 252 1594 AEneas
270 1568 291 1592 e
306 1555 398 1592 loco
410 1581 421 1600 ,
440 1552 487 1590 ad
509 1566 626 1603 quem
645 1552 808 1603 appulsa
827 1552 946 1589 classe
964 1553 1097 1602 copias
1111 1551 1304 1590 eduxerat
1316 1581 1326 1600 ‚
1345 1555 1467 1594 altero
1484 1557 1547 1597 die

50 1624 176 1660 missis
202 1622 274 1672 qui
296 1622 422 1658 vicina
445 1620 724 1669 explorarent,
745 1628 918 1657 oratores
946 1621 1188 1656 Laurentum
1218 1619 1265 1656 ad
1288 1633 1418 1672 regem
1441 1626 1543 1662 Lati-

49 1703 148 1728 num
161 1690 277 1742 legat.
287 1689 443 1726 Interea
455 1696 584 1724 castra
597 1687 726 1723 munit
737 1689 817 1723 VH
827 1715 836 1733 ‚
860 1700 876 1723 1
886 1688 953 1734 57,
975 1700 989 1722 1
1001 1687 1052 1735 59
1066 1715 1076 1732 ,
1095 1688 1166 1736 qui
1184 1687 1295 1725 loeus
1304 1689 1398 1727 inde
1415 1692 1543 1741 Trojoe

49 1769 197 1793 nomen
213 1755 400 1793 obtinuit.
413 1755 472 1791 Eo
492 1753 661 1789 allusum
676 1752 747 1789 lib.
766 1755 805 1789 X
819 1781 829 1798 ‚
851 1753 903 1789 26
925 1752 1045 1788 murts
1067 1752 1205 1789 iterum
1228 1753 1410 1792 imminet
1423 1755 1544 1795 hostis

50 1820 263 1860 Nascentis
288 1818 428 1868 Trojae.
456 1818 506 1855 cf.
529 1831 567 1856 v.
592 1825 642 1865 74
658 1845 669 1863 ,
697 1819 763 1865 75.
782 1821 830 1855 In
854 1819 983 1865 Trojae
1002 1818 1144 1865 hujus,
1165 1821 1370 1866 Laurenti,
1390 1824 1542 1860 Lavinii

47 1900 87 1928 et
108 1888 276 1927 Lanuvii
292 1886 523 1923 nominibus
536 1884 648 1922 valde
661 1885 822 1922 turbant
840 1895 906 1922 aut
925 1895 1125 1937 nugantur
1144 1887 1418 1935 Grammatici,
1439 1892 1539 1928 anti-

48 1957 208 2008 quiores
226 1962 264 1990 et
287 1953 452 1990 seriores
472 1951 649 1989 historici
662 1978 672 1997 ,
696 1959 741 1987 ut
756 1953 913 1989 Servius
933 1954 1086 2001 passim.
1113 1956 1170 1990 Ita
1194 1955 1348 1992 Charax
1367 1956 1538 1994 Ardeam

49 2024 266 2076 appellarat
283 2018 417 2075 Tpoim
436 2034 498 2071 ap.
518 2019 702 2069 Stephan.
721 2020 816 2070 Byz.
837 2020 879 2055 in
896 2008 1039 2072 Ᾰρὸεοι.
1053 2022 1131 2057 Dio
1151 2034 1201 2057 ex
1220 2024 1359 2060 Tzetza
1380 2037 1538 2076 excerp-

46 2100 112 2130 tus
133 2106 173 2143 p.
209 2104 256 2128 21
274 2118 285 2136 ,
310 2096 360 2134 42
393 2086 605 2141 Λαύρεντον
629 2084 671 2124 τὸ
697 2082 764 2123 καὶ
783 2083 921 2139 Τροίαν
952 2085 1173 2142 λεγόμενεν.
1201 2091 1374 2141 Appian.
1393 2093 1437 2129 in
1459 2095 1536 2130 Ex-

46 2167 185 2210 cerpto
205 2171 256 2195 ex
271 2156 414 2196 Photio
432 2154 528 2194 cod.
553 2156 602 2202 57
624 2153 714 2191 litus
733 2155 973 2192 Laurentum
993 2165 1031 2193 et
1047 2168 1156 2193 oram
1176 2158 1419 2196 maritimam
1446 2163 1481 2198 T
1478 2174 1537 2197 ro·

41 2226 130 2278 jam
154 2226 299 2263 dictam
318 2236 521 2275 perperam
543 2229 686 2259 narrat.
707 2222 805 2259 Satis
826 2231 883 2259 est
904 2223 1023 2260 semel
1051 2223 1099 2262 de
1126 2224 1203 2261 hoc
1228 2227 1423 2265 monitum
1442 2241 1536 2267 esse.
1575 2243 1578 2246 ·

46 2305 86 2331 v.
103 2294 210 2344 inpr.
230 2291 370 2341 Vulpii
389 2292 480 2328 Vet.
498 2291 579 2326 Lat.
599 2297 694 2326 tom.
710 2290 765 2324 VI
780 2316 789 2332 ‚
809 2301 846 2338 p.
876 2302 888 2325 x
901 2291 921 2327 3
943 2303 1049 2340 seqq.
1071 2291 1146 2330 Sed
1167 2300 1206 2329 et
1225 2301 1374 2331 veteres
1393 2296 1535 2345 passim

46 2361 257 2412 scriptores
269 2389 280 2406 ,
297 2368 342 2397 ut
358 2357 499 2397 Strabo
517 2359 568 2403 V,
591 2369 630 2407 p.
654 2357 736 2393 350
760 2357 791 2393 B
811 2355 876 2406 (p.
901 2370 981 2407 ²29
995 2357 1011 2409 )
1025 2386 1036 2404 ,
1057 2360 1249 2407 Trojanos
1267 2373 1440 2411 egressos
1458 2372 1533 2400 sta-

48 2426 119 2464 tim
136 2428 344 2465 Lavinium
363 2423 586 2462 condidisse
604 2424 728 2461 aiunt.
751 2424 907 2461 Nomen
929 2426 1058 2473 Trojae
1080 2439 1129 2462 ex
1156 2428 1267 2464 Livio
1291 2428 1370 2476 jam
1393 2438 1533 2467 notum

46 2504 128 2531 ease
144 2501 274 2545 potest
287 2520 297 2539 ,
316 2492 389 2529 lib.
410 2492 448 2537 Ι,
479 2503 494 2526 1
521 2489 571 2526 ab
597 2488 736 2526 Sicilia
754 2489 882 2526 classe
908 2492 1142 2529 Laurentem
1167 2505 1308 2544 agrum
1329 2495 1499 2534 tenuisse
1519 2510 1532 2532 .-

51 2559 181 2612 Trojoe
195 2569 235 2598 et
245 2560 336 2598 lzuic
350 2561 435 2597 Ioco
453 2572 597 2596 nomen
618 2566 688 2595 est.
713 2556 776 2594 lbi
789 2558 938 2608 egressi
953 2559 1181 2610 ijani.Et
1199 2563 1358 2600 Servius
1373 2563 1422 2601 ad
1431 2566 1511 2601 VII
1523 2592 1534 2610 ‚

52 2625 130 2662 158
151 2627 207 2664 Et
219 2626 442 2672 sciendum,
466 2625 663 2663 civitatem
684 2624 849 2674 (parum
874 2626 1033 2676 proprie
1050 2626 1247 2679 dictum),
1265 2643 1385 2680 quam
1402 2630 1532 2681 primo

36 2689 146 2742 secie
162 2694 315 2733 AEneas
334 2694 492 2746 Trojam
509 2693 656 2732 dictam
677 2692 889 2730 secundum
914 2694 1105 2733 Catonem
1126 2703 1166 2734 et
1181 2696 1344 2734 Livium.
1364 2699 1422 2735 lta
1441 2711 1534 2748 quo-

246 2773 332 2817 111.
1317 2779 1339 2818 13
1351 2778 1375 2822 3
