1767 3054
170 182 251 220 320

799 184 1042 223 AENEIDOS

232 256 295 298 At
312 255 471 300 Venus
498 253 626 300 haud
648 253 805 300 animo
827 254 1150 315 nequidquam
1175 250 1402 298 exterrita
1420 259 1593 308 mater,
1608 259 1668 303 370

165 329 552 391 Laurentumque
576 329 713 375 minis
739 340 785 374 et
810 329 932 374 duro
954 338 1083 372 mota
1111 327 1316 372 tumultu
1326 361 1339 384 ,

164 401 428 448 Volcanum
454 403 752 464 adloquitur,
779 401 1082 462 thalamoque
1106 403 1208 448 haec
1232 399 1446 464 conjugis
1471 414 1617 446 aureo

164 475 361 538 Incipit,
388 488 432 522 et
457 478 592 523 dictis
618 476 833 522 divinum
858 476 1069 537 adspirat
1093 492 1304 523 amorem
1328 495 1338 522 :

165 572 183 591 «
204 553 332 596 Dum
357 551 481 597 bello
505 551 715 613 Argolici
737 549 988 596 vastabant
1011 554 1237 612 Pergama
1257 568 1392 614 reges

162 625 362 682 Debita,
389 642 672 688 casurasque
698 625 899 671 inimicis
925 624 1114 686 ignibus
1141 641 1294 683 arces,

1606 633 1666 677 375

164 703 272 745 Non
296 700 445 746 ullum
470 702 698 746 auxilium
723 701 905 747 miseris
921 734 932 755 ,
955 717 1052 745 non
1077 716 1208 746 arma
1231 701 1399 762 rogavi

165 774 294 820 Artis
320 775 521 838 opisque
547 787 661 832 tuae3
687 792 774 820 nec
797 787 866 832 te,
891 775 1129 820 carissime
1155 775 1353 837 conjux,

104 874 112 883 ·
163 853 465 898 Incassumve
492 863 595 898 tuos
620 850 752 896 volui
776 865 998 896 exercere
1022 848 1232 908 labores,

161 1032 253 1069 totis
294 1032 360 1070 ubi
395 1036 565 1071 Somnus
603 1034 768 1072 inertior
803 1034 880 1072 alis

162 1091 315 1143 Deflm'c
355 1092 395 1128 in
438 1102 564 1129 [cvras
581 1121 591 1140 ,
648 1103 878 1144 mutumque

163 1149 418 1198 amplectitur
436 1151 582 1189 orbem.

222 1208 304 1253 370
320 1222 406 1258 sqq.
434 1210 517 1258 Qui
536 1210 717 1259 sequitur
735 1209 849 1247 locus
863 1238 873 1256 ,

161 1277 251 1302 meo
277 1266 454 1313 judicio,
489 1268 582 1303 artis
611 1268 732 1317 magis
756 1280 876 1316 quam

159 1323 311 1373 ingenii
357 1323 516 1361 laudem
561 1324 695 1362 habet.
748 1327 875 1363 Nimis

160 1381 363 1419 manifesta
390 1383 622 1419 imitationis
651 1385 875 1420 Homericae

160 1447 254 1475 sunt
284 1441 469 1490 vestigia,
502 1440 698 1489 simulque
728 1441 874 1488 jejunae

160 1497 285 1544 copiae
299 1524 308 1541 ‚
332 1511 421 1546 quae
439 1498 519 1534 fere
542 1499 772 1535 imitationis
789 1507 871 1535 stu-

158 1550 270 1588 dium
293 1555 462 1603 prodere
481 1555 593 1591 solet.
625 1555 802 1592 Thetidis
825 1556 872 1592 ad

156 1609 389 1647 Vulcanum
418 1625 614 1658 accessus,
649 1621 694 1648 ut
724 1612 872 1649 Achilli

157 1679 263 1703 arma
283 1677 434 1718 peteret
454 1670 569 1707 Iliad.
585 1683 627 1714 σ,
649 1669 777 1706 multo
795 1682 872 1706 ma-

152 1725 281 1771 J‘orem
307 1727 425 1763 habet
453 1729 683 1764 suavitatem
708 1740 758 1763 ex
780 1729 871 1764 sim-

154 1783 329 1831 plicitate
359 1786 498 1834 priscae
523 1786 614 1821 vitae
645 1785 703 1821 ibi
731 1784 868 1821 adum-

154 1840 287 1886 brata3
309 1840 429 1878 habet
447 1843 564 1878 etiam
583 1855 756 1879 caussam
772 1843 869 1880 mul-

152 1907 194 1935 to
215 1900 335 1949 magis
351 1900 549 1946 idoneam;
568 1902 748 1937 amiserat
763 1901 869 1937 enim

152 1955 330 1994 Achilles
350 1970 454 1994 arma
474 1959 658 1995 Patroclo
680 1957 865 1995 detracta.

152 2015 314 2052 Utinam
332 2015 574 2065 praecederet
595 2016 730 2052 saltem
752 2016 865 2053 locus

151 2073 328 2122 egregius
347 2073 404 2109 lib
424 2075 504 2110 XII
519 2102 528 2119 ,
557 2074 606 2120 87
626 2087 711 2123 sqq.
733 2073 781 2109 de
804 2074 865 2108 in-

151 2130 330 2180 signibus
351 2131 465 2166 armis
485 2132 615 2168 Turni
633 2142 642 2167 :
663 2130 724 2166 his
744 2138 790 2166 ut
810 2130 865 2166 di-

150 2188 243 2223 vina
273 2200 378 2224 arma
412 2196 726 2237 opponerentur,
761 2196 863 2233 erat,

151 2243 260 2293 quod
282 2246 548 2295 exspectabas
581 2247 701 2284 Nunc
728 2247 865 2281 Venus

151 2301 230 2337 adit
246 2304 450 2349 maritum,
476 2316 647 2352 eumque
666 2302 863 2339 illecebris

150 2360 230 2394 suis
251 2359 462 2396 delinitum
479 2373 690 2410 amoreque
707 2359 864 2396 devinc-

152 2422 237 2450 tum
268 2416 318 2451 ad
346 2418 550 2467 amplexus
583 2430 676 2453 suos
706 2418 860 2455 invitat.

151 2473 199 2507 In
219 2473 365 2521 quibus
381 2477 554 2523 primum
572 2474 794 2511 redhibitus
806 2483 863 2511 est

149 2528 260 2565 locus
297 2533 641 2578 praestantissimus
674 2531 785 2569 Iliad.
818 2529 856 2578 ξ,

153 2592 236 2635 294
262 2599 346 2635 sqq.
363 2615 373 2632 ,
395 2588 467 2623 ubi
495 2591 605 2625 Juno
637 2591 780 2627 Jovem
809 2591 860 2626 si-

150 2644 235 2680 mili
264 2643 384 2680 modo
408 2646 692 2693 circumvenit3
716 2646 784 2684 sed
811 2660 859 2684 eo

152 2701 318 2738 consilio
333 2729 343 2748 ,
384 2710 429 2738 ut
468 2702 547 2738 alto
588 2716 679 2739 eum
718 2717 861 2754 sopore

151 2763 412 2812 opprimeret,
429 2770 475 2798 ut
486 2761 579 2798 inde
599 2775 742 2812 pugnae
759 2765 863 2801 inter

155 2819 331 2858 Achivos
350 2828 388 2858 et
407 2820 600 2868 Trojanos
623 2819 782 2857 fortuna
803 2822 862 2858 vi-

948 1050 1011 1074 ces
1047 1036 1226 1086 aceipere
1267 1043 1413 1086 posset.
1453 1035 1530 1073 Hic
1567 1048 1663 1073 vero

946 1095 1148 1131 Vulcanus
1166 1108 1202 1132 v.
1224 1094 1305 1138 405
1318 1122 1328 1140 ,
1349 1093 1430 1138 406
1444 1092 1660 1140 obdormit,

944 1161 989 1188 ut
1019 1165 1116 1189 mox
1147 1160 1235 1188 ante
1266 1152 1372 1188 diem
1402 1151 1452 1188 ad
1481 1150 1660 1189 laborem

944 1210 1116 1260 evigilet.
1142 1209 1252 1246 Idem
1270 1223 1291 1246 a
1308 1211 1465 1246 Venere
1485 1208 1534 1245 ad
1555 1221 1658 1246 som-

943 1281 1042 1304 num
1069 1268 1274 1314 invitatur,
1308 1280 1435 1317 quum
1459 1267 1542 1314 jam
1569 1279 1659 1317 pre-

944 1326 1058 1362 cibus
1082 1325 1240 1362 facilem
1260 1338 1300 1362 se
1328 1332 1366 1361 et
1390 1332 1572 1375 paratum
1594 1336 1657 1361 os-

943 1383 1142 1421 tendisset.
1165 1383 1271 1420 Illud
1289 1395 1385 1420 vero
1404 1382 1531 1419 nolim
1548 1394 1660 1433 urge-

942 1455 1007 1487 re,
1039 1441 1148 1492 quod.
1171 1454 1245 1491 pro
1276 1439 1361 1477 filio
1393 1453 1444 1476 ex
1467 1439 1543 1477 alio
1569 1440 1658 1476 viro

941 1507 1126 1549 suscepto
1156 1500 1346 1536 maritum
1372 1506 1498 1548 rogat.
1526 1497 1660 1547 Friget

941 1565 1072 1593 tamen
1088 1557 1216 1594 multo
1233 1558 1355 1607 magis
1375 1556 1547 1593 aliorum
1565 1556 1655 1591 imi-

939 1615 1048 1659 tatio,
1070 1623 1115 1650 ut
1131 1617 1227 1651 Stat.
1249 1613 1376 1651 Theb.
1396 1615 1457 1649 III
1472 1641 1483 1659 ,
1507 1613 1655 1650 262-

941 1671 962 1707 3
976 1684 988 1707 ι
1001 1684 1038 1717 7,
1055 1671 1127 1707 ubi
1139 1673 1278 1707 Venus
1294 1671 1416 1707 Marti
1438 1671 1650 1721 supplicat.

999 1730 1095 1775 373.
1119 1727 1250 1764 Dictis
1271 1727 1444 1765 divinum
1473 1728 1656 1778 adspirat

937 1799 1116 1822 amorem
1131 1800 1147 1830 ;
1184 1785 1295 1822 addit
1330 1783 1396 1826 τὴν
1436 1783 1548 1838 χάριν
1562 1814 1572 1832 ,
1607 1787 1650 1824 τὸ

936 1842 1178 1896 θελκτήριον,
1214 1851 1261 1879 ut
1290 1842 1504 1881 delinirent
1531 1844 1653 1881 verba

934 1901 1175 1938 Vulcanum.
1195 1899 1315 1951 Quod
1330 1901 1514 1938 Lucretio
1531 1909 1590 1938 est
1605 1902 1652 1939 in

934 1959 1056 1995 simili
1071 1958 1163 1995 loco
1182 1958 1434 1994 dulcissimo:
1456 1966 1497 1994 tu
1513 1971 1651 1996 suaves

933 2029 987 2052 ex·
1004 2029 1071 2052 ore
1088 2016 1270 2066 loquelas
1286 2015 1447 2059 Funde,
1468 2015 1495 2052 l.
1515 2017 1535 2052 Ι
1547 2043 1557 2062 ,
1578 2022 1646 2060 4ο.

932 2075 1209 2110 Burmannum
1242 2073 1313 2109 vix
1346 2073 1553 2122 quisquam
1583 2073 1649 2111 hic

932 2131 1089 2180 probet,
1107 2130 1203 2166 dum
1218 2130 1385 2179 exponit
1403 2141 1414 2167 ε
1435 2147 1455 2161 κ
1473 2131 1583 2180 quasi
1604 2132 1648 2168 in

931 2190 1019 2238 ipso
1045 2187 1234 2237 amplexu
1253 2199 1427 2224 amorem
1457 2188 1587 2224 anima
1609 2197 1649 2226 et

931 2247 1074 2295 spiritu
1091 2257 1165 2281 suo
1181 2244 1425 2282 infunderet.
1444 2262 1534 2276 ›2—
1547 2245 1644 2292 374.

931 2305 957 2341 J
959 2316 996 2341 0.
1035 2301 1238 2341 Schrader.
1272 2301 1442 2339 malebat
1478 2315 1643 2352 quassa-

930 2360 1058 2397 bant:
1082 2359 1191 2410 quod
1218 2372 1310 2397 sane
1337 2359 1457 2409 magis
1483 2361 1644 2410 proprie

930 2417 1145 2455 diceretur.
1162 2439 1221 2446 --
1240 2419 1288 2464 37
1299 2418 1336 2454 5.
1368 2414 1515 2452 Debita
1535 2429 1549 2452 .·
1568 2430 1641 2467 po-

930 2484 1005 2513 test
1022 2488 1073 2512 ex
1092 2488 1199 2525 seqq.
1218 2473 1390 2511 inimicis
1405 2471 1560 2523 ignibus
1580 2474 1643 2511 ad.

926 2534 1069 2583 jungi:
1098 2532 1219 2581 idque
1250 2531 1405 2567 melius,
1442 2532 1600 2569 Servius
1629 2545 1640 2570 ε

928 2590 1096 2627 fataliter
1133 2588 1182 2625 ad
1220 2588 1387 2624 exitium
1433 2585 1639 2627 destinata.

928 2650 987 2684 Ita
1005 2658 1096 2683 vero
1113 2645 1277 2696 adjungi
1303 2644 1384 2680 fere
1405 2644 1556 2694 aliquid
1576 2658 1641 2685 so-

927 2705 982 2741 let
1001 2715 1010 2741 :
1026 2701 1127 2753 fatis
1150 2700 1250 2738 mihi
1264 2700 1398 2738 debita
1417 2702 1533 2739 tellus
1547 2706 1638 2742 AEn.

929 2762 1010 2798 VH
1022 2788 1032 2807 ‚
1071 2771 1174 2805 1203
1207 2758 1352 2810 generi
1383 2758 1517 2797 debita
1548 2761 1635 2805 III,

935 2833 950 2857 1
962 2821 1012 2865 84
1029 2833 1039 2867 3
1072 2830 1153 2855 sors
1187 2815 1263 2854 ista
1292 2824 1462 2855 senecta:
1492 2816 1639 2858 Debita
