1767 3054
695 146 850 185 mma
879 144 974 183 vn.
1510 149 1586 195 ,ῆς

89 224 376 286 Linquentes
401 234 542 266 cursu
561 218 754 282 rapid03
781 218 862 265 dat
883 217 1107 266 euntibus
1131 220 1293 282 ingens

90 299 220 347 Silva
244 298 422 354 locum,
443 307 491 342 et
514 310 687 359 magno
708 294 882 342 cedunt
906 295 1112 358 virgulta
1138 296 1339 359 fragore.

152 376 252 420 Nec
272 371 570 418 Praenestinae
595 371 818 418 fundator
842 370 993 417 defuit
1019 370 1173 429 urbis,

87 446 296 493 Volcano
320 446 531 508 genitum
553 462 729 508 pecora
752 447 876 492 inter
900 445 1102 509 agrestia
1126 461 1282 508 regem

84 524 434 584 Inventumque
459 520 574 567 focis
600 521 751 566 omnis
775 537 918 582 quem
940 520 1141 567 credidit
1165 531 1300 577 aetas,
1527 531 1590 561 68·

85 596 300 644 Caeculus
324 615 334 642 :
360 596 489 643 hunc
511 597 635 659 legio
656 597 748 642 late
772 596 1027 643 comitatur
1047 596 1265 658 agrestis;

87 671 279 733 Quique
299 671 446 717 altum
471 675 705 718 Praeneste
729 671 845 728 viri,
868 671 1046 734 quique
1071 686 1185 716 arva
1211 668 1409 718 Gabinae

83 747 305 803 lunonis,
331 745 633 809 gelidumque
657 747 910 805 Anienem,
937 757 984 792 et
1005 745 1192 792 roscida
1216 744 1332 790 rivis

84 819 292 866 Hernica
314 836 427 868 saxa
452 820 637 880 colunt;
663 837 804 884 quos,
831 821 963 868 dives
986 820 1224 883 Anagnia,
1249 819 1423 882 pasci53

83 999 247 1029 notante
269 993 294 1031 J
300 992 382 1030 ulio
408 992 576 1040 Sabino,
593 994 665 1044 qui
688 993 804 1032 docet

85 1049 181 1087 alios
201 1049 330 1101 legere
360 1051 488 1088 Oloen
513 1064 588 1101 pro
607 1051 802 1090 Pholoen.

81 1107 158 1144 Sed
186 1108 219 1143 is
249 1107 433 1145 Arcadiae
453 1121 568 1145 mons
600 1118 671 1146 est.
702 1111 804 1147 Mox

84 1165 128 1202 in
156 1155 276 1217 ὀθξυς
311 1165 377 1202 alii
403 1177 588 1202 errores:
620 1167 803 1214 Otyrum-

84 1235 185 1272 que,
228 1221 505 1273 Othirumque,
549 1225 585 1259 T
573 1223 799 1274 ynimque,

85 1279 356 1331 D'otlzumqne.
375 1283 430 1318 At
448 1279 596 1318 Medic.
618 1280 803 1317 Othrum-

85 1351 163 1387 que
180 1366 193 1382 ,
234 1346 274 1374 et
316 1337 423 1389 vulg.
463 1346 552 1374 ante
594 1339 803 1375 Heinsium

88 1394 335 1446 Othrynque.
377 1395 554 1433 Tandem
601 1395 804 1433 nivantem

85 1453 247 1491 Vratisl.
268 1474 325 1481 —
344 1453 443 1501 677.
469 1453 626 1490 Cedunt
647 1453 804 1506 virgul-

85 1519 153 1555 ta,
191 1523 244 1548 sc.
275 1511 650 1562 perrumpentibus;
682 1520 728 1548 ut
755 1511 804 1548 de

84 1580 182 1618 apro
201 1567 424 1619 Calydonio
448 1568 567 1607 ovid.
592 1570 693 1606 VIII
716 1570 803 1607 Me-

87 1634 180 1663 tam.
205 1627 286 1670 340
309 1625 510 1663 Sternitur
541 1626 712 1676 impulsu
734 1640 803 1664 ne-

87 1696 194 1729 mus,
226 1693 266 1721 et
283 1683 477 1734 propulsa
484 1682 697 1735 fragorem
719 1685 806 1721 Dae

86 1738 733 1816 nilva.[110mericumuo'z7.÷2722-n
759 1737 803 1779 δὲ

87 1793 307 1836 msa-1³⁰⁷?
336 1798 395 1836 ε’σε
401 1796 476 1836 {ez-0
505 1797 575 1840 ὕλῃ
592 1799 733 1850 (Iliad.
759 1796 805 1845 ξ,

90 1854 204 1905 285),
224 1855 332 1906 qnod
355 1864 445 1905 post
461 1856 558 1893 alios
578 1855 703 1894 cerda
721 1857 805 1893 lau-

87 1912 172 1959 dat,
188 1912 254 1949 dix
261 1925 385 1949 ersam
398 1914 455 1949 rei
470 1914 641 1962 speciem
656 1912 805 1963 haben]

89 1973 193 2008 Tum
214 1969 394 2021 virgulta
409 1982 484 2019 pro
499 1969 629 2016 silvis,
647 1979 691 2007 ut
712 1970 807 2007 alibi

87 2041 127 2066 τ,
159 2040 194 2064 c.
221 2028 368 2079 Georg.
399 2028 462 2074 11,
496 2027 600 2073 308,
635 2029 808 2064 Lucretii

92 2085 289 2136 exemplo.

149 2144 231 2190 658
257 2155 344 2193 sqq.
362 2144 422 2180 De
452 2144 646 2180 Praeneste
673 2140 808 2197 sabula

88 2199 304 2238 domestica
317 2207 496 2237 veterum
515 2201 746 2237 Latinorum
760 2200 809 2237 as-

89 2256 217 2296 sei-tur
228 2287 238 2306 ‚
259 2258 308 2296 de
324 2257 531 2296 conditore
547 2258 657 2295 urbis
674 2258 808 2296 Caecn-

87 2314 151 2363 lo,
185 2329 311 2367 quum
342 2315 471 2353 infans
506 2324 624 2361 esset,
650 2316 692 2352 in
716 2316 807 2353 foco

88 2382 267 2425 reperto,
292 2382 331 2412 et
353 2388 427 2425 pro
443 2373 616 2410 Vulcani
636 2371 722 2410 filio
740 2374 808 2411 ha-

91 2430 192 2470 bito.
224 2431 275 2470 cf.
295 2435 405 2471 Serv.
428 2440 466 2468 et
488 2431 612 2469 Solin.
641 2444 725 2482 cap.
757 2445 779 2469 2
796 2460 807 2478 ,

92 2487 144 2527 ad
177 2502 349 2540 eumque
385 2489 547 2528 Salmas.
580 2503 620 2540 p.
659 2489 726 2534 46.
749 2512 809 2518 -

91 2548 242 2585 Versus
264 2549 364 2598 679,
392 2548 477 2585 680
504 2548 677 2598 suspecti
696 2556 810 2585 erant

92 2605 235 2644 Jacob.
266 2607 442 2656 Bryant,
466 2618 541 2642 nec
567 2606 735 2654 injuri23
753 2614 811 2643 est

94 2663 202 2700 enim
216 2664 352 2714 paullo
368 2662 576 2714 abruptior
588 2665 715 2701 oratio
728 2677 749 2699 v
754 2677 810 2701 er·

95 2732 213 2757 suum
233 2720 381 2759 horum
399 2721 655 2773 interpositu,
675 2730 713 2759 et
731 2721 811 2758 lan-

96 2786 221 2828 guent
261 2778 330 2816 ina
365 2778 495 2816 omnis
527 2791 643 2832 quem
684 2779 810 2817 ενεάι-

870 995 931 1032 die
942 1004 1114 1032 aetas.-
1129 992 1316 1031 Genitum
1327 992 1434 1029 inter
1437 1004 1589 1042 pecora

868 1053 1036 1103 jungere
1058 1051 1113 1088 fas
1136 1060 1217 1097 est,
1239 1064 1348 1097 non,
1375 1063 1508 1101 regem
1530 1050 1591 1087 in-

872 1119 933 1146 ter
949 1123 1114 1159 pecora.
1134 1131 1193 1137 —
1217 1108 1315 1146 682.
1339 1108 1478 1145 Altum
1501 1121 1521 1145 a
1541 1109 1591 1144 si-

873 1175 936 1211 tu,
955 1180 993 1204 τ’.
1017 1166 1158 1204 Strabo
1177 1168 1230 1212 V,
1246 1178 1334 1217 pag.
1358 1165 1437 1202 365
1460 1167 1511 1203 A.
1533 1187 1591 1194 —-

872 1224 972 1269 682,
996 1224 1094 1262 683.
1116 1224 1287 1260 Gabinae
1305 1222 1490 1260 lunonis.
1518 1225 1592 1262 Pe-

870 1281 1071 1332 lasgorum
1084 1281 1223 1331 religio
1242 1282 1285 1317 in
1300 1282 1455 1317 Latium
1472 1279 1591 1326 illata,

871 1338 981 1376 unde
996 1341 1105 1375 Juno
1122 1337 1346 1382 Lammina,
1371 1346 1409 1374 et
1425 1337 1492 1374 hic
1514 1337 1592 1374 Ga·

870 1395 982 1434 bina.
1018 1397 1194 1447 Repetiit
1223 1408 1308 1433 eam
1344 1393 1439 1431 hinc
1473 1395 1591 1433 Silius

870 1453 943 1493 lib.
965 1455 1046 1491 XII
1065 1482 1076 1499 ,
1098 1455 1175 1500 537
1199 1451 1367 1490 lunonis
1382 1460 1489 1490 tecta
1508 1453 1591 1489 Ga-

872 1511 989 1549 binae.
1007 1511 1118 1548 Alias
1129 1524 1214 1549 non
1226 1512 1302 1548 nisi
1318 1512 1362 1547 in
1378 1509 1483 1546 binis
1495 1522 1593 1547 mar-

871 1569 1052 1607 moribus
1074 1583 1118 1606 ea
1148 1570 1327 1607 occurrit
1355 1567 1462 1619 apud
1491 1567 1593 1605 Vul-

870 1628 984 1678 pium
1000 1628 1044 1664 in
1066 1629 1177 1665 Latio
1204 1627 1374 1678 profano
1403 1635 1430 1662 t.
1451 1627 1532 1671 lx,
1548 1638 1590 1676 p.

874 1693 971 1732 254.
992 1707 1050 1713 —-
1071 1685 1170 1730 684.
1189 1685 1272 1735 Qui
1289 1682 1468 1720 Hernica
1485 1695 1592 1720 saxa

872 1742 1022 1780 colunt.
1040 1744 1081 1781 Si
1100 1756 1240 1780 verum
1258 1749 1329 1788 est,
1344 1740 1454 1791 quod
1470 1754 1490 1777 a
1508 1742 1594 1777 Pes-

873 1808 916 1836 to
933 1809 970 1837 et
982 1802 1119 1838 Servio
1137 1800 1318 1844 traditur,
1340 1797 1588 1842 Sabinorum,

873 1870 944 1894 seu
970 1856 1108 1908 (quod
1130 1859 1268 1894 Festus
1297 1855 1437 1900 habet,
1461 1854 1592 1905 quod-

873 1927 951 1964 que
986 1914 1128 1951 eodem
1162 1913 1264 1950 redit
1286 1925 1295 1950 :
1322 1925 1413 1949 nam
1448 1911 1593 1951 sabina

873 1973 995 2022 stirpe
1016 1970 1178 2008 oriundi
1195 1972 1305 2007 fuere
1321 1968 1472 2020 Marsi)
1490 1970 1592 2006 Mar·

872 2041 1009 2065 sorum
1029 2028 1186 2079 lingua,
1217 2026 1368 2072 berna,
1391 2039 1498 2064 saxa
1521 2039 1590 2064 vo-

875 2093 960 2122 cata
980 2086 1100 2122 fuisse
1120 2098 1129 2123 :
1146 2085 1263 2122 docte
1281 2092 1396 2136 poeta
1415 2083 1592 2122 Hernica

874 2156 981 2180 saxa
1004 2142 1106 2180 dixit
1121 2157 1132 2190 ;
1149 2152 1230 2180 erat
1251 2152 1382 2180 autem
1400 2143 1592 2180 Hernico-

875 2214 965 2238 rum
1002 2214 1092 2252 ager
1125 2214 1291 2239 saxosus
1324 2202 1427 2238 circa
1450 2203 1595 2252 Anag-

876 2258 985 2295 ηίαιη
998 2287 1008 2302 ,
1030 2271 1149 2309 quam
1165 2259 1323 2296 dia-item
1343 2272 1417 2296 cur
1434 2257 1595 2305 dixerit,

875 2330 925 2354 ex
961 2316 1046 2355 Silii
1077 2319 1299 2355 imitatione
1332 2316 1593 2369 intelligitur,

875 2375 976 2419 XII,
1009 2375 1088 2412 532
1107 2403 1118 2422 ,
1147 2376 1228 2413 533
1253 2375 1382 2428 surgit
1400 2388 1592 2426 suspensa

876 2432 1044 2469 tumenti
1056 2434 1184 2470 Dorso
1187 2433 1402 2486 fhagtfiris
1417 2433 1449 2470 C
1449 2432 1593 2470 crealis

877 2490 1079 2543 Anagnia
1100 2491 1240 2544 glebis.
1260 2491 1313 2530 cf.
1334 2491 1442 2529 idem
1465 2493 1590 2537 VIII,

880 2548 985 2598 392,
1009 2549 1112 2598 393;
1136 2562 1230 2602 ergo
1249 2549 1389 2587 fertilis
1412 2557 1483 2587 est.
1501 2550 1592 2587 Jam

877 2605 1032 2643 roscida
1058 2606 1149 2644 rivis
1177 2607 1287 2659 quod
1311 2608 1385 2654 ait,
1409 2608 1486 2644 rivi
1509 2620 1591 2644 esse

877 2672 1046 2714 possunt
1080 2665 1182 2703 nulli
1201 2673 1466 2717 praeterquam
1497 2666 1594 2702 Tre·

878 2734 948 2759 rus
980 2730 1020 2759 et
1055 2722 1174 2770 cosa,
1207 2724 1396 2761 Cluverio
1432 2735 1593 2773 quoque

878 2787 1078 2820 monente.
1113 2803 1172 2813 -
1186 2781 1321 2834 Vulgo
1348 2780 1496 2832 pascit.
1537 2780 1595 2815 Ita
