1767 3054
629 197 782 236 LIBER
814 198 929 235 VIII.

1449 205 1528 242 353

29 271 441 333 Omnigenumque
464 266 607 313 deum
634 281 845 316 monstra
860 304 873 327 ,
899 279 946 316 et
967 269 1167 317 latrator
1188 274 1399 332 Anubis,

27 349 205 392 Contra
225 347 523 406 Neptunum,
545 353 594 388 et
615 345 874 402 Venerem,
899 357 1161 408 contraque
1187 349 1459 396 Minervam

27 422 139 469 Tela
163 429 322 467 tenent
347 438 357 466 ε
381 419 514 466 saevit
538 419 696 465 medio
717 420 765 465 iu
789 421 1046 466 certamine
1069 426 1263 472 Mavors
1484 447 1545 478 700

32 495 230 542 Caelatus
257 495 408 552 ferro,
433 495 685 556 tristesque
712 511 771 541 ex
794 495 971 542 aethere
994 496 1153 556 Dirae;

29 573 88 617 Et
108 571 252 617 scissa
276 569 484 633 gaudens
508 569 641 615 vadit
663 570 917 616 Discordia
942 572 1092 633 palla,

31 647 186 703 Quam
210 661 318 691 cum
346 644 606 707 sanguineo
632 645 849 707 sequitur
873 646 1069 692 Bellona
1094 647 1294 710 flagello.

95 721 263 768 Actius
289 719 391 767 liaec
413 737 610 767 cernens
635 736 798 767 arcum
824 720 1101 768 intendebat
1123 724 1298 784 Apollo

33 880 138 927 conj.
162 881 298 917 Burm.
318 881 418 917 Sane
432 879 552 930 vulgo
569 892 648 916 una
668 887 752 916 tan-

33 946 120 974 tum
139 938 240 988 aspis
257 936 420 974 brachio
438 936 595 974 admota
607 950 628 973 a
645 938 755 975 Cleo-

31 1003 141 1046 patra
180 1003 435 1032 memoratur.
474 994 553 1045 (cf.
586 995 754 1033 Anthol.

33 1054 117 1091 Lat.
138 1052 209 1090 lib.
236 1054 276 1089 II
291 1081 301 1098 ‚
330 1066 376 1100 7¹
395 1051 433 1103 );
462 1065 589 1103 quum
625 1061 759 1090 tamen

32 1110 253 1148 secundum
272 1109 474 1149 Plutarch.
496 1112 650 1149 Anton.
668 1124 758 1163 pag.

35 1168 119 1219 955
143 1171 174 1206 B
197 1169 296 1205 varii
326 1177 365 1206 et
387 1170 534 1206 incerti
555 1168 604 1207 de
626 1170 755 1216 necis,

35 1239 154 1278 quam
182 1226 393 1277 Cleopatra
412 1227 488 1264 sibi
511 1228 672 1274 intulit,
696 1229 758 1264 via

36 1292 75 1321 et
106 1285 260 1322 ratione
291 1298 471 1322 rumores
502 1285 676 1331 fuerint,
707 1285 757 1323 cf.

34 1343 220 1393 inprimis
262 1341 310 1378 ad
352 1345 532 1393 Propert.
576 1344 636 1384 111
650 1370 660 1389 ‚
711 1356 726 1380 1
740 1356 756 1379 1

36 1399 126 1452 (ed.
151 1400 249 1438 Scal.
283 1414 323 1449 9.
343 1399 382 1451 )‚
414 1401 487 1446 53,
523 1400 601 1447 54;
628 1401 761 1450 potuit

36 1457 138 1495 forte
157 1465 197 1495 et
219 1456 296 1494 hoc
322 1458 501 1502 narrari,
529 1456 646 1494 binos
675 1470 761 1494 eam

37 1527 184 1567 angues
215 1514 292 1551 sibi
327 1514 573 1561 admovisse,
595 1515 761 1566 singulis

36 1573 138 1610 forte
190 1572 364 1610 brachiis
410 1573 600 1624 singulos.
639 1572 762 1623 Quod

36 1629 142 1667 idem
171 1639 329 1677 narrat,
349 1630 470 1667 fuisse
501 1632 570 1681 qui
599 1631 642 1667 in
670 1630 759 1667 bra-

38 1687 130 1726 chio
160 1688 380 1739 Cleopatrae
411 1697 530 1725 notas
563 1688 665 1725 duas
702 1696 758 1725 te-

36 1758 138 1783 nues
158 1754 196 1783 et
215 1746 407 1784 obscuras
425 1748 630 1796 agnovisse
647 1759 688 1782 se
704 1745 761 1782 di-

39 1811 195 1850 cerent,
212 1805 282 1840 vix
306 1802 354 1841 ad
374 1803 487 1839 binas
516 1801 671 1853 aspides
697 1815 758 1840 re-

38 1861 132 1898 ferri
144 1869 287 1910 potest.
306 1863 361 1898 At
375 1860 517 1896 Vellei.
532 1861 595 1902 11,
615 1859 665 1906 87
687 1859 760 1910 αᾴ-

39 1918 155 1955 motis
175 1917 234 1954 ad
251 1929 383 1954 venas
413 1915 657 1965 serpentibus
675 1929 689 1952 .·
715 1925 760 1953 ut

38 1975 172 2026 plures
201 1975 363 2013 fuerint.
381 1996 438 2002 -—
451 1973 634 2012 Necdum
653 1987 759 2010 mor-

40 2041 120 2070 tem
142 2033 319 2070 futuram
346 2031 502 2069 admota
525 2032 601 2070 sibi
625 2030 758 2081 aspide

36 2091 255 2142 prospicit,
283 2099 350 2127 aut
379 2091 537 2141 cogitat.
571 2090 760 2140 Sequitur

41 2149 142 2186 forte
166 2149 358 2200 Virgilius
387 2148 527 2185 samam
558 2147 754 2198 aliquam,

41 2207 143 2245 duos
166 2219 251 2244 eam
273 2218 420 2257 angues
438 2206 512 2244 sibi
527 2205 758 2243 admovisse.

99 2265 180 2315 698
196 2287 250 2293 -—-
273 2267 368 2312 703.
390 2264 573 2303 Praelium
594 2263 767 2308 deoru‘

39 2322 181 2362 artifex
199 2321 410 2360 effinxerat
426 2324 466 2360 iu
486 2336 561 2359 aere
579 2334 588 2359 ;
611 2321 659 2359 ab
680 2333 760 2358 una

38 2390 148 2433 parte
171 2381 403 2433 pugnabant
423 2380 478 2418 dii
497 2381 691 2431 AEffl·ptfi;
711 2378 759 2416 ab

41 2439 159 2478 ultera
195 2440 379 2478 Romani.
423 2441 469 2475 In
501 2437 632 2475 medio
662 2450 761 2488 pug-

39 2509 132 2535 nam
167 2496 391 2534 incendunt
429 2498 562 2542 Mars,
589 2496 729 2542 ‚Furiae
747 2522 759 2541 ,

40 2553 271 2601 Discordia,
291 2555 466 2593 Bellona.
497 2555 641 2592 Partim
674 2552 759 2589 haec

41 2624 93 2650 ex
110 2612 280 2650 deorum
301 2614 346 2650 in
370 2612 515 2664 praeliis
538 2612 760 2650 Homericis

42 2669 283 2717 interventu,
294 2673 451 2722 partim,
475 2671 658 2722 inprimis
671 2669 759 2706 Dis-

43 2725 178 2764 cordia
207 2736 248 2766 et
270 2728 457 2775 Bellona,
482 2742 532 2765 ex
561 2727 758 2779 praeclaris

43 2783 142 2821 locis
157 2783 275 2835 clipei
292 2786 461 2824 Achillis
478 2786 588 2824 Iliad.
608 2799 631 2823 σ
643 2813 653 2830 ,
676 2784 756 2823 535

45 2863 101 2871 --
116 2842 218 2890 538,
239 2851 278 2880 et
301 2842 419 2895 clipei
442 2844 627 2882 Herculis
651 2842 758 2894 apud

822 879 984 918 Hesiod.
1001 894 1040 919 v.
1062 880 1142 926 248
1162 893 1247 931 sqq.
1271 889 1364 929 147,
1388 883 1464 921 153
1486 896 1545 934 sq.

823 938 1054 975 adumbrata
1068 952 1078 984 ;
1097 939 1189 976 alias
1203 940 1444 978 imitationes
1457 941 1548 978 vide

825 1010 886 1047 ap.
906 999 956 1046 Q.
977 996 1059 1034 Cal.
1077 999 1117 1035 X
1131 1025 1142 1043 ‚
1164 998 1214 1034 53
1233 998 1396 1048 sqq.·xl
1410 1027 1421 1046 ,
1444 999 1466 1034 8
1488 1012 1546 1049 sq.

824 1055 923 1091 vm
937 1083 946 1100 ‚
982 1054 1060 1090 186
1093 1067 1177 1105 sqq.
1211 1056 1400 1092 Lacracor
1431 1057 1549 1094 Anu-

825 1111 882 1148 bis
896 1141 906 1157 ‚
932 1113 1059 1162 capite
1085 1114 1228 1150 canino
1243 1142 1253 1159 ‚
1273 1123 1392 1151 notus
1416 1113 1479 1151 vel
1499 1127 1549 1151 ex

825 1170 1052 1208 Boissardo.
1074 1172 1321 1220 Propertius,
1355 1172 1425 1221 qui
1441 1171 1551 1208 hunc

824 1228 976 1265 librum
995 1256 1005 1275 ,
1029 1228 1215 1265 nondum
1244 1228 1420 1274 editum,
1449 1229 1551 1280 lege·

827 1295 887 1323 rat
906 1285 969 1335 (v.
999 1286 1048 1323 ad
1075 1300 1113 1324 v.
1143 1286 1278 1336 655),
1303 1286 1398 1323 hinc
1428 1288 1550 1324 traxit

827 1344 898 1382 lib.
918 1345 998 1390 ΙΙΙ,
1022 1357 1046 1393 9
1063 1373 1072 1390 ‚
1096 1351 1146 1388 41
1173 1347 1288 1381 Ausa
1310 1343 1403 1381 Iovi
1419 1353 1551 1381 nostro

829 1402 1046 1439 latrantem
1070 1415 1272 1451 opponere
1291 1402 1458 1439 Anubin
1475 1410 1549 1440 etc.

828 1481 887 1487 —
910 1473 961 1506 70
973 1472 1006 1496 1.
1050 1458 1246 1504 Caelatus,
1293 1460 1526 1509 exsculptus
1540 1487 1551 1506 ,

829 1529 919 1554 nam
939 1516 988 1553 de
1004 1517 1231 1568 anaglypho
1251 1517 1398 1566 agitur,
1421 1525 1460 1553 et
1480 1529 1553 1554 ειε-

829 1574 915 1611 lare
938 1575 994 1610 sic
1013 1576 1177 1624 proprie
1207 1575 1251 1611 in
1279 1587 1353 1610 aere
1377 1573 1553 1613 dicitur:

830 1631 936 1684 (vid.
962 1632 1180 1682 Antiquar.
1206 1630 1403 1683 Atffitze
1423 1635 1465 1670 P.
1487 1633 1551 1679 ΙΙ,

827 1703 868 1739 p.
892 1703 907 1725 1
919 1691 969 1733 34
981 1688 1058 1737 sq.)
1077 1692 1141 1726 Em
1152 1689 1299 1726 oetlzere
1316 1689 1424 1725 Dirae
1441 1689 1551 1727 adeo-

829 1759 906 1796 que
925 1745 1105 1782 volantes
1125 1756 1135 1782 :
1158 1743 1268 1795 quod
1293 1746 1551 1784 memorabile

826 1811 897 1840 est.
922 1802 1112 1840 Reddidit
1146 1815 1193 1840 eo
1223 1804 1407 1848 nomine,
1428 1812 1549 1853 puto,

826 1862 959 1911 Κῆρας
983 1859 1148 1897 Hesiodi
1167 1861 1211 1897 in
1229 1862 1337 1897 Scut.
1360 1861 1440 1904 248
1462 1874 1547 1912 sqq.

826 1920 1004 1955 Homero
1032 1919 1155 1970 Κῆρες
1190 1914 1386 1956 θανάτοιο.
1422 1919 1549 1956 Simili

827 1974 947 2013 modo
977 1977 1089 2013 Mors
1119 1975 1218 2012 alata
1246 1976 1376 2025 poetis
1403 1984 1473 2014 est.
1491 1998 1548 2006 --

830 2046 926 2081 702.
947 2033 1077 2070 Scissa
1099 2032 1311 2070 Discordia
1324 2033 1463 2083 palla.
1480 2036 1550 2072 Est

826 2090 918 2128 Eris
945 2105 997 2128 ex
1024 2093 1201 2129 Homero
1222 2099 1259 2128 et
1279 2090 1455 2129 Hesiodo
1476 2105 1549 2130 no-

827 2157 879 2188 ta.
898 2151 1058 2187 Novum
1085 2157 1144 2186 est
1162 2148 1272 2199 quod
1291 2149 1413 2186 scissa
1426 2150 1549 2200 palla

826 2207 893 2245 illa
910 2208 1136 2258 insignitur.
1152 2210 1200 2245 In
1213 2221 1299 2244 arca
1313 2208 1473 2258 Cypseli
1485 2221 1546 2259 ap.

828 2267 994 2303 Pausan.
1022 2268 1073 2310 V,
1102 2279 1149 2315 19
1185 2274 1266 2302 erat
1297 2263 1476 2318 αἰσχίστῃ
1502 2265 1546 2304 τὸ

829 2316 928 2366 εἶδος
950 2321 1106 2360 ἐοικυῖα.
1130 2323 1350 2362 Redhibuit
1377 2337 1462 2361 eam
1487 2324 1548 2361 Ια-

827 2391 1004 2418 ceracctm
1031 2391 1192 2431 pectore
1212 2391 1366 2419 vestem
1387 2384 1545 2420 Petron.

827 2453 912 2489 cap.
958 2447 1049 2483 124.
1087 2439 1211 2476 Vadit
1244 2453 1327 2477 non
1360 2440 1547 2490 proprie3

827 2510 918 2534 nam
938 2498 979 2534 in
999 2498 1097 2534 mari
1115 2511 1174 2535 res
1192 2499 1367 2550 geritur;
1387 2507 1443 2534 est
1461 2499 1547 2534 sim·

825 2538 919 2605 plic.
944 2564 1132 2592 ‘versatur
1147 2557 1190 2593 in
1211 2555 1343 2593 medio
1366 2558 1545 2592 certami-

826 2625 890 2650 ne.
912 2613 1087 2650 Bellona
1110 2627 1200 2651 cum
1228 2613 1383 2665 flagello
1401 2614 1543 2663 passim

827 2669 946 2707 obvia
968 2682 977 2709 ε
1000 2672 1178 2723 exempla
1203 2671 1327 2711 Cerda
1352 2670 1474 2708 dabit.

886 2737 981 2776 704.
1008 2730 1154 2768 Accius
1173 2739 1211 2768 et
1231 2731 1271 2767 b.
1291 2729 1320 2766 l.
1339 2728 1541 2766 scribitur.

825 2788 971 2823 Arcum
1004 2788 1193 2825 tendebat
1222 2786 1369 2826 Medic.
1401 2786 1543 2829 Pierii,

827 2844 934 2884 Gud.
954 2853 991 2883 et
1011 2846 1074 2884 alii
1098 2848 1233 2885 Heius,
1263 2858 1354 2882 cum
1375 2846 1475 2881 Dori
1489 2841 1544 2879 ill.

1299 2923 1378 2967 ’ὅθ’
