1767 3054
164 124 241 169 1?ss

782 122 1023 160 AENEIDOS

158 199 198 240 11
208 195 219 238 i
240 193 492 240 Collatinas
514 192 739 253 inponent
763 194 1002 239 montibus
1028 210 1180 251 arces,

158 269 343 315 *Laude
363 268 601 330 pudicitiae
625 267 854 324 celebres,
876 268 1142 330 addentque
1167 269 1419 331 superbos*
1589 283 1649 324 775

159 345 415 402 Pometios,
441 346 750 403 Castrumque
778 343 908 399 Inui,
932 343 1210 405 Bolamque,
1237 347 1503 407 Coramque
1525 365 1534 393 :

160 422 271 465 Haec
294 431 392 464 tum
416 418 605 463 nomina
628 428 789 472 erunt,
813 433 938 462 nune
962 429 1069 462 sunt
1092 419 1190 464 sine
1211 420 1400 466 nomine
1425 432 1576 467 terrae.

227 493 387 550 »Quin
411 504 457 538 et
480 507 568 537 avo
596 492 815 537 comitem
838 507 938 538 sese
963 493 1226 538 Mavortius
1251 493 1391 541 addet

162 680 316 730 aliquot
347 679 549 724 deductae,
583 679 709 717 Prisci
737 680 875 717 Latini

160 737 370 788 appellati.
391 740 442 775 Et
461 738 602 774 Victor
618 741 667 776 O.
699 739 748 776 G.
770 741 817 776 R.
837 752 871 777 c.

168 809 211 842 17
232 807 241 833 :
267 794 396 845 Igitur
414 804 610 845 regnante
631 796 777 833 Latino
801 796 874 833 Sil-

161 853 221 889 νίο
249 851 414 889 colonia:
447 853 625 889 deductae
651 864 743 891 sunt
764 857 874 891 Prte-

163 919 294 954 nesle,
324 910 452 954 Tibur,
477 909 620 954 Gabii,
647 912 868 957 Tusculum,

165 968 294 1011 Cora,
336 966 542 1011 Pometia,
578 968 695 1004 Locri
719 968 734 1020 (
757 969 873 1006 vitio-

161 1037 272 1070 sum,
298 1023 324 1061 f.
355 1025 534 1070 Corioli,
561 1037 599 1062 v.
629 1027 797 1077 Dionys,
820 1029 873 1072 V,

164 1082 240 1127 613
263 1082 364 1119 Plin.
384 1084 444 1118 III
457 1110 468 1128 ‚
494 1083 516 1119 5
532 1110 542 1128 ‚
560 1095 590 1119 s.
615 1083 695 1133 9),
718 1085 874 1121 Crustu-

163 1139 302 1184 mium,
334 1138 542 1184 Cameria,
565 1140 753 1186 Bovillae,
778 1151 876 1181 cece-

162 1210 285 1246 raque
303 1196 449 1247 oppida
463 1197 781 1248 circumquaque.
796 1200 842 1235 N
839 1215 876 1238 o-

161 1263 336 1290 mentum
353 1255 514 1304 quidem
525 1283 535 1299 ,
557 1263 595 1292 et
607 1256 770 1293 Fidenae
782 1269 874 1295 cum

165 1311 427 1348 Crustumerio
447 1321 523 1348 tres
542 1312 678 1349 fratres
698 1314 874 1353 condito-

162 1382 223 1405 res
244 1368 419 1406 habuere
433 1397 443 1415 ,
462 1370 630 1419 Dionys,
653 1372 691 1406 II
704 1399 714 1417 ‚
735 1372 785 1408 53
801 1400 811 1418 ‚
832 1387 872 1423 p.

169 1438 185 1461 1
199 1426 246 1462 16
264 1440 274 1472 ;
311 1425 432 1476 idque
467 1426 600 1463 multis
635 1430 748 1465 annis
785 1439 875 1467 ante

161 1486 329 1521 Romam
347 1484 567 1530 conditam,
589 1484 686 1523 ibid.
709 1486 779 1524 lib.
810 1490 867 1535 ΙΙ,

165 1540 253 1592 36(
280 1555 320 1591 p.
352 1541 474 1591 104).
503 1541 624 1578 Gabii
649 1544 753 1580 inter
771 1547 873 1582 Lati-

164 1611 236 1634 nos
249 1626 259 1644 ‚
277 1598 374 1635 ibid.
395 1601 446 1645 V,
468 1599 518 1634 61
542 1608 579 1636 et
598 1600 712 1636 Albae
730 1604 875 1653 Longae

164 1656 319 1693 colonia
353 1658 424 1702 IV,
461 1656 527 1695 53.
560 1658 736 1695 Collatia
758 1660 801 1696 in
827 1661 874 1696 iis

164 1713 329 1750 collibus
350 1715 422 1750 sita
442 1715 512 1763 qui
532 1716 636 1751 inter
653 1717 756 1752 viam
776 1719 876 1753 Prae-

163 1772 383 1816 nestinam,
407 1779 446 1807 et
465 1771 602 1808 laevam
626 1774 790 1810 Anienis
821 1776 873 1810 ri-

163 1840 254 1877 pam
289 1830 494 1874 visuntur3
524 1843 561 1867 V.
596 1830 753 1867 Cluver.
786 1831 872 1868 Ital.

164 1894 243 1923 ant.
278 1899 366 1936 pag.
392 1886 488 1923 663.
514 1886 703 1931 Pometii,
735 1901 765 1925 s.
800 1890 874 1924 Po-

162 1943 351 1988 mentini,
374 1956 590 1992 eorumque
614 1944 710 1981 urbs
739 1947 876 1982 Suessa

164 2001 358 2046 Pometia,
394 2002 599 2038 communi
637 2003 875 2052 scriptorum

165 2070 360 2094 consensu
375 2085 385 2103 ,
409 2058 645 2095 Volscorum
660 2087 670 2105 ‚
698 2072 781 2096 non
803 2062 874 2096 La-

163 2115 340 2152 tinorum
358 2116 512 2152 nomini
523 2125 791 2154 accensentur.
804 2119 876 2153 Ita-

165 2185 241 2221 que
271 2172 479 2209 Cluverius
511 2186 599 2223 pag.
637 2174 765 2218 1018,
785 2186 873 2224 pag.

169 2237 277 2273 1024
310 2229 381 2267 lib.
416 2231 499 2275 111,
539 2244 555 2266 1
591 2239 629 2266 et
659 2231 704 2275 8,
733 2231 875 2280 aliique

164 2285 379 2336 Virgilium
397 2288 552 2335 poetica
565 2287 726 2324 licentia
741 2289 784 2324 in
799 2288 877 2325 hoc

164 2355 280 2379 usum
298 2355 378 2379 esse
392 2370 403 2388 ‚
422 2345 665 2393 omninoque
682 2353 794 2381 vetus
810 2348 876 2382 La-

164 2400 265 2435 tium
298 2398 447 2436 finibus
477 2400 685 2437 latioribus
710 2400 759 2437 ad
789 2402 874 2439 Cir-

166 2457 269 2492 ceios
292 2469 417 2505 usque
440 2469 490 2494 ex
508 2460 687 2507 sequiore
706 2470 791 2495 aevo
809 2458 874 2496 de-

165 2510 327 2549 finiisse.
358 2514 470 2550 Livio
503 2528 594 2551 sane
625 2516 696 2553 lib.
726 2517 785 2561 ΙΙ,
823 2517 872 2553 16

168 2568 258 2605 duoe
277 2570 447 2606 colonioe
471 2571 627 2608 Lacinoe
647 2572 758 2622 (jure
775 2573 874 2610 Latii

169 2628 294 2664 Roma
317 2625 519 2676 deductae)
540 2628 719 2664 Pometia
743 2639 781 2665 et
803 2631 875 2666 Co-

168 2695 227 2720 ra.
265 2684 499 2729 Enimvero,
536 2685 606 2719 etsi
635 2685 874 2722 Volscorum

167 2739 264 2777 facta
293 2749 350 2778 est
380 2740 477 2778 urbs
509 2742 643 2778 Suessa
674 2754 752 2778 una
786 2755 875 2779 cum

940 682 1063 728 Cora,
1085 689 1216 719 tamen
1243 680 1362 719 urbes
1378 683 1481 721 inter
1497 686 1652 723 Latinas

940 752 1025 775 eam
1063 739 1276 789 aliquando
1316 739 1435 778 fuisse
1477 741 1651 781 dubitari

939 797 1092 846 nequit.
1125 797 1206 835 vid.
1236 796 1337 835 Plin.
1367 799 1447 844 III,
1469 799 1516 845 5,
1544 813 1574 838 s.
1609 815 1648 851 9.

940 856 1049 890 Latet
1083 856 1186 891 inter
1219 855 1382 892 nomina
1409 856 1652 907 populorum

939 911 1079 948 foederi
1108 911 1397 962 adscriptorum
1420 914 1526 964 apud
1554 916 1652 954 Dio-

939 981 1030 1019 nys,
1065 972 1116 1016 V,
1152 971 1202 1006 61
1240 965 1521 1008 Βουὲεντοίνων·
1557 982 1652 1010 sunt

940 1026 1174 1079 Πωμεντῖνοι
1188 1055 1198 1073 ,
1234 1025 1388 1080 Κόρνων
1421 1041 1495 1078 pro
1525 1028 1651 1082 Κοροί-

940 1096 1027 1121 νων.
1052 1085 1232 1121 Castrum
1254 1084 1360 1129 Inuz‘,
1393 1087 1462 1135 qui
1479 1088 1651 1137 antiquis

940 1141 1047 1177 Italis
1067 1143 1170 1179 inter
1189 1144 1344 1179 Faunos
1362 1150 1401 1179 et
1417 1145 1539 1180 Panes
1555 1153 1649 1191 erat,

940 1200 1012 1235 etsi
1031 1199 1075 1235 in
1094 1200 1252 1237 Rutulis
1274 1202 1392 1236 situm
1405 1227 1415 1246 ‚
1438 1208 1567 1238 tamen
1585 1205 1651 1239 La-

940 1257 1117 1293 tinorum
1143 1256 1220 1294 fuit
1243 1257 1417 1303 colonia,
1436 1258 1500 1295 vel
1518 1260 1651 1310 Virgi-

939 1313 994 1349 lio
1015 1321 1133 1360 teste3
1154 1323 1198 1351 ut
1218 1316 1334 1351 etiam
1350 1314 1483 1360 Boloe,
1508 1318 1652 1366 AEquo-

940 1382 1030 1406 rum
1046 1371 1254 1420 oppidum.
1272 1373 1372 1409 Sunt
1382 1372 1520 1409 Bolani
1533 1375 1651 1411 etiam

940 1426 1078 1464 foederi
1105 1429 1333 1465 Latinorum
1363 1429 1482 1467 modo
1502 1443 1650 1469 memo-

941 1493 1026 1521 rato
1041 1484 1224 1534 adscripti
1237 1498 1297 1534 ap.
1310 1486 1478 1536 Dionys,
1491 1487 1517 1524 l.
1533 1489 1650 1525 c.Ad-

941 1540 989 1577 de
1000 1541 1289 1580 locumVietor.
1303 1543 1649 1592 supralaudatum.

940 1599 1047 1635 Male
1080 1599 1258 1636 Castrum
1283 1600 1379 1635 Inui
1398 1599 1448 1636 ad
1472 1601 1651 1639 Castrum

940 1658 1208 1702 Novum‚n0u
1222 1657 1339 1707 longe
1356 1670 1376 1694 a
1394 1658 1563 1696 Centum
1579 1659 1651 1696 cel-

939 1713 986 1749 lis
1013 1713 1059 1750 ad
1081 1727 1206 1759 mare,
1240 1716 1441 1752 revocavit
1468 1716 1646 1762 Servius,

940 1779 979 1807 et
999 1771 1076 1807 viri
1094 1771 1202 1808 docti
1219 1770 1266 1807 ad
1282 1772 1406 1810 Rutil.
1428 1773 1468 1817 1,
1490 1785 1568 1819 227
1589 1786 1649 1824 sq.-

940 1849 997 1855 —-
1018 1841 1112 1876 777.
1142 1830 1228 1866 Nec
1249 1837 1340 1865 sunt
1360 1829 1456 1866 alter
1473 1831 1647 1881 Menag.‚

940 1887 1052 1924 male.
1075 1887 1114 1924 S.
1134 1899 1174 1924 n,
1189 1894 1330 1937 gentes
1341 1886 1487 1925 Medic.
1506 1900 1525 1923 a
1542 1900 1648 1926 man.

941 1956 1017 1992 pn,
1050 1951 1090 1980 et
1117 1945 1173 1981 sic
1205 1943 1333 1982 Colot.
1368 1943 1478 1994 quod
1508 1945 1651 1994 probat

942 2002 1094 2049 Heius„
1131 2000 1314 2051 equidem
1343 2000 1650 2051 improbandum

941 2070 1082 2095 censeo
1115 2059 1178 2095 vel
1203 2061 1394 2111 maxime..
1415 2060 1536 2104 Nam,
1567 2060 1650 2108 pri-

941 2128 1050 2152 mum
1072 2125 1186 2152 terroe
1209 2115 1324 2152 docte
1350 2116 1477 2166 poetis
1494 2128 1651 2166 ponun-

942 2180 1018 2217 tur,
1051 2173 1123 2209 ubi
1154 2173 1327 2223 vulgaris
1361 2174 1487 2210 oratio
1515 2179 1647 2223 gentes

940 2229 1136 2278 postulat3
1157 2237 1242 2266 tum
1261 2239 1467 2281 negences
1488 2227 1647 2278 quidem

941 2295 1045 2323 recte
1066 2286 1107 2325 h.
1127 2287 1155 2323 l.
1175 2286 1425 2332 dicerentur;
1439 2298 1521 2322 non
1540 2285 1646 2321 enim

939 2344 1079 2393 populi
1106 2342 1175 2380 sed
1204 2344 1323 2381 urbes
1353 2349 1539 2379 enarratae
1566 2341 1646 2379 fue-

940 2409 1056 2447 runt3
1075 2409 1113 2438 et
1128 2401 1188 2437 his
1202 2401 1303 2437 hene
1318 2397 1555 2447 respondent
1570 2406 1645 2434 ter-

941 2470 1016 2502 ηε,
1042 2458 1187 2508 quibus
1206 2454 1416 2505 aliquando
1438 2455 1643 2505 imponen-

939 2521 1016 2552 tur.

999 2571 1077 2618 778
1099 2590 1157 2598 —-
1179 2570 1274 2616 781.
1292 2570 1376 2606 Avo
1393 2567 1574 2606 comitem
1590 2583 1645 2607 se-

939 2640 980 2664 se
1002 2626 1150 2669 addec;
1178 2625 1394 2663 see'undum
1427 2628 1606 2666 Servium
1636 2638 1646 2664 ἰ

941 2683 1043 2720 avico
1062 2696 1144 2719 sese
1166 2682 1312 2734 junget
1338 2682 1522 2733 imperio,
1546 2684 1588 2722 h.
1607 2696 1642 2721 e.

941 2753 1020 2778 una
1055 2753 1145 2778 cum
1179 2753 1254 2779 avo
1287 2742 1485 2791 regnabit,
1518 2740 1645 2779 donec
