1767 3054
237 84 314 129 146

858 77 1100 122 'AENEIDOS

232 160 349 213 Quae
372 153 476 215 quis
501 153 627 215 apud
653 167 869 214 superos,
896 155 1022 199 furto
1048 155 1228 200 laetatus
1253 154 1400 213 inani,

229 230 423 276 Distulit
442 230 491 274 in
512 245 664 275 seram
688 229 932 274 commissa
957 229 1140 290 piacula
1162 243 1376 276 mortem.

229 306 464 353 Continuo
485 304 630 350 sontis
652 304 798 350 ultrix
823 303 1037 349 adcincta
1059 304 1240 367 flagello

226 382 484 444 Tisiphone
508 380 660 443 quatit
686 379 935 436 insultans,
960 389 1216 442 torvosque
1239 381 1425 429 sinistra

225 461 466 503 Intentans
493 470 680 515 anguis,
701 463 839 497 vocat
863 467 1048 514 agmina
1071 469 1194 499 saeva
1216 470 1447 502 sororum.
1471 477 1489 497 »

291 533 411 576 Tum
436 530 625 574 demum
648 526 900 573 horrisono
926 526 1175 574 stridentes
1197 529 1388 577 cardine
1412 547 1555 577 sacrae

225 604 501 650 Panduntur
520 611 684 665 portae.
710 622 729 642 «
753 600 939 660 Cernis,
964 602 1179 648 custodia
1204 603 1352 665 qualis

224 761 330 799 abire
361 760 525 811 putabat
548 761 771 807 commissa3
791 760 859 798 sed
887 769 941 798 te-

226 833 344 857 mere.
370 821 428 855 Ita
455 827 554 869 puto
582 818 666 857 haec
693 819 938 869 expedienda

224 890 318 914 esse.
343 880 485 915 Seneca
509 879 626 914 Herc.
652 878 728 914 fur.
765 890 844 925 729
873 876 938 913 ad-

225 934 325 971 didit
344 947 495 971 novum
526 935 745 970 auctarium
767 946 776 972 :
802 934 940 971 oblitos

224 991 287 1028 sui
301 991 457 1028 sceleris
488 1001 672 1028 nocentes
691 991 845 1028 debitas
860 1006 941 1042 pcc-

221 1062 295 1086 nas
325 1049 436 1086 dare.
466 1051 634 1098 Propius
661 1048 710 1085 ad
735 1051 942 1087 Maronem

220 1108 364 1145 Statius
385 1108 458 1153 IV,
482 1107 531 1142 53
544 1119 560 1142 1
579 1121 589 1153 ;
606 1106 944 1158 lilium—adigit-

223 1178 298 1216 que
313 1177 544 1214 expromere
555 1164 666 1200 vitas
686 1166 813 1213 Usque
822 1174 936 1207 retro,

222 1233 262 1260 et
272 1222 436 1259 tandem
458 1234 667 1271 poenarum
685 1220 939 1272 lucrasaceri.

222 1279 545 1319 Rhadamanthus
554 1286 684 1315 autem
695 1278 734 1316 h.
747 1278 774 1315 l.
792 1281 827 1315 T
824 1278 941 1315 tium-

221 1337 293 1375 νίνί
313 1336 500 1387 capitalis
523 1349 629 1372 more
655 1336 851 1386 supplicia
872 1349 938 1372 su-

222 1397 293 1432 mit
309 1423 318 1441 ,
351 1404 391 1431 et
432 1395 691 1443 quaestionem
734 1395 938 1430 tormentis

223 1452 389 1489 admotis
408 1451 527 1488 habet
554 1452 597 1487 in
629 1463 715 1488 reos
734 1450 782 1487 ad
805 1453 937 1501 expri-

222 1509 404 1548 mendam
425 1509 617 1546 scelerum
637 1507 935 1547 confessionem.

304 1568 396 1614 570.
424 1566 567 1604 Ultrice
597 1579 635 1603 α.
659 1565 699 1617 f
731 1565 938 1603 Heinsium

221 1626 262 1663 id
285 1638 353 1661 ora
386 1624 535 1663 codicis
564 1624 778 1670 conjecisse
807 1632 939 1661 narrat

220 1685 384 1729 Burm.,
416 1694 620 1732 perperam
657 1681 808 1729 utique.
844 1681 938 1716 Suc-

222 1741 353 1777 cincca
371 1739 501 1778 Schol.
523 1740 618 1776 Stat.
637 1750 698 1788 ap.
721 1736 839 1775 eund.
854 1766 864 1783 ‚
887 1751 937 1776 ex

222 1797 548 1847 interpretatione
570 1808 579 1833 :
598 1808 648 1831 ex
671 1808 729 1833 vs.
756 1796 851 1833 555.
876 1797 935 1834 Ne

222 1864 353 1892 autem
383 1863 498 1904 putes
543 1852 724 1889 accincta
765 1854 937 1890 otiosum

220 1926 324 1959 esse,
351 1913 477 1962 cogita
507 1910 554 1947 de
581 1908 765 1948 carnifice
789 1909 837 1946 ad
855 1919 936 1947 tor-

221 1979 352 2007 menta
373 1968 616 2006 admovenda
635 1982 675 2005 se
689 1968 935 2018 accingente,

219 2038 265 2066 ut
275 2026 537 2078 expeditiores
548 2039 688 2063 manus
699 2025 939 2063 sint.Accita

221 2085 345 2123 Goth.
366 2093 454 2123 tert.
477 2107 533 2113 —
548 2085 628 2132 570
641 2105 699 2112 -—-
714 2085 809 2132 572.
838 2083 937 2120 Tisi-

216 2143 370 2194 phone,
403 2140 596 2180 carnificis
626 2155 695 2179 seu
729 2142 833 2178 servi
863 2154 936 2191 pu-

219 2201 316 2238 blici
334 2201 424 2238 loco
438 2230 448 2248 ‚
468 2213 556 2237 reos
575 2199 779 2236 damnatos
791 2198 839 2235 ad
853 2211 936 2235 car-

221 2271 349 2295 cerem
378 2266 518 2309 raptat.
531 2279 590 2287 —
604 2258 652 2305 57
664 2270 698 2295 1.
721 2259 936 2306 Tor-eosque

221 2315 331 2351 facile
366 2316 503 2366 aliquis
533 2315 663 2362 malit,
685 2323 724 2351 et
751 2316 807 2355 sic
832 2315 934 2352 Pier.

220 2372 395 2421 aliquot,
421 2386 471 2409 ex
504 2374 639 2410 Heius.
671 2380 803 2409 autem
828 2371 936 2408 solus

222 2429 365 2467 Hamb.
400 2438 438 2465 et
481 2430 601 2467 Goth.
634 2427 939 2478 sec.—Quatit

221 2495 352 2522 sontes
366 2487 566 2538 flagello,
605 2486 732 2524 docte.
773 2487 936 2536 Proprie

220 2542 398 2594 quatitur
422 2543 663 2595 flagellum,
691 2556 771 2594 quo
806 2551 936 2580 sontes

220 2601 512 2651 percutiuntur.
559 2601 681 2650 Apud
715 2601 882 2639 Statium
917 2603 937 2637 I

222 2657 348 2696 Theb.
381 2670 396 2693 1
410 2658 459 2694 12'
476 2685 485 2703 ‚
521 2670 536 2693 1
550 2659 596 2694 13
614 2686 624 2704 ‚
649 2658 864 2708 Tisiphone
883 2657 936 2694 al-

224 2723 306 2753 tera
336 2727 456 2753 manu
478 2714 647 2766 hydram
661 2742 671 2761 ,
693 2714 813 2752 altera
831 2715 941 2754 titio·

1006 771 1097 796 nem
1117 760 1255 809 quatit.
1277 759 1458 811 Agmina
1475 774 1649 800 sororum
1670 764 1719 801 de

1006 818 1154 862 Furiis,
1177 826 1224 854 ut
1248 830 1336 867 sup.
1366 819 1446 865 IV,
1469 819 1564 868 469.
1593 822 1720 858 Incla-

1006 883 1087 912 mat
1110 876 1176 912 illa
1199 887 1353 912 sorores
1376 886 1386 912 :
1412 889 1490 926 qua
1511 876 1560 914 de
1585 890 1720 916 caussa

1007 935 1138 970 statim
1156 932 1391 970 videbimus.

1068 991 1308 1039 573—579.
1330 991 1437 1026 Dum
1465 991 1644 1042 loquitur
1662 995 1722 1031 Si-

1008 1047 1139 1097 bylla,
1162 1056 1277 1099 porta
1301 1049 1451 1084 Tartari
1474 1050 1619 1098 aperiri
1641 1051 1722 1088 vul-

1009 1117 1058 1154 go
1085 1114 1261 1156 putatur.
1290 1105 1337 1140 In
1363 1105 1440 1142 hoc
1465 1107 1544 1153 jam
1563 1109 1721 1157 Seryius

1006 1164 1175 1210 praeivit.
1194 1163 1235 1201 Si
1252 1170 1382 1200 tamen
1409 1176 1542 1199 rerum
1564 1176 1608 1200 ac
1638 1178 1721 1203 sen-

1006 1222 1220 1257 tentiarum
1263 1217 1443 1257 ordinem
1501 1224 1721 1261 accuratius

1008 1277 1253 1321 consideres,
1292 1279 1485 1315 rationem
1519 1278 1721 1330 vulgarem

1005 1348 1088 1372 non
1130 1334 1347 1373 satisfacere
1391 1337 1548 1374 senties.
1592 1339 1724 1388 Pergit

1004 1406 1162 1443 quoque
1201 1405 1359 1430 narrare
1401 1392 1552 1444 Sibylla
1585 1393 1633 1431 de
1666 1409 1720 1434 se.

1004 1450 1080 1488 Sed
1098 1451 1172 1487 alia
1191 1449 1458 1488 incedendum
1477 1460 1534 1488 est
1556 1452 1632 1489 via.
1653 1455 1721 1491 Ti-

1005 1509 1171 1558 siphone
1203 1517 1331 1544 servat
1353 1508 1594 1546 vestibulum
1608 1537 1618 1555 ,
1639 1510 1719 1548 adi-

1003 1572 1089 1602 tum
1107 1567 1260 1604 Tartari
1282 1579 1321 1603 v.
1360 1565 1455 1603 555.
1483 1568 1538 1603 Ea
1558 1565 1718 1605 damna-

1004 1623 1053 1657 tis
1072 1635 1090 1657 a
1110 1622 1411 1660 Rhadamantho
1432 1624 1561 1660 statim
1581 1636 1720 1663 manus

1002 1679 1149 1726 injicit,
1164 1687 1202 1715 et
1219 1679 1266 1715 ad
1277 1681 1426 1715 Tartari
1437 1689 1591 1729 portam
1604 1708 1614 1726 ‚
1631 1695 1720 1731 quae

1004 1748 1155 1786 semper
1171 1736 1299 1773 clausa
1316 1735 1504 1783 habetur,
1530 1750 1595 1774 eos
1619 1742 1718 1788 agit,

1005 1791 1196 1849 (ἄγονται
1218 1791 1313 1847 πρὸς
1337 1785 1521 1846 Ἐριννύων
1547 1794 1609 1832 ἐπ’
1628 1790 1722 1850 ἔρε-

1005 1847 1070 1896 Εος
1084 1847 1151 1889 καὶ
1175 1849 1278 1895 Χάος
1297 1846 1364 1888 διὰ
1382 1849 1606 1905 Ταρτάρου,
1626 1864 1721 1893 sunt

1004 1910 1123 1946 verba
1142 1912 1330 1956 Socratis,
1350 1911 1394 1946 in
1419 1909 1631 1962 Axiocho)
1657 1914 1718 1949 in-

1006 1968 1222 2018 clamatque
1245 1981 1412 2006 sororeS.
1431 1969 1537 2005 Tum
1559 1967 1719 2007 demum

1006 2025 1070 2076 (v.
1098 2027 1176 2074 573
1195 2024 1212 2077 )
1230 2027 1404 2076 aperitur
1426 2034 1554 2076 porta.
1574 2026 1716 2065 Videa-

1004 2097 1092 2121 mus
1115 2095 1224 2120 nunc
1251 2083 1416 2135 singula.
1449 2082 1608 2129 Cernis,
1629 2098 1718 2135 per-

1002 2143 1059 2192 git
1073 2140 1222 2192 Sibylla
1234 2169 1245 2187 ‚
1262 2139 1442 2178 custodia
1453 2139 1609 2192 qualis,
1629 2154 1718 2191 quae

1003 2207 1135 2236 custos
1148 2227 1158 2245 ‚
1177 2198 1260 2238 scil.
1284 2198 1519 2248 Tisiphone,
1545 2198 1717 2236 ‘vestibu-

1004 2257 1042 2294 lo
1056 2285 1067 2304 ‚
1110 2256 1159 2293 ad
1197 2256 1367 2303 aditum,
1399 2255 1536 2292 sedeat
1542 2269 1559 2299 ,·
1579 2253 1715 2306 facies

1002 2327 1092 2365 quoe
1115 2313 1258 2351 limina
1283 2322 1430 2357 serven
1464 2323 1555 2348 nam
1587 2312 1709 2358 intus,

1000 2373 1105 2409 intra
1126 2379 1280 2422 portam
1292 2398 1303 2418 ‚
1321 2369 1457 2406 soevior
1475 2368 1592 2406 facies
1604 2398 1615 2415 ‚
1633 2372 1715 2422 Hy.

1003 2429 1072 2466 dra
1086 2458 1097 2476 ‚
1118 2428 1248 2466 sedem
1268 2427 1386 2464 habet
1400 2434 1473 2463 etc.
1495 2427 1590 2463 Haec
1605 2426 1712 2465 haud

1001 2485 1122 2523 dubie
1151 2497 1244 2522 vera
1276 2485 1387 2520 ratio.
1425 2484 1544 2520 Nunc
1564 2498 1602 2522 v.
1629 2486 1712 2532 574

1001 2541 1179 2580 custodia
1190 2553 1278 2591 quae
1293 2541 1343 2577 sit
1354 2567 1364 2586 ‚
1378 2541 1468 2576 satis
1481 2541 1713 2591 expeditum

1002 2608 1072 2637 est.
1102 2599 1260 2637 Servius
1289 2599 1523 2648 Megaeram,
1544 2598 1610 2636 alii
1630 2601 1712 2651 Hy-

1003 2656 1136 2701 dram,
1157 2654 1224 2691 alii
1249 2655 1359 2691 aliter
1390 2655 1600 2704 accipiunt.
1635 2656 1711 2695 Sed

1003 2720 1059 2751 est
1075 2713 1156 2763 ipsa
1174 2712 1240 2750 illa
1252 2711 1482 2763 Tisiphone,
1495 2711 1544 2750 de
1563 2724 1636 2763 qua
1649 2712 1711 2756 adq
