1767 3054
210 154 224 177 1
235 140 259 178 6
835 141 1076 179 AENEIDOS

201 213 377 260 Intenti
402 223 673 275 exspectant
694 213 902 276 signum,
927 214 1304 275 exsultantiaque
1329 213 1490 260 haurit

204 288 359 334 Corda
378 305 528 351 pavor
548 289 761 351 pulsans,
784 288 1072 350 laudumque
1099 288 1289 334 advecta
1315 288 1505 351 cupido.

202 362 342 420 Inde,
363 362 447 409 ubi
466 363 591 409 clara
614 363 743 409 dedit
767 364 973 409 sonitum
996 363 1132 421 tuba,
1158 363 1329 411 finibus
1352 380 1539 423 omnes,

202 438 343 485 Haud
363 455 518 496 mora,
539 439 803 501 prosiluere
825 440 943 496 suis;
967 439 1074 485 ferit
1094 439 1270 486 aethcra
1291 440 1469 486 clamor
1650 453 1705 487 14'0

201 516 247 560 N
250 514 432 560 anticus
441 532 454 571 3
480 512 695 559 adductis
722 523 943 575 spumant
968 513 1089 559 [reta
1112 530 1249 561 versa
1273 514 1518 562 lacertis.»

202 588 444 634 Infindunt
463 589 643 652 pariter
660 590 814 636 sulcos
829 624 841 646 ‚
865 600 1113 650 totumque
1136 588 1336 636 dehiscit
1453 584 1488 628 *τ

204 664 494 710 Convolsum
517 664 658 711 remis
680 667 940 726 rostrisque
967 661 1253 710 tridentibus
1273 679 1452 726 aequor.

204 826 434 865 consistunt
462 826 606 865 Hamb.
637 840 713 865 sec.
746 827 797 865 cf.
829 841 917 878 sup.

201 887 266 922 III
283 914 294 932 ‚
339 886 434 935 289.
473 884 717 936 Nudataque
756 885 921 922 brachia

201 942 353 992 aliquot
370 944 470 980 Pier.
485 970 496 988 ‚
518 942 626 993 quod
643 945 918 994 parumjuvat.

201 1002 447 1051 Intextaque
471 1009 509 1038 et
533 1013 551 1037 a
582 1014 635 1039 m.
657 1014 733 1039 sec.
755 1011 922 1038 extenta

201 1059 244 1095 in
275 1058 382 1096 Leid.
419 1071 502 1095 uno
536 1067 630 1096 erat.
659 1060 920 1096 Heumannus

201 1116 297 1153 olim
322 1116 555 1167 intentaque
582 1116 618 1155 b,
650 1116 770 1154 remis
797 1117 920 1155 recidi

200 1173 393 1220 malebat;
419 1173 486 1211 sed
515 1174 668 1212 hiantes
694 1189 830 1212 versus
850 1177 920 1213 vix

201 1240 417 1269 occurrunt
428 1233 472 1269 in
484 1232 613 1270 media
630 1235 919 1284 propositione.

202 1291 426 1327 —Incenta
455 1290 620 1328 brachia
654 1300 747 1328 sunt
774 1291 916 1337 remis,

200 1347 241 1385 h.
269 1361 302 1385 e.
330 1349 406 1399 ipsi
423 1348 640 1386 intendunt
653 1377 662 1395 ‚
683 1350 835 1386 intenta
850 1350 919 1387 ha-

198 1405 315 1452 bent,
336 1407 448 1457 quasi
464 1407 508 1444 in
520 1408 687 1444 statione
703 1416 919 1454 manentes,

200 1472 246 1500 ut
273 1465 386 1514 signo
407 1464 500 1501 dato
524 1466 654 1502 statim
684 1466 922 1502 incumbant

198 1522 330 1560 remis.
367 1524 524 1572 Ingrata
546 1531 697 1574 xtamen
737 1525 920 1573 repetitio

199 1579 376 1627 ejusdem
407 1581 520 1616 vocis
541 1592 552 1618 :
577 1579 731 1617 intenta
761 1580 917 1620 intenti.

199 1638 320 1675 Ennii
336 1637 473 1675 locum
494 1651 544 1674 ex
566 1639 700 1677 Nonio
726 1639 920 1676 Marcello

198 1695 365 1731 laudant
393 1707 403 1733 ε
432 1704 568 1732 tonsas
598 1706 696 1733 ante
725 1696 922 1734 tenenteis

198 1755 420 1800 Parerent,
454 1762 755 1803 exspectarent,
773 1754 921 1804 portis-

200 1811 307 1848 culu’
324 1810 481 1862 signum
515 1813 644 1861 Quom
665 1812 763 1848 dare
789 1811 922 1862 coepis-

201 1878 342 1906 set.—
361 1870 436 1916 137
455 1895 465 1914 ,
492 1869 585 1906 138.
606 1882 645 1907 v,
662 1882 751 1919 sup.
774 1870 919 1921 Georg.

201 1929 288 1972 ΙΙΙ,
342 1927 450 1970 105,
500 1926 579 1963 106
613 1938 623 1964 :
659 1928 787 1976 Quum
835 1940 922 1977 spes

202 1984 377 2020 adrectae
403 1983 615 2035 juvenum,
655 1985 923 2022 exsultantia-

202 2056 278 2093 que
299 2040 432 2078 haurit
455 2042 587 2079 Corda
596 2055 726 2092 pavor
738 2043 920 2092 pulsam.

199 2101 391 2138 Ornatius
415 2100 559 2136 extulit
582 2101 816 2138 Homerica:
845 2099 922 2138 ποί-

200 2170 319 2195 τασσε
359 2152 402 2193 δὲ
448 2154 561 2209 θυμὸς
598 2154 761 2194 ἑκάστου
803 2155 923 2202 Νίκης

203 2214 373 2268 ἱεμένων.
420 2216 594 2266 Longius
644 2217 814 2266 petitum
866 2226 924 2253 est

203 2272 371 2326 ὀρεχθεῖν
399 2274 442 2309 in
472 2273 662 2323 Apollon.
692 2276 754 2320 II,
779 2282 845 2324 49.
866 2297 923 2303 -

209 2333 302 2369 138.
339 2332 485 2367 Erecta
519 2333 698 2382 Hugen.,
735 2340 772 2368 et
806 2333 924 2369 multi

203 2398 387 2439 arrepta,
426 2389 540 2426 solita
575 2390 806 2426 variatione.
835 2390 920 2427 Ad-

204 2447 368 2484 modum
405 2446 613 2497 probabile
663 2445 711 2483 fit
730 2475 740 2493 ‚
784 2460 921 2484 versus

211 2506 286 2551 137
305 2532 315 2549 ,
338 2504 508 2548 Intenti,
543 2505 642 2549 138,
672 2504 826 2549 Corda,
854 2514 922 2542 aut

204 2575 284 2598 esse
304 2560 353 2597 ab
373 2561 446 2597 alia
463 2574 584 2597 manu
612 2562 801 2608 insertos,
823 2575 919 2599 con-

202 2617 320 2656 fictos
338 2631 388 2654 ex
407 2632 481 2655 vsa
497 2618 592 2655 alibi
605 2619 921 2666 occurrentibus,

204 2685 274 2714 aut
304 2675 352 2712 ab
379 2678 465 2725 ipso
494 2685 611 2725 poeta
637 2677 741 2713 inter
768 2678 922 2727 experi-

206 2742 338 2771 menta
361 2734 512 2784 ingenii
531 2734 708 2783 apposita
723 2762 732 2779 ‚
757 2744 802 2771 ut
829 2747 924 2771 mox

204 2792 357 2844 reliqua
378 2790 707 2829 accommodaret.

1050 827 1143 876 139.
1168 828 1224 865 Ut
1245 826 1326 874 jam
1356 839 1378 863 a
1397 827 1596 878 principio
1624 842 1708 866 om-

986 898 1079 921 nem
1096 885 1299 922 fortunam
1315 886 1540 922 certaminis
1562 894 1706 933 teneas,

987 944 1175 980 variatam
1196 942 1304 979 issam
1316 943 1468 980 casibus
1485 952 1524 981 et
1541 953 1707 982 eventu:

986 1002 1163 1051 primum
1198 1000 1248 1037 ab
1281 1002 1397 1038 initio
1431 1001 1566 1039 locum
1601 1011 1709 1039 tenet

993 1058 1027 1095 G
1023 1071 1104 1106 yas
1119 1059 1282 1108 ejusque
1294 1060 1404 1096 navis
1421 1058 1639 1105 Chimoera,
1659 1059 1710 1096 al-

989 1124 1120 1153 terum
1135 1116 1270 1164 Scylla
1287 1115 1490 1163 Cleanthi,
1505 1125 1594 1154 tum
1611 1117 1709 1155 Pris-

989 1173 1038 1211 tis
1063 1173 1284 1219 ΛΙηεςῐΙιεί,
1314 1174 1500 1211 ultimum
1535 1175 1706 1212 Centau-

987 1245 1052 1268 rus
1076 1231 1260 1283 Sergesti.
1285 1231 1409 1282 Apud
1431 1240 1576 1269 metam
1600 1234 1707 1284 Gyas

988 1289 1128 1327 videns
1149 1291 1355 1327 Menoeten
1379 1289 1706 1340 gubernatorem,

987 1356 1033 1385 ut
1056 1348 1177 1385 evitet
1204 1347 1438 1398 scopulum,
1462 1349 1630 1386 nimium
1664 1350 1708 1386 in

986 1405 1166 1443 dextram
1185 1414 1339 1456 partem
1361 1407 1539 1457 evagari,
1562 1408 1620 1443 ira
1645 1408 1707 1444 in-

987 1476 1152 1511 censuS,
1182 1476 1273 1500 euin
1299 1464 1390 1499 navi
1418 1464 1603 1513 projicit,
1633 1466 1705 1502 sic-

988 1533 1067 1571 que
1078 1520 1189 1557 navis
1200 1522 1284 1557 sine
1300 1519 1548 1558 moderatore
1563 1521 1703 1560 fertur.

987 1580 1142 1616 Interea
1171 1577 1405 1616 Mnestheus
1438 1587 1476 1616 et
1503 1581 1706 1631 Sergestus

987 1649 1078 1674 eum
1106 1644 1378 1688 praevertunt3
1407 1644 1446 1673 at
1475 1639 1700 1688 Sergestus,

985 1695 1120 1745 paullo
1162 1693 1325 1731 calidius
1365 1702 1525 1731 evectus
1539 1721 1550 1740 ‚
1587 1693 1707 1732 illidit

985 1765 1128 1789 navem
1150 1753 1279 1798 cauti3
1305 1751 1361 1788 ita
1379 1751 1613 1789 Mnestheus
1640 1765 1704 1789 so-

985 1809 1064 1846 lam
1107 1808 1292 1848 Cloanthi
1339 1809 1510 1860 Scyllam
1549 1808 1669 1847 habet
1694 1838 1704 1856 ,

988 1880 1078 1904 cum
1098 1881 1178 1917 qua
1200 1875 1345 1912 certet3
1371 1879 1535 1918 eamque
1560 1867 1707 1918 primas

987 1932 1188 1962 tenentem
1217 1933 1256 1961 et
1284 1925 1491 1961 victricem
1520 1925 1706 1975 proximo

987 1982 1077 2020 loco
1094 1984 1318 2033 insequitur
1331 2010 1342 2029 ,
1359 1983 1478 2020 tertio
1499 1983 1619 2033 Gyas,
1641 1982 1707 2019 Fi-

989 2039 1123 2085 nibus,
1155 2053 1246 2091 quae
1272 2053 1311 2078 v.
1346 2041 1423 2077 132
1455 2040 1547 2076 loca
1576 2040 1707 2077 sortiti

990 2107 1114 2136 erant.
1128 2119 1185 2127 —-
1202 2105 1296 2142 141.
1315 2096 1512 2134 Adduecis
1533 2096 1704 2144 lacertis,

989 2155 1107 2192 simu]
1122 2168 1214 2192 cum
1227 2154 1405 2192 adductis
1414 2155 1604 2192 remis.-—-
1612 2168 1628 2192 1
1637 2157 1688 2200 43
1695 2185 1704 2194 .

993 2212 1244 2250 Tridentibus
1275 2211 1431 2256 rostris,
1467 2210 1624 2250 trifidis.
1647 2236 1705 2241 —-

990 2270 1216 2321 Rostrt'sque
1248 2269 1481 2308 tridentibus
1519 2272 1707 2308 Heinsius

990 2338 1096 2366 recte
1123 2329 1314 2379 reposuit.
1342 2327 1493 2364 Laudat
1513 2327 1579 2365 ille
1606 2330 1704 2366 Rot-

988 2386 1096 2424 tend.
1130 2399 1207 2423 sec.
1239 2384 1354 2423 Adde
1388 2385 1521 2435 ipsum
1557 2385 1703 2424 Medic.

987 2445 1184 2482 Firmamr
1216 2443 1367 2480 Valerii
1394 2442 1452 2480 Fl.
1486 2443 1705 2482 imitatione

987 2501 1058 2538 lib.
1079 2503 1119 2549 Ι,
1140 2501 1221 2537 688
1251 2500 1372 2537 volat
1396 2499 1578 2538 immissis
1604 2515 1705 2539 cava

980 2558 1105 2608 pinus
1140 2557 1303 2595 habenis
1318 2586 1330 2603 ,
1368 2557 1614 2610 Infinditque
1648 2573 1705 2596 so-

989 2616 1070 2653 lum
1105 2624 1146 2652 et
1172 2628 1332 2665 spumas
1362 2614 1496 2652 'vomit
1524 2629 1603 2654 oere
1637 2617 1704 2653 tri·

989 2671 1126 2710 denti:
1138 2681 1176 2710 et
1187 2681 1312 2710 rostro
1327 2672 1457 2728 trifido
1469 2686 1530 2724 ap.
1548 2674 1616 2713 Sil.
1630 2676 1701 2720 VI,

992 2732 1014 2768 3
1023 2731 1072 2768 58
1088 2745 1097 2776 ;
1109 2740 1147 2768 et
1159 2731 1249 2768 talia
1261 2740 1386 2769 rostra
1396 2743 1499 2781 saepe
1514 2733 1558 2768 in
1573 2733 1704 2769 numis

991 2797 1029 2826 et
1052 2789 1136 2827 aliis
1155 2798 1249 2827 vett.
1273 2803 1450 2828 monum.
1470 2798 1703 2828 occurrunt.
