1767 3054
221 126 301 164 328

843 128 1086 168 AENEIDOS

219 221 237 239 (ι
263 195 431 244 Tollite
453 208 643 257 cuncta,
668 198 842 261 inquit,
868 209 1139 261 coeptosque
1164 197 1344 243 auferte
1367 196 1576 257 labores,

224 274 388 319 AEtnaei
411 275 662 337 Cyclopes,
684 282 730 321 et
754 275 846 321 huc
872 274 1102 321 advertite
1125 283 1328 319 mentem
1353 292 1363 318 ε

1644 285 1708 319 440

219 352 363 393 Arma
384 348 482 393 acri
506 349 717 395 facienda
738 350 842 395 viro
865 368 875 394 ε
900 365 1024 394 nunc
1047 346 1230 394 viribus
1251 364 1386 405 usus,

219 424 357 468 Nunc
380 423 596 469 manibus
623 424 822 486 rapidis,
849 423 976 468 omni
999 438 1124 467 nunc
1148 433 1247 468 arte
1268 424 1502 485 magistra.

219 498 512 559 Praecipitate
536 512 705 543 moras.
728 517 748 538 »
774 499 873 543 Nec
897 497 1034 558 plura
1054 496 1221 543 effatus
1247 515 1257 542 :
1283 509 1329 543 et
1351 498 1420 544 illi

222 571 367 617 Ocius
389 571 649 618 incubuere
674 587 857 630 omnes,
881 571 1153 633 pariterque
1174 570 1388 618 laborem

223 646 389 692 Sortiti
414 665 423 691 :
447 647 551 693 fluit
574 663 634 694 aes
657 648 794 705 rivis,
821 648 1020 709 aurique
1042 646 1307 705 metallum3

1646 658 1708 695 445

219 719 570 782 Volnificusque
593 720 786 782 chalybs
809 731 941 768 vasta
965 722 1154 768 fornace
1177 721 1406 783 liquescit.

225 798 469 856 Ingentem
495 797 715 858 clypeum
737 796 1019 854 informant,
1040 812 1188 841 unum
1212 797 1369 842 omnia
1391 807 1555 843 contra

221 868 334 914 Tela
357 871 658 927 Latinorum,
684 881 995 932 septenosque
1019 869 1217 916 orbibus
1242 869 1371 916 orbis

221 943 478 1005 Inpediunt
504 962 513 989 :
537 944 615 990 alii
638 945 846 992 ventosis
872 944 1062 992 follibus
1083 961 1219 991 auras

221 1018 482 1079 Adcipiunt
504 1020 825 1083 redduntque3
852 1021 932 1066 alii
955 1020 1200 1067 stridentia
1223 1019 1408 1082 tingunt

1651 1028 1714 1065 450

225 1095 338 1139 AEra
362 1093 467 1139 lacu
493 1111 503 1139 ε
529 1096 673 1157 gemit
696 1096 910 1158 inpositis
932 1094 1183 1142 incudibus
1208 1106 1409 1142 antrum.

221 1166 296 1212 Illi
318 1167 441 1214 inter
466 1184 564 1216 sese
589 1170 736 1216 multa
760 1170 808 1216 vi
829 1169 1025 1217 brachia
1049 1170 1220 1215 tollunt

218 1242 274 1286 In
293 1258 566 1304 numerum,
588 1258 871 1309 versantque
897 1246 1049 1293 tenaci
1073 1244 1252 1306 forcipe
1276 1259 1488 1290 massam.

286 1318 402 1363 Haec
425 1330 561 1380 pater
580 1319 744 1368 AEoliis
768 1330 994 1384 properat
1020 1320 1134 1367 dum
1153 1318 1375 1366 Lemnius
1398 1316 1516 1373 oris,

221 1497 368 1546 quippe
387 1497 430 1533 in
457 1498 584 1547 capite
605 1499 744 1537 reciso.
774 1501 832 1536 Ita
855 1505 937 1536 fere

221 1552 419 1591 artificum
436 1566 574 1590 manus
587 1583 597 1600 ‚
611 1568 653 1591 re
669 1557 832 1601 variata,
850 1556 938 1606 pul-

223 1610 316 1647 chra
337 1609 514 1647 Medusae
544 1612 692 1660 capita,
713 1611 810 1648 facie
826 1612 938 1649 incli-

223 1676 314 1704 nata
331 1669 375 1704 in
395 1676 553 1718 pectus,
579 1677 617 1705 et
635 1668 762 1706 oculis
779 1668 936 1718 dejectis

223 1723 393 1762 effinxit.

283 1789 379 1826 440.
408 1781 565 1819 AEtnaei
588 1782 782 1832 Cyclopes
808 1782 857 1821 ef.
889 1782 937 1820 ad

223 1852 263 1876 v.
296 1847 392 1888 419.
425 1841 474 1876 In
495 1851 579 1889 sqq.
603 1839 862 1877 festinationis
883 1840 938 1877 fe-

223 1895 283 1932 lix
305 1897 457 1933 notatio
489 1895 682 1933 brevitate
708 1905 746 1934 et
769 1898 938 1935 celerita-

224 1961 262 1989 te
286 1953 502 1990 verborum
531 1952 791 1993 observetur:
820 1956 939 1992 Nunc

226 2022 316 2046 usus
332 2009 494 2047 viribus.
507 2031 566 2038 —-
578 2011 659 2056 445
671 2040 681 2058 ,
708 2012 805 2056 446.
833 2012 938 2051 conf.

226 2066 340 2104 Iliad.
363 2081 385 2104 σ
398 2096 409 2114 ,
442 2075 536 2114 474.
549 2089 608 2096 —-
621 2069 718 2113 448.
749 2071 941 2120 Septenos

226 2124 379 2161 orbibus
408 2124 508 2161 orbis
535 2125 775 2174 impediunt,
806 2136 943 2164 ornate

228 2194 303 2232 pro
317 2209 328 2228 ,
349 2181 522 2229 faciunt3
544 2182 612 2218 sed
630 2184 793 2232 quinam
806 2185 865 2222 illi
880 2198 944 2222 or-

227 2239 297 2275 bes
318 2240 438 2276 suut?
466 2252 550 2277 non
575 2240 738 2286 circuli,
760 2249 884 2290 puto,
901 2243 944 2278 in

227 2296 344 2345 clipei
370 2294 579 2345 superficie
596 2296 730 2344 ducti,
751 2297 819 2334 sed
835 2298 945 2336 lami-

228 2365 290 2389 nae
307 2365 415 2390 aereae
433 2354 518 2389 aliae
536 2366 655 2404 super
673 2355 788 2391 aliam
802 2356 943 2406 impac-

229 2417 299 2456 ἴω,
319 2417 365 2446 ut
381 2410 624 2460 septemplex
650 2420 750 2448 esset
766 2412 916 2464 clipeus
929 2442 940 2461 ‚

231 2466 363 2516 quales
392 2469 614 2505 Homericae
631 2467 775 2519 πτύχες
802 2479 897 2508 sunt
911 2471 939 2509 l.

231 2535 265 2560 c.
298 2524 394 2568 481.
419 2525 525 2562 conf.
549 2525 662 2564 Iliad.
687 2537 732 2574 υ,
757 2527 837 2577 269
855 2541 912 2578 sq.
929 2556 939 2575 ‚

232 2588 270 2617 et
295 2594 318 2621 η
333 2608 343 2627 ,
375 2587 470 2627 247.
483 2603 540 2610 ·—-
558 2586 815 2633 449-453,
846 2587 942 2622 Eos-

232 2636 321 2675 dem
345 2650 402 2675 νε.
433 2638 475 2674 in
502 2640 646 2692 Georg.
665 2641 839 2679 vidimus
862 2644 942 2688 IV,

240 2707 315 2742 171
353 2708 438 2745 sqq.
458 2698 610 2741 -450
627 2725 638 2743 ,
664 2699 760 2742 451.
797 2702 851 2738 Ut
868 2699 942 2737 inf.

231 2753 320 2792 AEn.
334 2754 424 2800 XII,
439 2766 462 2804 9
475 2767 490 2790 1
511 2767 657 2803 ensem,
670 2769 786 2806 quem
801 2759 944 2794 Dauno

1001 1500 1225 1550 ignipotens
1245 1500 1374 1540 deus
1358 1513 1440 1547 lpse
1461 1497 1624 1547 parenti
1641 1499 1713 1537 Fe-

1002 1564 1133 1600 cet-,at
1155 1564 1195 1591 ec
1213 1553 1352 1605 qugia
1371 1551 1610 1591 candentem
1635 1547 1713 1591 cz'n-

1001 1620 1123 1648 xerat
1138 1610 1267 1654 unda,
1291 1619 1337 1647 ut
1360 1610 1628 1655 induresceret
1645 1611 1717 1648 fer-

1002 1681 1105 1705 rum.
1121 1667 1187 1706 Ad
1202 1667 1308 1712 452,
1331 1667 1411 1712 453
1425 1696 1436 1715 ,
1456 1669 1612 1718 praeivit
1632 1668 1716 1707 Cal-

1001 1724 1158 1763 limach.
1186 1726 1231 1761 in
1263 1725 1380 1763 Dian.
1421 1725 1494 1776 59,
1522 1726 1601 1773 60,
1634 1726 1713 1764 61.

1007 1779 1180 1839 μεγαλην
1205 1776 1248 1818 δὲ
1270 1779 1361 1829 βοῆ)
1387 1778 1451 1820 ἐπὶ
1473 1781 1616 1836 Κύρνος
1646 1781 1714 1822 ἀύ-

1003 1853 1080 1886 τει,
1102 1832 1190 1876 Εῠθ’
1216 1851 1251 1876 οι
1250 1852 1324 1906 γε
1355 1837 1560 1893 ραιστῆρας
1584 1838 1715 1893 ἀειρά-

968 1944 972 1946 ,
1004 1909 1110 1951 μενοι
1125 1892 1220 1948 ὑπὲρ
1242 1893 1355 1950 ὤμων
1376 1887 1410 1935 H
1436 1894 1582 1956 χαλκὸν
1603 1895 1714 1941 ζείον-

1004 1968 1056 1993 τοι
1075 1951 1275 2007 καμινόθεν
1296 1951 1340 1995 ἠὲ
1360 1950 1513 2022 σίδηρον
1532 1943 1714 2007 Augem-

1006 2007 1063 2057 δὶς
1086 2024 1128 2049 τε
1131 2010 1336 2060 τύποντες,
1356 2008 1420 2050 ἐπὶ
1437 2010 1546 2067 μέγα
1572 2010 1716 2065 μοχθή-

1008 2083 1048 2108 σ;
1055 2082 1128 2108 tow.
1404 2091 1408 2094 -

1069 2127 1150 2171 454
1174 2139 1254 2177 seq.
1278 2127 1418 2165 Artem
1437 2134 1566 2178 poetae
1588 2128 1631 2164 in
1648 2140 1714 2164 va-

1009 2186 1110 2222 riato
1134 2196 1268 2221 rerum
1288 2193 1328 2221 et
1348 2185 1537 2222 orationis
1558 2184 1714 2221 charac-

1011 2251 1092 2280 tere
1130 2241 1309 2280 observa.
1335 2242 1453 2279 Lenis
1479 2249 1519 2278 et
1545 2241 1713 2291 simplex

1010 2298 1255 2348 candidaque
1291 2311 1401 2336 nunc
1439 2297 1530 2335 fluit
1562 2299 1688 2336 oratio
1701 2327 1713 2344 ,

1009 2370 1136 2407 eoque
1162 2364 1273 2394 tanto
1296 2357 1418 2406 magis
1439 2362 1547 2406 grata
1561 2383 1572 2402 ‚
1602 2355 1713 2405 quod
1745 2379 1748 2382 Δ

1007 2414 1239 2465 strepitibus
1265 2422 1304 2451 et
1325 2411 1562 2450 tumultibus
1578 2424 1713 2450 succe-

1008 2472 1078 2511 dit.
1111 2469 1368 2522 Comparent‚
1394 2469 1540 2518 quibus
1567 2469 1713 2520 volupe

1007 2538 1064 2566 est
1084 2530 1128 2566 in
1152 2542 1237 2578 sqq.
1275 2526 1480 2564 heroicum
1523 2527 1711 2564 amictum

1008 2598 1263 2637 cognoscere,
1283 2583 1394 2621 Iliad.
1413 2580 1462 2632 β,
1485 2591 1556 2630 42;
1574 2582 1651 2623 Od.
1669 2579 1710 2631 ῧ,

1007 2656 1068 2694 pr.
1087 2638 1135 2688 ὃ,
1161 2644 1267 2690 3073
1297 2653 1339 2686 0,
1372 2641 1450 2688 603
1471 2653 1518 2688 υ,
1548 2649 1652 2686 124:
1672 2649 1712 2678 et

1008 2699 1056 2737 ad
1073 2713 1110 2738 v.
1129 2699 1210 2748 459
1227 2698 1275 2737 cf.
1297 2698 1441 2749 odyss.
1466 2711 1513 2745 κ,
1531 2699 1633 2745 261;
1665 2694 1710 2744 ξ,

1012 2757 1061 2794 52
1070 2757 1107 2794 8.
1128 2757 1256 2794 Etiam
1270 2756 1346 2794 hoc
1358 2769 1408 2793 ex
1417 2756 1576 2794 heroica
1587 2762 1711 2802 aetate,
