1767 3054
664 154 819 192 LIBER
849 153 945 190 VII.

1483 165 1564 204 209

58 231 117 275 Et
139 228 332 277 Cereale
353 227 503 273 solum
527 224 681 287 pomis
704 223 969 287 agrestibus
990 233 1177 285 augent.

61 305 327 351 Consumtis
350 302 430 347 hic
453 302 574 346 sorte
600 300 724 358 aliis,
748 312 801 346 ut
825 310 1012 345 vertere
1036 315 1222 345 morsus

61 379 291 441 Exiguam
311 377 360 422 in
384 378 605 422 Cererem
632 375 832 437 penuria
855 373 1012 435 adegit
1037 372 1233 430 edendi,

61 454 119 498 Et
142 453 319 498 violare
339 466 483 496 manu
506 449 735 511 malisque
762 447 1022 494 audacibus
1043 447 1211 494 orbem

59 526 231 574 Fatalis
255 526 424 583 crusti,
444 524 617 587 patulis
639 540 725 569 nec
747 539 942 586 parcere
962 522 1158 584 quadris
1181 541 1192 568 ε
1503 536 1562 566 115

63 622 82 643 α
106 603 258 647 Heus!
284 600 425 648 etiam
450 615 632 646 mensas
652 599 989 645 consumimus!
1016 618 1034 637 υ
1058 597 1211 659 inquit
1237 596 1384 645 Iulus.

59 679 161 725 Nec
181 676 319 739 plura
343 676 583 722 adludens.
605 679 671 721 Ea
691 690 786 720 vox
807 673 967 720 audita
986 672 1205 719 laborum

61 751 218 797 Prima
242 752 348 798 tulit
371 752 534 809 finem,
559 751 855 813 primamque
875 749 1110 811 loquentis
1137 747 1196 795 ab
1218 765 1302 796 ore

60 826 250 888 Eripuit
270 837 424 889 pater,
447 843 501 872 ac
521 827 810 888 stupefactus
834 824 1026 870 numine
1051 823 1235 886 pressit.

62 901 300 948 Continuo
324 918 334 946 :
359 923 378 943 «
402 902 540 948 Salve
562 901 669 947 satis
690 900 807 947 mihi
827 899 988 946 debita
1012 899 1169 957 tellus,

1508 922 1566 943 120

63 1081 142 1110 tur.
171 1075 307 1112 Servat
326 1082 457 1112 tamen
476 1073 553 1113 hoc
573 1077 779 1113 Romanus
844 1075 928 1112 rior
955 1072 1080 1111 forma
1110 1085 1185 1123 pro
1217 1071 1389 1123 vulgari,
1425 1080 1571 1110 crusta.

66 1143 241 1181 quoque.
255 1153 313 1160 ——
328 1132 391 1169 Sic
414 1132 572 1182 Jupiter
593 1132 662 1170 ille
696 1147 780 1171 mo-

66 1188 208 1233 nebat,
238 1191 400 1236 animis,
436 1199 479 1226 ut
505 1192 557 1227 ita
586 1191 779 1239 facerent,

65 1245 312 1293 subjiciebat.
330 1247 473 1285 Eadem
494 1248 574 1285 liba
597 1262 694 1286 mox
717 1250 784 1287 Ce-

66 1304 176 1340 reale
215 1304 367 1351 solum,
393 1314 588 1355 quatenus
615 1307 786 1344 subster-

66 1369 220 1398 nuntur
230 1364 383 1412 pomjs;
404 1363 482 1400 hoc
508 1372 662 1416 augent
683 1367 784 1402 Tro-

62 1418 145 1466 jani
165 1420 319 1469 pomis,
357 1422 539 1471 imposita
571 1435 785 1472 pomorum

66 1483 173 1514 strue
185 1476 201 1528 (
213 1485 258 1513 ut
274 1487 490 1529 augentur,
508 1479 763 1516 cumulantur
774 1509 785 1527 ,

69 1546 152 1570 aroe
179 1533 347 1585 donis);
368 1534 503 1572 eadem
534 1537 668 1585 paullo
696 1545 788 1587 post

69 1590 220 1642 exigua
244 1592 382 1639 Ceres,
409 1592 511 1630 orbis
517 1592 670 1644 fatalis
685 1607 789 1630 crus-

69 1647 101 1685 ti
109 1676 121 1694 ‚
149 1658 189 1686 ec
205 1650 363 1700 patulae
384 1651 563 1701 quadrae.
584 1651 633 1689 cf.
658 1653 790 1689 More-

69 1713 154 1743 tum
174 1720 211 1746 v.
236 1708 288 1752 46
303 1736 314 1755 ,
337 1716 476 1756 47.—-
494 1711 587 1747 113.
612 1709 791 1746 Penuria

71 1763 238 1810 edendi,
271 1774 329 1803 est
351 1767 520 1817 penuria
549 1767 657 1814 ejus,
679 1767 790 1817 quod

71 1820 269 1859 edendum
306 1832 430 1868 esset,
459 1823 615 1860 comedi
642 1833 787 1875 posset.

910 1145 927 1169 1
943 1132 1004 1169 16.
1032 1132 1118 1168 Heu
1142 1129 1320 1169 ParrhaS.
1350 1129 1574 1167 Consumsi-

850 1203 935 1227 mus
948 1190 1100 1239 aliquot
1120 1190 1220 1227 Pier.
1239 1196 1276 1225 et
1286 1197 1363 1225 tres
1374 1189 1526 1235 Burm.,
1540 1190 1574 1227 si

849 1257 953 1285 recte
970 1247 1084 1297 capio
1102 1274 1111 1292 ,
1127 1247 1222 1283 item
1240 1249 1435 1296 Pompon.
1458 1246 1547 1284 Sab.
1561 1275 1573 1294 ‚

850 1319 925 1343 nec
941 1305 1127 1342 male.Sic
1143 1305 1185 1340 in
1202 1303 1277 1340 hac
1297 1316 1338 1340 re
1355 1302 1462 1352 apud
1481 1305 1575 1342 Dio-

852 1376 941 1414 nys.
967 1360 1054 1399 ἀλλ’
1074 1360 1162 1413 ἡμῖν
1186 1356 1262 1401 ’ἤδη
1285 1373 1332 1414 γε
1351 1356 1418 1396 καὶ
1439 1359 1463 1401 ἦ
1483 1359 1576 1414 τροί-

852 1419 954 1464 πεζοι
981 1414 1350 1459 καδεὸᾗὸοται.--Ῑ
1365 1418 1496 1456 16—1
1508 1432 1576 1469 29,

851 1482 955 1515 Bene
988 1486 1097 1515 certo
1136 1475 1292 1513 homini
1331 1485 1370 1513 et
1406 1479 1579 1515 maxime

853 1535 942 1572 Iulo
966 1543 1096 1585 partes
1114 1534 1283 1570 dicentis
1307 1533 1397 1579 dat;
1422 1536 1495 1570 etsi
1517 1536 1578 1572 in·-

854 1602 914 1629 ter
934 1601 1062 1629 cetera
1091 1592 1168 1629 hoc
1195 1604 1357 1641 quoque
1388 1591 1578 1630 traditum

855 1651 1034 1700 accipere
1059 1651 1205 1700 potuit.
1223 1645 1463 1694 'Alludens,
1501 1663 1578 1700 pro

856 1708 1052 1752 arridens,
1081 1705 1317 1752 subridens,
1347 1706 1458 1756 quod
1477 1709 1579 1745 Bur·

856 1778 991 1803 mann.
1025 1765 1194 1801 illustrat
1207 1792 1217 1810 ,
1249 1772 1318 1801 aut
1352 1765 1482 1815 simpl.
1514 1765 1578 1803 lu-

857 1822 954 1859 dens
968 1850 978 1867 ‚
1009 1823 1145 1870 jocans
1158 1850 1168 1867 ‚
1202 1820 1250 1857 ad
1283 1822 1425 1859 socios.
1470 1822 1580 1860 Tulit

74 1877 236 1916 Violare
268 1892 316 1917 eo
347 1880 468 1918 refert
499 1880 622 1918 Cerda
641 1909 651 1928 ,
681 1881 791 1931 quod
842 1879 1001 1933 finem,
1027 1877 1267 1930 significavit
1292 1879 1498 1926 Trojzmis,
1531 1877 1582 1916 fi-

71 1948 205 1972 mensa
222 1937 327 1973 inter
342 1950 404 1974 res
415 1950 539 1974 sacras
555 1937 790 1977 habebatur.

73 1995 205 2031 Potest
223 1993 315 2030 ferri
329 2007 340 2038 ;
356 2002 486 2044 potest
500 1996 616 2031 etiam
631 1995 713 2032 huc
727 1995 792 2032 ad-

72 2052 206 2088 vocari
222 2051 334 2088 locus
344 2065 394 2088 ex
410 2054 517 2089 Sext.
531 2053 670 2090 Anrel.
684 2054 790 2091 Vict.

73 2110 123 2146 O.
149 2109 199 2145 G.
219 2111 269 2146 R.
301 2122 350 2146 ιο
373 2119 657 2160 consumtoque
686 2110 796 2161 quod

61 2163 207 2216 fuerat
226 2165 306 2202 cibi
318 2177 489 2203 crustam
506 2167 627 2204 etiam
642 2168 695 2204 de
703 2168 794 2219 sar·

73 2222 152 2259 reis
167 2224 333 2270 mensis,
346 2238 448 2274 quas
463 2234 644 2262 sacratas
660 2239 793 2264 secum

73 2278 267 2327 habebat,
296 2281 512 2319 comedisse
524 2298 541 2328 ;
572 2283 792 2321 secundum

72 2349 160 2388 quae
177 2337 296 2376 fuisse
316 2339 503 2377 videntur
515 2369 524 2386 ,
546 2343 615 2390 qui
639 2341 717 2379 liba
735 2355 793 2379 sa-

72 2407 139 2433 cra
172 2395 248 2434 diis
269 2398 479 2448 penatibus
512 2399 649 2435 offerri
679 2400 791 2437 solita

70 2453 116 2491 in
132 2452 206 2491 hac
228 2454 361 2493 fabula
388 2458 717 2503 memoraverint;
740 2457 790 2495 cf.

70 2509 170 2549 ibid.
189 2525 224 2551 c.
250 2525 266 2549 x
278 2525 313 2551 1.
330 2515 379 2551 In
395 2514 551 2564 poetica
564 2522 694 2551 tamen
711 2528 794 2552 ora-

72 2567 186 2606 tione
206 2572 372 2609 omnino
403 2584 485 2608 esse
514 2580 663 2622 potest,
691 2573 793 2609 sran-

72 2639 163 2677 gere
176 2655 188 2673 ,
204 2630 486 2668 comminuere.
497 2651 558 2658 —
573 2643 589 2667 1
604 2643 618 2667 1
629 2631 666 2669 5.
682 2632 793 2669 Crus-

75 2691 126 2720 tae
154 2685 282 2737 Bigot.
319 2687 454 2725 Fuisse
488 2689 558 2738 qui
578 2688 706 2740 smsti
736 2689 791 2727 le-

73 2750 232 2790 gerent,
274 2756 324 2781 ex
370 2745 498 2783 cerda
533 2746 787 2797 intelligitur.

76 2796 255 2838 cnutum
291 2809 351 2840 est
384 2803 619 2855 exquisitior
653 2812 692 2842 et
730 2817 790 2842 ra·

856 1949 947 1974 nem
972 1936 1116 1974 adesse.
1137 1935 1213 1975 Sed
1231 1936 1414 1972 vaticinia
1438 1935 1582 1974 dicun-

859 2002 925 2030 tur
954 1993 1109 2031 efficere
1134 2006 1197 2038 ea,
1219 2005 1309 2042 quae
1338 2002 1503 2030 monent
1519 1995 1580 2032 fu·

858 2059 946 2088 tura
959 2065 1040 2088 esse
1055 2079 1065 2097 ,
1086 2050 1212 2087 multo
1226 2051 1348 2101 magis
1361 2059 1444 2088 tum
1457 2079 1467 2097 ‚
1488 2065 1582 2090 cum

858 2111 1011 2146 exitum
1027 2109 1189 2146 habent.
1202 2130 1260 2137 ——
1275 2120 1291 2144 1
1304 2121 1367 2158 19.
1385 2108 1584 2159 Corripuit

859 2167 984 2212 Ven,;
1017 2179 1099 2203 nou
1130 2166 1254 2212 male,
1281 2166 1413 2216 inquit
1440 2169 1582 2208 Heius.

859 2225 1112 2261 Burmannus
1148 2225 1253 2272 conj.
1295 2223 1492 2274 arripuit;
1519 2228 1581 2264 uti

859 2281 1010 2332 accipi,
1032 2281 1178 2332 arripi,
1197 2294 1314 2318 omen
1335 2282 1447 2320 solet.
1470 2283 1581 2321 Nihil

859 2346 992 2377 tamen
1012 2348 1160 2386 mutat,
1184 2347 1222 2376 et
1247 2339 1398 2389 eripere
1422 2339 1472 2377 ad
1494 2341 1580 2378 vul·
1637 2362 1646 2373 ν

858 2410 988 2449 garem
1004 2398 1324 2448 superstitionem
1345 2398 1486 2444 refert,
1501 2405 1585 2436 tan<

858 2468 978 2505 quam
995 2455 1246 2506 prohibuerit
1262 2458 1400 2493 AEneas
1414 2484 1424 2503 ,
1442 2469 1492 2492 ne
1509 2458 1583 2493 As-

860 2515 997 2550 canius
1013 2514 1126 2564 plura
1142 2514 1243 2551 forte
1258 2514 1477 2551 inominata
1490 2513 1582 2551 sub-

855 2571 1016 2619 jiceret,
1038 2579 1076 2608 et
1091 2571 1182 2609 ideo
1194 2570 1357 2622 pressit,
1379 2571 1480 2608 forte
1501 2584 1581 2609 ma-

858 2641 916 2665 nu
936 2641 1005 2666 sua
1019 2657 1030 2674 ,
1057 2642 1100 2666 os
1123 2630 1298 2667 Ascanii.
1316 2650 1375 2657 --
1391 2628 1576 2679 Eripuit,
1623 2642 1628 2647 ·

857 2687 1088 2737 simpliciter
1099 2686 1208 2734 dicti,
1223 2686 1332 2737 quod
1341 2690 1480 2725 AEneas
1491 2687 1582 2723 sub-

853 2746 941 2792 jicit
953 2773 965 2791 ,
975 2745 1213 2783 celeritatem
1227 2744 1411 2790 declarat;
1421 2756 1584 2794 acpres·

856 2802 919 2851 sit,
936 2816 1076 2843 vocem
1087 2803 1252 2842 Ascanii
1261 2803 1458 2854 repressit,
1472 2814 1580 2839 eum-

1296 2881 1375 2928 18*
