1767 3054
116 129 197 166 250

744 132 984 169 AEXEIDOS

114 198 337 248 Promissi
362 198 449 245 dea
472 200 593 246 facta
613 212 801 262 potens,
828 203 912 249 ubi
932 205 1156 267 sanguine
1175 204 1351 253 bellum

117 276 305 334 Inbuit,
330 286 375 321 et
398 277 563 339 primae
589 278 803 323 conmisit
830 279 994 325 funcra
1018 296 1210 342 pugnae,

119 350 306 396 Deserit
326 352 625 413 Hesperiam,
651 364 719 409 et,
742 353 846 398 coeli
869 370 1102 412 convexa,
1126 373 1212 418 per
1236 372 1373 402 auras

120 430 146 472 J
151 442 354 472 unonem
376 426 549 471 victrix
572 427 759 472 adfatur
782 444 898 473 voce
918 429 1124 490 superba
1145 451 1154 476 :

124 524 143 543 «
165 504 257 557 En,
282 501 489 562 perfecta
515 500 602 546 tibi
625 500 750 546 bello
776 500 1012 548 discordia
1034 504 1176 549 tristi!

1554 511 1615 549 545

121 578 233 636 Dic,
256 577 303 621 in
327 576 579 622 amicitiam
602 588 790 633 coeant,
811 587 857 621 et
882 577 1058 623 foedera
1075 580 1288 641 jungant,

126 651 524 712 Quandoquidem
548 651 759 696 Ausonio
783 651 986 712 respersi
1006 653 1231 714 sanguine
1252 656 1473 700 Teucros.

125 730 230 774 Hoc
250 727 391 773 etiam
414 726 488 772 his
509 726 701 784 addam,
726 737 808 773 tua
827 726 867 772 si
890 726 1008 772 mihi
1030 738 1159 773 certa
1182 727 1422 786 voluntaS,

125 931 177 975 V,
203 941 225 966 2
246 956 256 975 ,
280 940 346 965 21.
370 927 594 966 Obnuntiat
610 926 847 967 divinationi

126 987 397 1031 Burmannus,
412 984 480 1022 sed
494 985 590 1035 quid
607 1000 722 1036 aequo
739 989 846 1024 Blar-

127 1053 167 1081 te
201 1045 272 1089 sit,
307 1055 450 1093 parum
486 1043 661 1094 expedit.
692 1045 848 1083 Scilicet

127 1110 208 1148 est,
230 1102 317 1151 pari
337 1103 524 1150 utrinque
548 1101 643 1138 beni
662 1101 843 1149 fortuna,

127 1172 262 1209 pugna
283 1160 327 1195 in
349 1168 531 1195 neutram
551 1168 704 1209 partem
731 1160 846 1198 incli-

128 1225 234 1263 nata3
248 1225 294 1253 ut
313 1216 405 1252 alias
422 1216 553 1262 dubio,
576 1231 695 1263 coeco,
714 1219 845 1254 Marte

129 1282 346 1325 pugnatur.
386 1275 542 1323 AEquus
578 1284 712 1312 autem
746 1288 845 1325 pro,

130 1332 289 1381 aequalis
299 1359 309 1378 ,
327 1332 418 1367 satis
430 1331 616 1381 frequens
627 1341 696 1370 est.
710 1333 847 1370 Paullo

132 1389 257 1433 aliter,
285 1401 360 1425 nec
378 1396 509 1425 tamen
526 1390 699 1426 multum
722 1389 848 1427 diver-

133 1459 173 1482 se
187 1458 248 1495 ap,
261 1448 412 1483 Lucan.
427 1448 488 1482 III
500 1473 511 1492 ,
532 1446 613 1483 585
629 1446 740 1484 navis
752 1447 848 1483 dex-

134 1512 235 1539 trum
277 1502 495 1553 laevumque
543 1512 675 1540 tuetur
717 1507 848 1553 AEquo

133 1562 265 1597 Marte
292 1559 409 1597 latus.
434 1581 492 1588 —-
518 1560 599 1604 540
626 1574 683 1609 sq.
715 1562 849 1609 AEquo

134 1618 290 1661 Marte,
318 1617 405 1666 pari
428 1618 616 1666 utrinque
646 1617 743 1654 belli
771 1618 850 1653 for-

136 1683 256 1719 tuna,
280 1686 415 1724 pugna
433 1674 477 1709 in
496 1682 675 1711 neutram
699 1682 851 1724 partem

133 1730 337 1768 inclinata.
386 1731 625 1781 Comparant
660 1733 850 1795 tiansitus

139 1789 308 1826 sormam
341 1787 453 1826 Iliad.
488 1801 530 1835 ε,
560 1790 612 1833 84
641 1793 691 1834 Ως
720 1788 753 1827 οἱ
782 1786 829 1842 μὲ
814 1804 849 1827 :a

137 1853 215 1884 etc.
238 1844 432 1882 Promissi
462 1817 611 1895 po'tens
656 1845 850 1901 &zedam

137 1917 165 1941 ἢ
172 1916 227 1940 εον
214 1918 279 1956 μ
265 1896 477 1944 ένηῶνῦπε
471 1902 551 1953 ’σχε
537 1917 610 1942 το.
626 1904 675 1943 cf.
691 1905 850 1950 ad341.

139 1960 348 2012 Sanguine
360 1961 507 1998 bellum
522 1962 671 2001 imbuzt.
682 1964 854 2011 Servius,

137 2020 323 2056 initiavit.
345 2019 522 2066 Scilicet,
540 2022 702 2071 proprie
718 2021 859 2058 Latzni

135 2076 414 2113 imbuebantur
458 2078 654 2128 sanguine
693 2078 770 2129 (ut
815 2092 854 2117 v.

142 2135 224 2178 554
238 2133 402 2185 sanguis
412 2148 532 2171 novus
550 2135 688 2172 imbuit
705 2136 854 2187 arma),

139 2191 456 2239 inducebantur,
477 2192 736 2230 trahebantur
749 2221 759 2240 ,
775 2196 857 2244 pri-

143 2263 206 2287 ma
225 2249 331 2288 caede
359 2251 479 2297 facta,
502 2251 552 2288 ad
578 2251 727 2289 bellum
749 2251 854 2290 conf.

143 2307 214 2343 inf.
255 2308 350 2354 547.
394 2309 564 2346 Doctius
601 2311 734 2359 ipsum
775 2309 857 2346 bel-

145 2363 226 2399 Iam
255 2364 463 2410 imbuitur,
498 2367 734 2413 instituitur,
770 2380 858 2403 san-

146 2422 278 2470 guine.
326 2425 386 2459 Ex
430 2425 554 2473 copiis
574 2453 584 2471 ,
624 2437 714 2474 quae
754 2424 861 2474 apud

149 2477 314 2515 Cet-dam
332 2479 542 2527 habentur,
561 2495 689 2518 unum
706 2482 784 2519 huc
802 2495 862 2518 re·

148 2535 246 2571 feras
267 2538 463 2586 Propertii
481 2541 551 2584 IV,
576 2552 647 2585 10,
669 2541 691 2577 5
713 2539 862 2577 Imbuis

150 2593 376 2642 exemplum
403 2594 548 2643 primoe
573 2605 634 2641 tu,
663 2599 856 2642 Romule,

143 2649 326 2699 palmae:
342 2650 498 2688 inducis
516 2654 763 2703 exemplum,
781 2668 860 2705 quo

911 930 1088 967 sentiunt
1100 942 1236 966 omnes
1250 927 1365 968 codd.
1374 929 1419 967 in
1427 941 1618 974 convexa,

912 988 988 1024 nisi
1020 986 1132 1038 quod
1150 986 1297 1026 Medic.
1326 1000 1349 1024 a
1368 1000 1420 1025 m.
1445 1000 1506 1038 pr.
1531 1001 1624 1024 con-

914 1058 1022 1081 versa
1033 1074 1045 1090 ,
1066 1044 1175 1095 quod
1187 1045 1449 1095 Cuningham.
1463 1045 1623 1095 probat,

914 1115 1086 1152 cumque
1115 1115 1162 1139 eo
1190 1102 1417 1139 Brunckius
1447 1104 1621 1153 recepit:

912 1173 1001 1197 meo
1018 1173 1135 1196 sensu
1147 1168 1266 1196 tenue
1283 1168 1321 1197 et
1337 1159 1440 1196 exile
1452 1169 1529 1206 est3
1547 1172 1623 1198 sec.

912 1219 1059 1255 Moret.
1078 1230 1287 1262 connexa,
1311 1218 1463 1254 vin'ose.
1487 1219 1626 1267 Quum

913 1283 1046 1312 tamen
1059 1275 1273 1312 verborum
1285 1275 1473 1323 junctura
1488 1274 1626 1324 paullo

913 1332 1149 1370 insolentior
1183 1334 1256 1378 sit,
1289 1332 1483 1370 canterus
1519 1332 1628 1382 apud

913 1392 1052 1428 Heius.
1086 1391 1254 1439 conjecit
1281 1401 1291 1427 :
1320 1388 1412 1426 caeli
1448 1401 1629 1426 convexa

907 1461 1136 1498 peragrans
1170 1447 1235 1483 vel
1260 1458 1503 1497 perer-ran&
1537 1448 1630 1483 satis

913 1504 1060 1552 jejune.
1096 1505 1310 1541 Musonius
1343 1515 1527 1540 convexa
1554 1516 1629 1553 pro

916 1569 1105 1597 convecta
1137 1561 1290 1596 dictum
1327 1573 1408 1597 esse
1444 1560 1626 1606 volebat,

916 1630 971 1653 sc.
992 1617 1134 1654 Alecto
1153 1624 1264 1652 vecta
1276 1629 1346 1665 per
1357 1629 1482 1653 auras.
1505 1616 1630 1654 Cerda

919 1686 1009 1710 cum
1026 1673 1218 1711 Turnebo
1230 1674 1390 1709 Furiam
1409 1685 1629 1710 convexam

919 1731 999 1767 dici
1036 1743 1151 1780 posse
1194 1731 1375 1779 putavit,
1411 1738 1456 1766 ut
1497 1730 1630 1768 amnis

918 1788 1091 1825 devexus
1110 1789 1168 1824 IV
1186 1788 1258 1824 Ge.
1276 1789 1355 1836 293
1378 1800 1477 1836 sqq.‚
1492 1801 1632 1838 perpe-

919 1858 1004 1882 ram
1022 1846 1176 1894 utique.
1193 1844 1389 1893 Equidem
1402 1844 1504 1882 bene
1515 1846 1632 1883 intel-

918 1903 999 1954 ligo
1013 1930 1023 1949 ,
1036 1903 1069 1939 si
1087 1901 1207 1939 verba
1223 1900 1273 1938 ad
1290 1901 1512 1939 naturalem
1526 1903 1634 1940 ordi-

922 1973 1013 1998 nem
1042 1972 1203 1997 revoces
1232 1958 1336 2010 (per
1367 1971 1511 2007 auras,
1546 1960 1638 1997 coeli

923 2015 1134 2070 convexa),
1148 2017 1328 2068 expediri
1340 2015 1635 2067 quodammodo

922 2077 1098 2127 priorem
1139 2088 1324 2121 versum3
1364 2073 1466 2112 illud
1503 2083 1638 2113 tamen

923 2133 1106 2171 nondum
1150 2145 1400 2183 concoquere
1442 2145 1605 2183 possum
1625 2145 1636 2170 :

923 2191 1086 2229 Furiam
1133 2190 1289 2241 alloqui
1326 2192 1528 2227 ,sunonem
1560 2202 1639 2239 per

925 2262 1058 2287 auras.
1097 2251 1227 2295 Latet,
1265 2255 1366 2298 puto
1380 2276 1391 2295 ,
1428 2247 1552 2284 facilis
1588 2245 1637 2283 ad

924 2306 1192 2358 indagandum
1207 2306 1326 2343 lectio
1338 2317 1347 2342 :
1358 2304 1524 2354 coelique
1536 2315 1639 2340 evec-

927 2374 970 2402 ta
998 2378 1070 2416 per
1099 2377 1231 2410 auras,
1249 2371 1288 2399 et
1314 2363 1468 2414 peperit
1492 2360 1637 2398 vitium

928 2422 1210 2472 compendium
1243 2422 1310 2457 τοῦ
1347 2432 1435 2469 que.
1469 2439 1527 2446 —-
1561 2420 1640 2456 Per

930 2493 1073 2526 auras,
1112 2478 1204 2516 eoeli
1242 2488 1419 2513 convexa
1433 2504 1445 2521 ‚
1488 2476 1612 2525 junge
1627 2504 1638 2523 ‚

926 2538 1052 2574 verbo
1064 2545 1194 2574 motus
1206 2535 1365 2579 omisso,
1377 2545 1418 2570 v,
1435 2545 1469 2570 c.
1490 2541 1638 2572 evecta.

928 2593 1018 2639 Dic,
1048 2594 1199 2630 ironice
1220 2600 1406 2640 tanquam
1429 2585 1638 2628 ἀδύνατον.

927 2673 985 2679 --
1006 2651 1101 2695 548.
1132 2651 1219 2686 Hoc
1247 2646 1422 2693 addam,
1458 2647 1499 2685 in
1533 2647 1641 2686 bella

149 2706 395 2755 imbuantur,
419 2719 655 2747 moveantur
682 2712 729 2747 ad
754 2714 861 2748 simi-
915 2708 1076 2760 feram,
1109 2707 1278 2757 rapiam,
1308 2703 1467 2744 doctius
1498 2718 1636 2758 quam,

149 2764 228 2802 lem
249 2774 436 2804 conatum
452 2767 530 2805 alii.
553 2789 612 2796 —
639 2769 733 2812 543.
757 2770 861 2808 Con-

928 2766 976 2804 ad
995 2765 1146 2804 bellum
1168 2761 1393 2803 accendam.
