1767 3054
202 85 280 123 150

820 80 1060 119 AENEIDOS

197 159 414 213 Viscera,
437 152 729 214 rimaturque
753 152 925 213 epulis,
946 151 1223 213 habitatque
1245 148 1333 196 sub
1361 149 1455 195 alto

199 235 420 289 Pectore3
443 245 530 276 nec
554 227 685 274 fibris
705 228 892 290 requies
917 227 1057 273 datur
1079 226 1173 273 ulla
1197 225 1386 271 renatis.

1556 113 1740 179 m
1763 68 1767 74 .

1630 235 1691 264 600

203 305 333 364 Quid
357 320 614 351 memorem
638 302 884 365 Lapithas,
911 302 1100 359 Ixiona,
1124 299 1513 361 Pirithoumque?

203 384 336 438 Quos
356 395 498 441 super
518 389 618 424 atra
631 378 747 424 silex
761 378 964 440 jamjam
981 376 1191 438 lapsura,
1205 374 1486 436 cadentique

205 455 423 502 Imminet
444 454 666 501 adsimilis
688 471 700 511 ;
726 453 883 500 lucent
908 451 1168 515 genialibus
1195 451 1298 498 altis

205 654 262 691 At
279 653 323 688 in
344 649 436 688 ΑΜ.
469 650 575 694 1514
604 652 770 701 Nauger.
797 649 921 687 edidit

207 709 388 748 tondens.
415 708 599 745 Alterum
623 708 783 758 quidem
798 735 808 754 ‚
833 717 921 745 tun-

208 768 330 811 dens,
372 774 506 803 tuetur
536 766 650 804 Cerd.
680 766 757 805 Sed
788 767 924 817 exqui-

208 827 320 863 sitius
340 824 791 863 alterum.—Laboravit
807 833 924 875 poeta

211 884 590 928 f01·te‚utH0meric.
604 881 762 935 Δέρτρον
775 880 847 919 ἔσω
859 877 924 920 δύ-

210 952 334 982 νεντες
352 941 603 988 exprimeret.
622 941 855 978 Immortale
872 940 927 989 je-

212 1010 299 1042 cur,
321 997 483 1034 Hesiod.
502 997 549 1032 de
563 998 798 1035 Prometheo
818 989 925 1048 ἧπαρ

215 1051 405 1092 ἀθάνατον
424 1063 482 1091 est
498 1054 646 1105 Theog.
669 1055 764 1091 523.
779 1055 928 1090 Fecun-

214 1111 402 1163 dapoenis
414 1111 573 1148 ‘viscera
585 1112 773 1162 praeclare
785 1139 795 1157 ,
805 1112 928 1159 jecur,

215 1170 327 1220 quod
343 1170 561 1206 renascitur
590 1168 640 1206 ad
667 1182 819 1206 novum
836 1182 929 1219 sup-

216 1228 406 1277 plicium,
440 1235 486 1263 ut
504 1228 652 1263 iterum
681 1228 767 1264 erui
792 1228 930 1277 possit.

217 1284 374 1335 Epulis,
399 1284 448 1320 ad
464 1285 611 1334 epulas.
635 1284 869 1320 Rimamur:
885 1283 933 1320 de

218 1342 485 1380 animantibus
529 1341 720 1391 pabulum
764 1354 784 1378 e
831 1349 932 1378 terra

220 1399 465 1438 eruentibus,
497 1400 558 1437 Sic
591 1399 709 1449 cygni
738 1398 934 1435 rimantur

210 1467 335 1510 prata
358 1459 502 1507 Georg.
523 1458 542 1492 I
556 1485 566 1502 ,
595 1457 690 1500 384.

278 1515 356 1552 601
376 1543 386 1560 ‚
429 1515 525 1552 602.
575 1516 660 1563 Quo
697 1527 812 1563 super
854 1517 934 1552 Ro-

217 1587 323 1611 man.
361 1571 467 1608 Silii·
500 1571 607 1609 Leid.
645 1572 823 1609 Cadente
857 1580 934 1608 tres

218 1630 326 1682 apud
352 1631 636 1668 Burmannum.
679 1631 762 1680 Que
792 1643 811 1666 a
833 1630 933 1666 mul-

217 1692 267 1727 tis
322 1688 430 1724 abest
446 1716 456 1734 ‚
501 1689 617 1725 etiam
670 1699 691 1723 a
735 1690 928 1726 Romano.

219 1746 352 1793 Male3
387 1747 490 1783 inest
527 1747 631 1782 enim
661 1746 718 1782 vis
755 1745 804 1782 ad
845 1745 930 1781 red-

219 1803 387 1842 dendam
408 1803 568 1840 autibus
591 1805 679 1841 soni
704 1805 927 1854 imaginem.

221 1866 358 1913 Quum
375 1860 466 1908 hoc,
484 1861 592 1911 quod
610 1863 807 1911 sequitur,
828 1874 932 1898 com-

219 1921 333 1957 muni
351 1922 575 1957 narratione
592 1919 758 1957 Tantalo
782 1919 930 1955 tribua-

221 1987 312 2024 tur,
347 1990 421 2014 nec
454 1979 589 2023 trinis,
621 1978 693 2027 qui
714 1976 935 2014 memoranJ

220 2045 312 2081 tur,
343 2036 462 2073 simul
489 2036 684 2072 tributum
719 2035 814 2071 alibi
839 2036 890 2071 sit
919 2048 928 2074 :

219 2101 349 2144 potest
380 2093 498 2131 lectio
524 2097 702 2132 Romana
725 2092 901 2142 praeferri
921 2105 930 2130 :

222 2164 298 2201 quo
319 2164 457 2201 super,
494 2160 539 2188 ut
557 2151 812 2202 interrogatio
837 2163 931 2187 con-

223 2210 402 2246 tinuetur
438 2221 447 2247 :
488 2208 595 2259 Quid
637 2221 849 2245 memorem
876 2230 932 2235 —

228 2267 314 2313 Quo
340 2279 458 2315 super
474 2287 532 2296 —-
555 2265 739 2303 imminet
769 2265 932 2302 adsimi-

226 2321 275 2356 lis
289 2326 308 2356 .³
337 2325 419 2359 Etsi
439 2324 501 2360 vel
518 2325 593 2370 sic,
620 2326 653 2360 si
673 2324 749 2361 hoc
763 2324 934 2360 scribere

226 2377 414 2415 voluisset
441 2383 578 2427 Maro,
599 2383 818 2431 scripturus
843 2381 935 2417 fuis-

227 2443 284 2472 set
302 2446 311 2471 :
334 2437 409 2479 Ec,
443 2450 559 2486 super
575 2448 666 2474 acra
694 2438 799 2475 silex
817 2451 934 2487 quem

219 2492 311 2542 jam
330 2492 514 2541 lapsura,
543 2494 776 2545 cadentique
795 2494 933 2532 Immi-

228 2558 296 2586 net
313 2549 506 2587 adsimilis
524 2556 544 2587 .³
563 2553 701 2599 Nunc,
733 2564 857 2602 quum
877 2565 935 2589 se-

229 2607 307 2644 mel
333 2607 414 2644 huc
444 2607 691 2655 devenerim,
721 2608 837 2647 video
864 2622 937 2646 nos

230 2672 359 2702 totum
383 2665 519 2704 locum
551 2666 651 2703 male
689 2667 937 2703 constituisse

230 2722 327 2760 mala
343 2723 689 2774 interpunctione3
711 2736 835 2774 quum
854 2736 940 2773 per-

988 649 1162 702 gendum
1178 657 1277 686 esset
1302 651 1344 686 in
1364 650 1671 700 interrogatione
1686 678 1695 694 ‚

988 717 1028 745 et
1057 706 1307 745 referendum
1328 707 1400 754 ad,
1425 707 1523 757 qnid
1549 720 1696 744 memo-

989 780 1085 812 rem,
1106 765 1147 802 id
1167 765 1278 816 quod
1304 766 1483 816 sequitur
1495 793 1506 812 ‚
1524 765 1599 803 hoc
1617 777 1700 803 mo-

991 824 1042 862 do
1062 837 1071 863 :
1091 822 1229 875 (Quid
1246 818 1367 874 porro
1384 835 1600 860 memorem
1617 823 1701 873 eos)

992 895 1089 933 quos
1111 895 1228 931 super
1256 890 1346 917 acra
1379 879 1484 917 sileoe
1504 879 1596 930 jam
1606 879 1699 932 jam

992 941 1157 989 lapsura
1176 938 1415 989 cadentique
1427 937 1617 976 Imminet
1634 938 1702 975 ad-

994 996 1165 1034 similis?

1055 1054 1297 1101 601—607.
1321 1055 1416 1091 Duo
1436 1055 1601 1091 Homeri
1619 1055 1704 1091 loca

997 1121 1087 1149 ante
1105 1112 1242 1149 oculos
1256 1111 1421 1157 habuit,
1451 1111 1526 1150 Od.
1552 1115 1598 1158 λ,
1626 1112 1703 1149 581

998 1170 1046 1206 de
1068 1169 1256 1215 Tantalo,
1275 1177 1314 1206 et
1335 1169 1414 1218 592
1433 1167 1482 1206 de
1509 1169 1680 1220 Sisypho
1698 1183 1708 1213 ;

1000 1227 1174 1263 fabulam
1205 1235 1337 1263 tamen
1365 1225 1478 1264 affert
1508 1240 1528 1264 a
1557 1226 1711 1277 vulgari

999 1286 1222 1321 narratione
1264 1283 1459 1321 diversam
1490 1296 1500 1322 :
1530 1286 1712 1323 Ixionem

1000 1351 1038 1378 et
1054 1341 1273 1378 Pirithoum
1285 1354 1336 1378 ex
1353 1341 1608 1392 Lapitharum
1625 1355 1717 1393 gen-

1001 1409 1037 1436 te
1051 1398 1256 1446 oriundos,
1276 1398 1444 1436 assidere
1461 1400 1600 1450 epulis,
1616 1413 1713 1436 saxo

1000 1470 1119 1507 supra
1163 1465 1284 1507 caput
1317 1457 1491 1494 minante
1540 1458 1710 1494 ruinam.

1001 1518 1149 1552 Verum
1168 1515 1211 1551 in
1228 1516 1393 1552 Marone
1410 1516 1591 1561 occurri,
1609 1523 1648 1552 et
1663 1517 1711 1552 ad

1000 1586 1127 1609 unum
1156 1572 1325 1622 aliquem
1355 1572 1478 1610 alium
1509 1585 1551 1610 ac
1582 1572 1710 1609 diver-

997 1643 1086 1666 sum
1106 1643 1166 1666 res
1181 1631 1318 1667 referri
1334 1639 1464 1679 potest
1479 1631 1707 1681 interpunc-

998 1688 1106 1724 tione
1122 1696 1283 1725 mutata.
1309 1687 1374 1724 Ad
1392 1687 1605 1739 Phlegyam
1623 1689 1704 1725 Sta-

998 1746 1075 1781 tius
1105 1747 1124 1781 Ι
1154 1744 1280 1782 Theb.
1311 1747 1418 1792 713,
1453 1755 1490 1783 et
1519 1745 1569 1782 ad
1591 1745 1703 1785 Phle-

996 1815 1113 1854 gyam
1136 1810 1174 1839 et
1190 1802 1338 1840 Thesea
1357 1804 1488 1841 Valet.
1512 1804 1616 1842 Flac.
1643 1805 1681 1839 II
1694 1832 1704 1847 ‚

1003 1873 1080 1909 192
1118 1873 1202 1910 sqq.
1232 1860 1309 1898 hoc
1337 1860 1442 1898 idem
1468 1862 1704 1912 supplicium

995 1918 1244 1956 transtulere.
1265 1919 1419 1956 Tantali
1436 1920 1556 1969 capiti
1573 1921 1702 1956 immi-

996 1989 1090 2013 nere
1115 1988 1255 2013 saxum
1269 2004 1279 2023 ‚
1302 1977 1383 2024 jam
1405 1977 1472 2015 alii
1494 1978 1706 2014 commenti
1752 2002 1756 2009 =

997 2042 1132 2080 erant,
1176 2035 1360 2084 interque
1403 2047 1469 2072 eos
1513 2034 1706 2072 Pindarus

999 2092 1062 2130 01.
1083 2103 1133 2137 οι,
1158 2091 1208 2128 88
1233 2105 1319 2142 sqq.
1347 2092 1388 2129 et'
1410 2091 1620 2142 Euripides
1635 2094 1704 2130 Or.

1000 2150 1024 2186 6
1042 2158 1080 2186 et
1097 2150 1180 2198 980
1208 2163 1265 2199 sq.
1281 2178 1292 2196 ,
1323 2150 1395 2187 ubi
1420 2149 1528 2188 conf.
1552 2147 1679 2188 Schol.
1696 2176 1704 2191 ‚

998 2208 1123 2257 iisque
1159 2208 1400 2258 antiquiores
1414 2236 1424 2254 ,
1466 2207 1624 2245 Alcaeus
1669 2215 1706 2242 et

999 2265 1182 2303 Alcman.
1209 2265 1291 2303 vid.
1325 2265 1456 2303 Schol.
1486 2261 1599 2302 Pind.
1620 2262 1645 2299 l.
1671 2275 1703 2299 c.
1743 2278 1748 2282 ·

1001 2321 1107 2361 Add.
1123 2323 1206 2361 Cic.
1223 2325 1341 2361 Tusc.
1360 2324 1431 2368 IV,
1457 2320 1527 2366 163
1548 2322 1703 2357 Lucret.

1000 2382 1084 2426 III,
1126 2381 1208 2430 953
1241 2393 1326 2430 sqq.
1362 2378 1588 2415 Promiscue
1621 2377 1706 2414 loca

1000 2437 1071 2473 alia
1088 2438 1261 2488 apposita
1280 2433 1386 2486 apud
1409 2433 1540 2471 Guell.
1559 2442 1596 2471 et
1613 2435 1706 2472 Cer·

999 2494 1102 2532 dam.
1127 2497 1320 2531 Homerus
1348 2503 1438 2532 enm
1465 2493 1507 2528 in
1537 2491 1628 2528 lacu
1658 2493 1706 2528 si-

1000 2553 1161 2588 tientem
1194 2550 1448 2595 destituerat3
1483 2557 1522 2585 et
1552 2547 1707 2586 videtur

1001 2608 1109 2644 lacus
1137 2606 1292 2644 Tantali
1325 2605 1373 2642 ad
1402 2605 1610 2657 Sipylum,
1642 2608 1709 2642 cui

1002 2677 1142 2700 saxum
1172 2665 1400 2713 prominens
1428 2663 1708 2710 incumbebat,

1001 2721 1136 2758 locum
1153 2720 1294 2759 fabulae
1311 2721 1444 2759 fecisse
1464 2733 1473 2759 :
1491 2720 1595 2760 conf.
1614 2724 1709 2760 Pau-
