1767 3054
657 87 807 126 LIBER
840 88 911 124 v1.

1465 98 1541 148 169

39 161 333 217 Seminibus,
357 167 585 221 quantum
605 171 700 201 non
720 157 863 202 noxia
884 173 1090 219 corpora
1113 163 1321 220 tardant,

41 238 333 299 Tei—venique
356 233 580 280 hebetant
600 244 751 290 artus,
774 233 1155 297 moribundaque
1181 240 1406 287 membra.

40 314 162 359 Hinc
183 320 396 360 metuunt
421 309 742 372 cupiuntque3
764 308 924 354 dolent
945 309 1270 373 gaudentque,
1298 330 1450 375 neque
1481 335 1617 366 auras

38 387 328 449 Dispiciunt,
353 385 522 431 clausae
545 383 753 430 tenebris
777 394 824 429 et
849 399 1038 430 carcere
1058 401 1198 431 caeco.

39 463 167 520 Quin
191 472 260 518 et,
285 476 510 523 supremo
532 476 679 522 quum
701 460 877 505 lumine
902 460 999 505 vita
1027 462 1242 523 reliquit,
1480 481 1538 519 73⁵

34 540 143 583 Non
163 547 318 582 tamen
338 550 477 580 omne
501 536 674 580 malum
700 536 905 591 miseris,
929 551 1017 581 nec
1039 536 1251 583 funditus
1276 555 1437 588 omnes

33 612 287 672 Corporeae
308 609 543 655 excedunt
569 621 722 670 pestes
732 629 745 667 ;
772 611 1054 671 penitusque
1077 628 1266 658 necesse
1292 625 1360 660 est

34 774 378 825 P5thagoreorum
397 772 548 822 placitis
569 773 748 808 contine-

34 832 164 869 batur.
196 831 245 869 cf.
291 828 479 868 Bruckeri
516 827 617 865 Hise.
660 829 744 866 crit.

32 888 183 926 Philos.
208 897 235 926 t.
265 890 308 933 Ι,
339 901 379 938 p.
401 887 482 937 948
507 899 563 935 sq.
592 884 655 935 (et
677 887 746 936 qui

31 959 141 983 nunc
158 955 247 996 post
262 946 376 982 illum
394 943 668 994 superioribus
684 956 749 979 an-

30 1004 93 1040 nis
109 1004 257 1050 majore
275 1001 494 1039 subtilitate
510 999 643 1037 eadem
662 1014 747 1050 per-

30 1061 191 1111 sequuti
206 1068 321 1103 sunt,
354 1060 529 1096 Meiuers
551 1067 587 1095 et
609 1058 747 1095 Tiede-

31 1131 164 1155 maun.
195 1118 210 1168 )
251 1120 424 1155 Ornatus
470 1115 584 1152 valde
619 1108 744 1160 lectus.

31 1175 171 1213 Noxia
190 1187 376 1224 corpora,
404 1173 588 1223 proeclare
621 1186 745 1222 quan-

29 1232 245 1282 doquidem
282 1233 363 1268 vim
399 1231 546 1267 divinae
582 1230 747 1267 ssanimae

29 1289 219 1327 obtundit
258 1289 450 1326 terrestris
483 1297 621 1324 natura
658 1301 742 1324 cor-

27 1349 148 1397 poris.
171 1345 434 1389 Morzbunda,
466 1358 539 1395 pro
563 1345 715 1395 vulgari
729 1373 739 1391 ‚

26 1404 220 1442 mortalia.
242 1403 347 1440 Hinc
365 1411 547 1439 metuunt
562 1402 741 1452 cupiunt-

25 1475 124 1512 que,
150 1475 170 1498 a
193 1461 370 1511 corporis
387 1461 568 1511 contagio
591 1461 741 1497 animo·

26 1532 116 1556 rum
146 1518 466 1570 perturbationes
489 1526 526 1554 et
546 1516 740 1567 cupidita-

25 1583 83 1613 tes
103 1574 414 1627 proficiscuntur
427 1604 438 1620 ,
458 1588 508 1611 ex
526 1574 643 1612 bonis
659 1587 739 1611 ma-

23 1633 153 1684 lisque
204 1634 376 1684 opinatis
415 1631 519 1670 conf.
558 1633 739 1670 Servium

23 1693 148 1729 Porro
170 1691 348 1742 corporis
367 1698 553 1740 tanquam
583 1702 736 1727 carcere

25 1747 190 1785 inclusa·
225 1748 351 1785 lucem
386 1760 466 1784 non
501 1747 737 1797 dispiciunt,

23 1805 276 1854 prospiciunt
288 1833 300 1850 ,
316 1813 453 1842 ornate
468 1818 543 1854 pro
556 1833 566 1851 ,
583 1817 737 1842 carcere

22 1861 300 1898 includuntur.
319 1863 420 1899 Nam
436 1874 580 1911 corpus
596 1862 736 1898 vincu-

23 1920 71 1956 lis
104 1918 224 1955 animi
254 1916 506 1966 tenebrisque
538 1917 737 1954 assimula-

23 1985 89 2014 tur
102 2003 112 2021 ‚
137 1974 283 2025 quibus
302 1973 368 2010 isse
391 1974 629 2018 offuscatur,
655 1981 694 2010 et
713 1986 734 2010 a

20 2033 145 2071 libera
169 2044 302 2069 rerum
324 2030 654 2080 contemplatione
677 2042 736 2066 re-

24 2090 206 2127 trahitur.
227 2089 308 2126 Cic.
336 2091 470 2126 Somn.
492 2089 596 2137 Scip.
610 2085 686 2123 sub
702 2086 730 2125 f.

24 2149 127 2184 Sunt
143 2145 302 2196 optimae
317 2158 422 2181 curce
440 2144 490 2180 de
514 2144 644 2180 salute
652 2157 731 2193 pa-

23 2204 110 2242 trioe
123 2219 139 2249 ;
171 2201 506 2254 quibus-agitatus
528 2210 568 2238 et
588 2200 734 2237 exerci-

23 2270 129 2298 tatus
157 2260 317 2297 animus
349 2258 528 2296 velocius
561 2257 602 2294 in
627 2256 733 2294 hanc

22 2319 154 2356 sedem
171 2327 211 2355 et
225 2317 384 2355 domum
411 2328 524 2352 suam
544 2315 732 2365 pervola-

24 2375 101 2421 bie,
137 2374 256 2426 idque
284 2372 390 2410 ocius
411 2371 561 2423 faciet,
589 2371 626 2407 si
640 2371 730 2422 jam

23 2442 103 2470 tum
115 2460 128 2478 ‚
152 2445 271 2483 quum
289 2429 364 2468 eric
386 2429 560 2466 inclusus
587 2428 627 2465 in
649 2442 732 2465 cor-

15 2502 130 2540 pooe,
148 2488 335 2528 eminebit
336 2487 469 2539 foras,
490 2496 528 2523 et
546 2499 615 2531 ea,
643 2499 733 2536 quoe

23 2556 141 2584 extra
160 2555 287 2593 erunt,
304 2544 593 2595 contemplans,
609 2556 731 2593 quam

25 2604 204 2642 maxime
221 2618 262 2641 se
282 2617 309 2640 a
331 2615 492 2653 corpore
517 2599 730 2638 abstrahet.

25 2660 200 2698 Observa
239 2659 348 2713 qnod
380 2660 431 2697 ad
463 2659 611 2697 clausoe
650 2658 732 2705 734

22 2717 246 2766 subjectum
272 2717 407 2769 paullo
436 2717 594 2769 longius
623 2728 733 2766 repe·

218 2795 306 2840 111.

816 770 979 809 tendum
992 782 1049 810 est
1061 787 1111 810 ex
1127 788 1207 821 720
1221 777 1396 816 am'moe:
1408 794 1531 831 quum

813 831 1119 868 intervenissent
1145 834 1226 879 jam
1247 835 1401 872 semina
1428 842 1531 887 730,

818 899 835 932 ς·
848 888 867 922 3
880 900 893 922 1
903 916 912 923 .
930 908 988 914 —-
1008 900 1027 934 7
1037 889 1103 932 34.
1135 889 1362 939 Dispiciunt
1374 899 1531 944 praecla·

814 957 855 980 re
878 945 1012 981 Heius.
1044 947 1213 983 restituit
1247 962 1268 984 e
1297 950 1403 989 Gud.
1425 967 1445 990 a
1476 969 1528 994 m.

813 1015 872 1051 pr.
893 1003 1007 1039 voss.
1033 1001 1216 1053 binisque
1240 1008 1430 1048 Rottend.
1456 1011 1528 1062 (v.

814 1072 902 1108 sup.
936 1058 983 1095 ad
1019 1061 1059 1097 ΙΙ
1093 1061 1238 1113 Georg.
1284 1065 1375 1112 187.
1412 1069 1529 1108 Alius

813 1116 999 1162 dixisset,
1038 1119 1337 1172 Prospicitmt.)
1378 1125 1527 1165 Eodem

813 1174 966 1210 ducunt
994 1175 1139 1213 Medic.
1171 1190 1261 1214 cum
1283 1179 1366 1217 aliis
1387 1184 1522 1223 Heius.

813 1234 1015 1269 Romanus
1044 1246 1135 1269 cum
1164 1234 1249 1270 aliis
1267 1238 1393 1283 Pier.;
1425 1241 1525 1280 adde

807 1290 1010 1339 firagment.
1032 1291 1158 1328 Vatic.
1177 1300 1216 1327 et
1232 1291 1348 1331 binos
1369 1296 1490 1337 Goth.
1511 1329 1521 1345 ,
1587 1322 1590 1324 -

807 1347 877 1395 qui
895 1358 1033 1382 omnes
1057 1347 1290 1397 Despiciam
1322 1352 1525 1395 exhibent.

808 1403 1039 1452 Respiciunt
1068 1407 1188 1442 ceteri
1218 1419 1309 1443 cum
1344 1408 1434 1448 edd.
1457 1426 1526 1451 an-

808 1460 1050 1510 tiquioribus
1068 1489 1078 1507 ‚
1115 1471 1159 1499 ut
1190 1464 1311 1502 AJdd.
1333 1467 1522 1509 Commel.

810 1517 1038 1568 Suspiciunt
1052 1519 1115 1556 ed.
1129 1520 1295 1560 Mediol.
1318 1525 1420 1562 Mox
1444 1529 1526 1565 clu-

806 1588 862 1612 sae
880 1576 1018 1627 fragm.
1044 1578 1172 1615 Vatic.
1188 1606 1198 1623 ,
1227 1581 1338 1629 quod
1360 1582 1444 1620 aliis
1464 1585 1523 1624 lo-

805 1634 859 1670 cis
885 1634 1072 1670 Heinsius
1092 1646 1284 1685 sequutus
1303 1648 1373 1677 est.

864 1692 959 1737 735.
984 1693 1215 1740 Supremam
1243 1709 1363 1745 quum
1387 1698 1523 1737 lumen

803 1747 999 1785 Montalb.
1024 1757 1063 1785 et
1093 1758 1182 1788 tert.
1204 1754 1415 1800 Rottend„
1438 1769 1521 1794 non

803 1805 916 1843 male.
931 1805 1089 1843 Limt'ne
1104 1820 1164 1857 pr.
1189 1809 1332 1847 Hamb.
1348 1824 1423 1861 pro
1435 1826 1517 1852 var.

801 1862 890 1900 lect.
907 1890 918 1907 ‚
946 1864 1040 1899 item
1067 1866 1175 1902 Serv.
1209 1866 1415 1917 Relinquit
1450 1870 1518 1907 ali-

802 1928 899 1968 quot
916 1921 1051 1956 Burm.
1072 1929 1111 1956 et
1129 1921 1402 1970 fragm.Vatic.
1423 1938 1443 1961 a
1462 1939 1516 1965 m.

800 1988 945 2024 [πη-7
956 1976 1090 2023 35-7
1101 1978 1167 2025 39.
1182 1977 1297 2015 Adeo
1322 1984 1515 2030 materiae,

799 2033 992 2068 terrestris
1037 2035 1236 2083 corporis,
1269 2036 1405 2074 sordes
1426 2040 1515 2078 ino·

797 2088 952 2124 lescunt
979 2089 1205 2136 animabus,
1222 2099 1267 2128 ut
1296 2093 1343 2129 iis
1370 2107 1420 2131 ne
1436 2095 1515 2134 dis-

797 2145 937 2181 solutis
953 2145 1115 2194 quidem
1135 2159 1155 2183 a
1181 2160 1348 2198 corpore
1366 2152 1446 2190 elui
1468 2155 1518 2192 il—

797 2201 845 2239 lae
871 2201 984 2239 facile
1010 2204 1175 2252 possint.
1210 2206 1349 2256 Itaque
1378 2222 1518 2262 purga-

800 2259 926 2295 tiones
943 2258 1049 2296 flunt
1068 2273 1244 2310 operosae
1263 2275 1361 2313 aqua
1375 2293 1386 2311 ‚
1405 2279 1513 2314 aere,

799 2316 880 2366 igni
894 2343 904 2361 ,
923 2317 964 2352 in
986 2315 1085 2354 locis
1112 2317 1260 2356 inferis.
1284 2323 1432 2360 Ornate
1451 2337 1516 2362 au-

800 2381 876 2408 tem
901 2374 1046 2411 omnia.
1079 2373 1314 2428 Contagium
1338 2385 1517 2431 corporis

798 2428 948 2466 dictum
962 2457 974 2476 ‚
997 2430 1147 2468 malum
1160 2460 1172 2477 ,
1204 2446 1404 2484 eorporeae
1419 2452 1515 2488 pes-

799 2495 880 2530 tes,
912 2496 1054 2524 vetera
1093 2489 1226 2535 mala,
1266 2493 1392 2529 scelus
1403 2509 1421 2539 ;
1455 2497 1515 2533 in-

798 2543 1021 2595 tenigendae
1048 2553 1176 2583 autem
1191 2548 1513 2598 perturbationes

799 2609 836 2638 et
872 2600 1105 2651 cupiditates
1140 2603 1207 2654 (v.
1246 2606 1379 2658 733),
1418 2611 1488 2646 irae
1502 2639 1511 2656 ‚

799 2666 942 2704 merus,
957 2659 1146 2707 tristitiae,
1166 2670 1206 2699 et
1220 2663 1278 2699 sic
1293 2676 1429 2714 porro.
1446 2669 1514 2705 Se·

798 2714 975 2753 cundum
996 2717 1116 2755 semel
1134 2719 1355 2758 institutam
1377 2724 1434 2760 rei
1450 2723 1512 2760 ad-

1294 2795 1350 2841 15
