1767 3054
162 93 241 144 396
735 90 1010 128 Excrnscs
1046 89 1085 126 11

161 181 204 204 ac
221 168 350 218 primo
369 165 459 201 vitae
475 163 586 201 cultu
599 192 608 210 ,
630 163 820 215 symbolis
840 163 918 200 fere
935 176 977 199 ac
994 162 1222 214 symbolicis
1237 163 1416 213 personis
1433 177 1632 216 expressas

160 233 208 270 ad
225 245 321 283 quas
344 243 482 282 magna
505 243 594 281 pars
623 231 852 267 Italicarum
883 229 1103 267 fabularum
1133 229 1256 276 redit,
1287 238 1372 266 tum
1399 243 1518 282 super
1542 232 1653 270 illus-

162 300 352 338 trioribus
370 300 521 350 aliquot
541 300 634 336 viris
656 299 716 335 vel
734 297 922 335 heroibus
937 326 947 344 ,
970 306 1009 334 et
1024 298 1228 335 nonnullis
1247 307 1397 335 naturae
1421 301 1572 338 eventis
1594 303 1655 338 in-

162 367 401 418 signioribus
415 395 425 413 ,
447 366 515 403 sed
533 365 712 402 sabuloso
732 365 800 401 illo
821 365 1011 400 sermonis
1028 373 1065 400 et
1081 367 1314 403 narrationis
1341 380 1481 418 genere
1508 371 1658 418 exponi

162 434 318 479 solitas;
339 446 467 482 neque
489 441 694 482 poetarum
711 431 893 481 ingeniis,
917 438 962 467 ut
981 431 1084 467 inter
1101 432 1263 469 Graecos
1285 433 1449 479 factum,
1465 433 1657 484 expolitas

162 509 200 536 et
221 510 375 537 ornatas
389 528 398 545 ,
423 498 490 535 sed
511 500 594 548 ipsa
614 499 837 548 argumenti
854 498 1010 534 tristitia
1026 505 1094 534 aut
1116 498 1288 535 foeditate
1307 498 1500 536 notabiles
1514 528 1525 547 ,
1544 509 1588 537 ut
1608 501 1657 538 de

165 568 266 605 Caco
285 568 449 604 latrone.
475 568 611 615 Itaque
635 565 764 601 Italici
780 564 910 616 mythi
928 564 1045 616 longe
1075 578 1093 601 a
1130 565 1277 602 Graecae
1300 564 1442 602 fabulae
1464 567 1656 603 suavitate

114 663 117 665 .
163 633 306 669 absunt
325 645 333 670 :
352 645 426 669 nec
455 634 620 669 varietas
646 641 753 684 grata
783 633 885 668 inest
902 659 912 678 ,
936 640 974 668 et
1008 633 1132 679 major
1157 639 1318 668 ornatus
1347 644 1437 681 pars
1465 632 1514 669 ab
1545 633 1655 682 inep-

164 702 211 737 tis
232 700 445 737 verborum
474 700 627 737 lusibus
640 729 651 747 ,
672 708 741 737 aut
763 701 904 736 veteris
924 701 1116 737 sermonis
1143 699 1192 736 ad
1221 700 1440 736 recentiora
1458 699 1578 736 verba
1595 701 1656 736 in-

163 770 443 819 terpretatione
473 768 537 805 vel
566 767 783 805 inflexione
813 767 945 805 ducta.
979 770 1114 818 Quum
1141 769 1247 805 enim
1285 776 1434 804 veteres
1462 767 1586 814 ritus,
1613 775 1657 804 ut

163 835 223 883 fit,
245 845 283 873 et
295 844 423 874 essent
443 836 657 873 admodum
677 837 819 873 mutati
832 864 842 883 ‚
861 845 899 873 et
917 849 1051 873 caussa
1072 849 1209 873 eorum
1227 837 1500 887 ignoraretur3
1522 834 1660 872 ariola-

164 906 272 942 tione
294 906 444 941 incerta
461 905 578 941 multi
600 906 699 942 ritus
718 913 757 941 et
776 917 885 941 sacra
898 905 1150 955 interpretari
1165 906 1295 942 conati
1315 903 1363 941 ad
1374 902 1587 941 verborum
1602 903 1660 940 lu-

162 986 251 1009 sum
269 980 307 1008 et
323 974 515 1024 originem
533 972 801 1023 confugerunt
812 1000 822 1019 ,
838 981 875 1009 et
887 972 979 1009 inde
992 972 1216 1010 fabularum
1229 985 1380 1009 caussas
1392 970 1658 1009 deduxerunt.

163 1042 309 1077 Passim
327 1049 456 1077 tamen
479 1041 718 1077 Graecanicae
734 1053 895 1091 quoque
912 1040 1056 1077 fabulae
1073 1053 1226 1090 aspersa
1241 1049 1332 1078 sunt
1342 1041 1503 1091 vestigia
1515 1038 1658 1088 aliqua.

189 1145 199 1152 ,
221 1110 276 1145 Ea
305 1108 489 1159 quidem,
515 1122 603 1159 quae
636 1109 707 1146 lib.
729 1110 831 1156 VII,
861 1122 961 1147 vers.
1004 1109 1057 1153 45
1084 1122 1169 1159 sqq.
1198 1109 1375 1159 exposita
1400 1115 1517 1153 sunt,
1554 1105 1660 1143 haud

163 1173 286 1210 dubie
311 1175 575 1227 Aboriginum
603 1177 666 1213 vel
697 1175 934 1213 Latinorum
969 1175 1145 1212 habendi
1171 1184 1266 1212 sunt
1295 1173 1441 1224 'ny-chi,
1469 1175 1539 1224 qui
1563 1186 1659 1210 mox

161 1243 267 1279 inter
304 1243 481 1280 Albanos
517 1245 684 1292 servati,
710 1243 868 1280 tandem
902 1243 950 1280 ab
986 1243 1048 1280 his
1075 1243 1123 1280 ad
1150 1247 1350 1282 Romanos
1376 1250 1657 1294 pervenerunt.

163 1311 322 1346 Latinus
360 1324 381 1347 a
406 1313 544 1348 Fauno
569 1321 703 1358 ortus,
728 1312 810 1349 Pici
832 1324 978 1361 nep08,
1005 1319 1043 1348 et
1065 1312 1224 1349 Saturni
1251 1310 1424 1361 abnepos
1450 1308 1659 1360 proditur3

163 1377 273 1425 quod
301 1377 355 1414 ita
388 1378 714 1428 intelligendum,
742 1387 787 1414 ut
805 1378 895 1415 illos
925 1379 1029 1414 inter
1056 1380 1245 1426 majores,
1278 1378 1410 1428 stirpis
1439 1389 1535 1413 vero
1573 1387 1660 1410 anc-

164 1451 290 1480 torem
323 1445 512 1482 ultimum
543 1449 758 1484 Saturnum
784 1444 982 1483 habuerit.
1005 1446 1067 1484 Sic
1090 1446 1194 1483 infra
1211 1473 1222 1492 ,
1247 1459 1305 1482 vs.
1335 1458 1416 1494 219
1437 1447 1532 1481 Jove
1555 1444 1660 1479 Dar-

162 1509 275 1546 dana
293 1511 414 1560 pubes
438 1512 599 1547 Gaudet
614 1524 699 1548 ανο.
720 1512 989 1562 Aboriginum
1015 1512 1083 1548 alii
1101 1512 1231 1562 mythi
1257 1512 1366 1548 fuere
1389 1510 1436 1548 de
1455 1513 1586 1554 Jano,
1612 1507 1660 1545 de
1716 1554 1721 1556 -

167 1575 375 1620 Camenis,
401 1576 450 1612 de
476 1579 604 1612 Anna
624 1580 834 1621 Perenna,
861 1577 909 1613 de
937 1581 1185 1628 Angerona,
1215 1578 1263 1614 de
1295 1577 1452 1621 carna,
1476 1575 1525 1612 de
1548 1575 1654 1623 Ope,

166 1641 397 1692 symbolicae
421 1643 501 1679 fere
521 1652 672 1679 naturae
689 1672 698 1689 ,
722 1643 791 1679 sed
814 1643 995 1693 plerique
1020 1645 1271 1680 obscuriores
1287 1672 1297 1690 ,
1317 1655 1410 1678 cum
1428 1643 1523 1691 ipsis
1534 1640 1660 1677 nomi-

163 1709 283 1746 nibus
298 1739 307 1756 ,
327 1723 415 1760 quae
443 1710 550 1760 apud
572 1713 793 1747 Varronem
806 1739 816 1756 ,
844 1713 1003 1748 Festum
1018 1739 1028 1757 ,
1058 1710 1314 1747 Macrobium
1328 1737 1338 1756 ,
1362 1709 1634 1759 Augustinum
1648 1736 1658 1754 ‚

163 1775 393 1813 Arnobium
423 1785 462 1813 et
492 1777 588 1813 alios
622 1785 717 1813 sunt
746 1777 939 1824 vidend-‘¹3
969 1777 1130 1815 ut·adeo
1157 1779 1228 1814 vix
1245 1779 1296 1814 sit
1313 1788 1443 1826 operae
1461 1776 1658 1825 pretium,

161 1845 205 1880 in
227 1843 304 1880 illis
327 1845 453 1881 otium
482 1857 714 1881 consumere
734 1857 744 1883 ε
769 1846 976 1895 inprimis,
993 1858 1119 1895 quum
1144 1857 1269 1896 pauca
1291 1845 1443 1895 integra
1472 1856 1518 1880 ae
1544 1856 1635 1880 sana
1649 1871 1660 1889 ,

163 1911 352 1962 pleraque
401 1914 633 1949 commentis
673 1921 712 1948 et
755 1914 1115 1963 interpretamentis
1159 1913 1265 1950 foede
1308 1913 1572 1949 contaminata
1611 1911 1660 1948 ad

164 1993 238 2017 nos
275 1983 542 2031 pervenerint.
586 1982 774 2019 Certatim
802 1982 909 2017 enim
954 1981 1002 2017 ab
1040 1981 1258 2028 historicis,
1302 1971 1585 2032 grammaticis,
1623 1988 1662 2016 et

165 2046 292 2084 multo
321 2049 442 2099 magis
464 2061 483 2084 a
505 2047 742 2084 doctoribus
769 2046 1000 2085 Christianis
1023 2048 1283 2086 allaboratum
1310 2056 1391 2094 est,
1416 2056 1462 2084 ut
1489 2047 1662 2096 antiqui-

165 2123 285 2151 tatem
303 2115 586 2162 obscurarent,
612 2128 656 2152 ac
688 2115 847 2153 tandem
877 2118 1035 2166 penitus
1064 2118 1373 2168 exstinguerent.
1405 2118 1507 2153 Rara
1528 2116 1660 2164 itaque

166 2182 327 2219 fortuna
354 2183 424 2219 vix
449 2195 568 2219 unam
600 2192 638 2220 et
663 2182 822 2220 alteram
851 2185 994 2220 veteris
1025 2184 1147 2221 Italiae
1165 2183 1404 2234 religionum
1427 2184 1661 2232 interpreta-

167 2249 316 2286 tionem
344 2251 537 2296 servavit3
559 2251 630 2286 etsi
659 2258 752 2287 sunt
779 2251 823 2286 in
851 2251 898 2287 iis
921 2251 1148 2297 nonnullae,
1176 2251 1321 2300 quibus
1338 2250 1562 2300 priscorum
1586 2247 1659 2284 ho-

166 2316 322 2353 minum
341 2330 470 2354 sermo
489 2317 736 2369 symbolicas
759 2319 911 2369 egregie
929 2318 1161 2356 illustratus.
1180 2319 1242 2356 Sic
1259 2317 1455 2365 Vulcani,
1476 2317 1545 2367 qui
1558 2315 1659 2366 ignis

167 2391 248 2429 est,
271 2397 375 2421 uxor
403 2385 508 2436 apud
544 2385 726 2423 Macroh.
748 2388 825 2424 Sat.
848 2387 865 2422 1
879 2413 889 2432 ,
917 2399 965 2422 12
982 2414 992 2433 ,
1018 2386 1149 2423 editur
1168 2385 1306 2431 Maia,
1329 2385 1405 2422 hoc
1432 2392 1512 2429 est,
1534 2390 1657 2425 terra,

166 2454 295 2488 Mater
318 2466 459 2503 magna
472 2482 482 2500 ,
499 2453 567 2491 sed
586 2467 678 2491 cum
696 2455 859 2492 notione
884 2463 1023 2492 auctus
1036 2482 1047 2501 ,
1066 2454 1175 2491 unde
1196 2452 1331 2490 eadem
1356 2450 1529 2489 Maiesta
1555 2447 1657 2485 dieta

166 2518 254 2556 fuit.
275 2519 396 2568 Apud
413 2521 657 2558 Tusculanos
677 2520 811 2559 Maius
837 2530 919 2559 erat
947 2523 1118 2572 Jupiter.
1142 2519 1289 2558 Eadem
1316 2530 1406 2555 cum
1424 2515 1529 2553 Maia
1551 2515 1653 2565 Ops,

168 2587 284 2621 Bona
312 2587 425 2632 Dea,
454 2590 619 2633 Fauna,
645 2591 799 2634 Fatua,
820 2589 980 2627 habita:
1008 2588 1090 2626 vid.
1121 2586 1302 2626 Macrob.
1325 2583 1423 2620 ibid.
1454 2581 1660 2619 Vertumni

167 2659 206 2689 et
229 2654 422 2689 Pomonoe
442 2653 574 2691 fabula
602 2668 651 2691 ex
669 2657 756 2705 ipso
774 2657 937 2694 nomine
961 2655 1090 2692 lucem
1108 2653 1227 2690 habet
1244 2664 1253 2690 ε
1276 2663 1360 2688 eam
1380 2663 1415 2687 v.
1438 2648 1543 2699 apud
1560 2649 1655 2686 Ovi-

167 2719 304 2767 dium,
327 2728 367 2758 et
382 2723 560 2770 Propert.
581 2724 635 2760 IV
648 2751 659 2769 ,
685 2736 721 2762 2.
