1767 3054
216 142 297 191 376
780 151 1052 190 Exccascs
1082 147 1138 187 1v·

213 222 396 259 Fuerunt
414 221 519 260 enim
536 223 683 261 Lucani
700 236 720 261 a
737 224 998 271 Samnitibus,
1020 225 1090 276 qui
1108 223 1346 263 Sabinorum
1361 221 1570 275 progenies
1582 230 1694 260 erant
1707 249 1718 269 ,

214 289 395 339 oriundi,
428 305 557 343 neque
582 294 626 330 in
655 292 738 331 haec
771 293 857 331 loca
891 301 1107 340 venerunt,
1142 293 1218 330 nisi
1250 301 1461 344 postquam
1486 291 1721 329 Graecorum

218 356 386 396 coloniae
414 360 568 398 Italiam
587 361 817 398 inferiorem
837 373 1032 411 occupare
1052 369 1277 411 coeperant,
1305 360 1349 397 id
1372 359 1483 411 quod
1510 367 1602 411 post
1623 361 1722 398 Tro-

213 425 305 472 jana
323 425 482 464 demum
502 437 678 479 tempora
702 429 891 480 contigit3
918 428 1164 479 temporibus
1183 442 1278 466 vero
1299 429 1482 478 Trojanis
1511 427 1669 466 Chonas
1685 436 1725 465 et

220 494 441 540 OEnocros,
468 496 508 534 h.
533 509 567 534 e.
592 496 792 547 Pelasgos,
815 510 836 533 e
869 497 1019 533 Graecia
1050 510 1143 533 cum
1164 498 1395 535 Ausonibus
1425 499 1566 549 priscis
1600 497 1725 535 Italiae

216 561 369 599 colonis
388 563 606 612 permixtos
627 562 795 600 coluisse
808 591 818 609 ‚
852 576 902 600 ex
923 564 970 600 iis
994 563 1246 600 manifestum
1265 572 1322 600 est
1336 592 1347 610 ‚
1376 577 1466 614 quae
1484 564 1625 603 Strabo
1651 564 1724 602 lib.

218 623 276 666 'VI
295 641 355 679 pr.
377 632 555 680 exponit.
582 630 694 668 Circa
713 630 783 667 1135
801 631 907 667 0111111
926 639 1056 681 partes
1078 643 1099 667 a
1116 632 1195 667 Lao
1215 629 1309 666 inde
1327 629 1493 668 flumine
1512 633 1642 682 primo
1662 643 1725 667 ac·

219 710 331 735 cessu
354 699 554 736 OEnotros
580 698 797 745 habitasse,
828 698 1011 749 hancque
1034 699 1202 750 primam
1231 697 1385 735 Italiam
1407 698 1527 737 fuisse
1556 699 1726 751 appella·

220 774 299 804 tam
314 795 324 814 ,
348 767 425 804 alio
440 766 530 805 loco
547 766 731 805 vidimus.

276 834 409 885 Pergit
423 834 644 885 Dionysius
655 834 683 873 l.
706 847 740 872 c.
760 834 804 871 in
823 833 998 886 vulgari,
1016 845 1135 884 quam
1153 846 1379 885 proponere
1392 833 1574 881 volebat,
1596 847 1728 872 narra-

221 902 355 938 tione:
379 900 595 952 Trojanos,
624 916 650 939 a
669 902 864 940 Palinuro
882 911 1110 952 provectos,
1130 902 1190 939 ad
1206 901 1378 939 insulam
1403 902 1627 953 appulisse,
1663 905 1730 940 cui

222 983 249 1006 a
272 969 450 1020 quadam
474 971 619 1007 AEneoe
638 969 893 1016 consobrina,
927 984 1016 1021 quoe
1046 969 1100 1006 ibi
1116 969 1285 1016 obierat,
1319 973 1533 1018 Leucasiae,
1559 985 1648 1018 seu,
1679 980 1726 1009 ut

218 1037 299 1075 fere
319 1037 442 1074 scribi
469 1037 589 1085 solet,
619 1039 818 1076 Leucosiae
847 1052 990 1076 nomen
1008 1037 1230 1089 impositum
1250 1038 1314 1077 sic.
1340 1040 1602 1078 Communior
1623 1039 1727 1077 fama

218 1105 267 1143 ab
294 1119 375 1143 11113
395 1107 576 1144 Sirenum
591 1135 601 1153 ‚
632 1109 824 1144 Leucosia
837 1136 848 1155 ‚
868 1120 1017 1144 nomen
1035 1109 1192 1157 repetit.
1212 1106 1285 1146 Sed
1306 1107 1448 1144 famam
1464 1108 1727 1160 navigationis

219 1174 485 1221 ”trojanorum
513 1175 557 1211 in
583 1175 681 1211 mari
708 1175 921 1226 Tyrrheno
950 1177 1061 1225 sequi
1087 1175 1313 1212 maluerunt
1339 1176 1417 1215 alii.
1449 1178 1587 1227 Itaque
1609 1177 1728 1214 etiam

219 1239 348 1287 fuere,
374 1242 445 1291 (1111
466 1242 660 1290 Trojanos
679 1242 728 1280 ad
747 1242 968 1281 Sardiniam
987 1241 1191 1281 adhaesisse
1219 1242 1432 1282 traderent.
1456 1243 1538 1282 vid.
1559 1246 1725 1283 Pausan.

225 1311 264 1347 X
278 1337 289 1356 ‚
315 1322 379 1357 17.

278 1375 386 1414 Hinc
411 1378 535 1416 evecti
562 1378 730 1432 Trojani
747 1378 946 1433 (Dionys.
972 1378 1103 1433 ibid.)
1125 1379 1165 1417 in
1179 1377 1392 1430 pulchrum
1415 1391 1465 1416 ac
1476 1377 1727 1431 prestandum

215 1454 377 1495 portum
405 1446 446 1484 in
474 1447 607 1498 Opicis
635 1448 731 1500 ((1111
751 1450 964 1487 Ausonum
990 1450 1033 1486 in
1056 1449 1118 1486 his
1141 1448 1240 1486 locis
1265 1447 1441 1499 populus
1469 1447 1580 1501 erat)
1601 1447 1730 1486 delati

223 1521 316 1549 sunt
326 1527 342 1557 ;
372 1513 648 1565 exstinctoque
669 1515 725 1552 ibi
749 1516 926 1562 Miseno,
961 1515 1085 1554 nobili
1101 1515 1277 1568 quodam
1295 1514 1386 1553 viro
1398 1543 1410 1561 ,
1433 1525 1593 1566 porcum
1612 1515 1664 1554 ab
1682 1528 1729 1554 eo

226 1580 428 1617 Misenum
447 1581 766 1621 denominat-unt.

277 1650 338 1687 De
363 1647 519 1687 Miseno
540 1649 715 1688 fabulam
737 1650 930 1704 Virgilius
951 1663 1090 1707 magna
1118 1663 1212 1693 cum
1244 1663 1326 1693 arte
1352 1651 1527 1694 intexuit
1557 1653 1730 1695 carmini

222 1733 318 1767 suo,
342 1719 410 1758 sed
429 1728 609 1759 ornatam
626 1727 666 1758 et
682 1720 869 1758 variatam
887 1749 898 1768 ,
930 1721 1002 1760 lib.
1020 1724 1100 1770 VI,
1138 1729 1216 1773 149
1243 1736 1328 1773 sqq.
1342 1743 1400 1753 -—-
1415 1722 1510 1760 235.
1542 1723 1733 1761 Discessit

223 1787 272 1825 ab
292 1787 462 1826 aliorum
476 1817 486 1836 ‚
504 1790 610 1826 inter
629 1802 730 1840 quos
749 1789 876 1827 Caesar
901 1789 978 1826 fuit
996 1787 1290 1827 pontificalium
1306 1791 1436 1840 primo
1454 1788 1560 1840 apud
1574 1790 1732 1827 Victor.

223 1858 272 1894 O.
293 1856 342 1893 G.
360 1859 410 1895 R.
432 1869 456 1906 9
468 1884 479 1903 ,
511 1854 591 1893 fide
614 1856 732 1894 etiam
755 1857 800 1893 in
815 1855 912 1899 hoc,
933 1856 1045 1904 quod
1063 1858 1208 1893 nonin
1233 1857 1326 1893 sinu
1341 1857 1488 1893 Baiano
1500 1882 1513 1902 ,
1525 1845 1528 1848 Δ
1541 1855 1610 1893 sed
1628 1856 1733 1894 ultra

223 1924 427 1961 Misenum
455 1936 595 1959 versus
625 1924 767 1961 Cumas
790 1923 951 1960 classem
979 1923 1183 1973 appulsam
1211 1935 1293 1960 esse
1319 1923 1461 1961 voluit.
1481 1922 1734 1962 Gubernato-

220 2003 305 2028 rem
324 1989 443 2027 fuisse
466 1992 600 2027 AEneae
617 1991 820 2028 Misenum
838 1989 1042 2028 tradidisse
1060 1990 1250 2028 videntur
1268 1990 1458 2028 nonnulli
1473 1989 1580 2041 apud
1595 1992 1736 2030 Victo-

223 2069 330 2106 rem,
350 2057 444 2095 falsa
464 2059 563 2095 remi
582 2059 739 2096 tumulo
758 2056 878 2095 infixi
897 2059 1225 2109 interpretatione
1238 2085 1249 2105 ‚
1269 2059 1340 2108 qni
1356 2055 1488 2096 tamen
1503 2067 1635 2096 nautae
1652 2067 1736 2096 tan·

223 2136 312 2164 tum
342 2125 671 2177 significationem
700 2125 876 2164 haberet.
911 2128 1223 2164 Monumentum
1257 2134 1389 2163 autem
1418 2134 1532 2164 vetus
1565 2127 1734 2180 tumuli,
1758 2133 1763 2135 “

223 2192 353 2232 infixo
369 2206 479 2231 remo
491 2207 583 2231 cum
599 2194 694 2231 tuba
706 2222 716 2241 ‚
735 2193 784 2231 ad
800 2194 909 2231 istud
924 2195 1247 2245 promontorium
1259 2207 1341 2231 esse
1358 2192 1515 2241 debuit;
1529 2195 1602 2232 etsi
1615 2195 1734 2233 video

222 2261 301 2298 hoc
317 2273 477 2311 quoque
497 2274 520 2297 a
537 2261 746 2298 nonnullis
766 2260 886 2308 tradi,
907 2262 1039 2312 ipsum
1056 2261 1382 2312 promontorium
1401 2260 1678 2313 navigantibus
1691 2264 1733 2300 in

228 2327 306 2364 alto
330 2328 501 2377 speciem
520 2326 692 2376 sepulcri
712 2326 905 2377 praebere.

283 2397 420 2445 Quum
449 2397 588 2432 AEneas
606 2393 655 2431 ad
677 2394 764 2432 loca
792 2394 878 2432 haec
901 2394 1022 2432 semel
1042 2393 1238 2431 adductus
1264 2402 1365 2432 esset
1384 2406 1406 2431 a
1425 2402 1562 2444 poeta,
1583 2393 1735 2446 ingenii

227 2460 275 2497 ad
295 2461 578 2499 convertendas
597 2462 640 2498 in
660 2475 744 2499 rem
766 2475 879 2499 suam
906 2470 1088 2499 veterum
1115 2469 1328 2512 poetarum
1356 2460 1507 2497 fabulas
1528 2461 1708 2510 praeclari
1721 2492 1732 2510 ‚

227 2526 393 2575 Necyiae
415 2528 481 2565 ille
512 2528 736 2567 Homericae
756 2529 800 2567 in
821 2527 885 2566 his
914 2529 1009 2580 ipsis
1028 2530 1127 2568 locis
1146 2536 1320 2566 tractatae
1335 2539 1507 2574 memor,
1536 2535 1582 2564 ut
1601 2542 1734 2568 narra·

225 2595 377 2631 tionem
400 2601 530 2631 tamen
548 2597 733 2643 variaret,
758 2610 843 2634 non
862 2597 1048 2634 Manium
1071 2596 1368 2640 evocationem,
1394 2592 1464 2630 sed
1494 2592 1544 2630 ad
1573 2607 1640 2633 eos
1665 2595 1734 2634 de·

225 2673 407 2698 scensum
424 2663 557 2698 AEneae
576 2665 825 2700 comminisci
845 2664 1008 2710 maluit3
1030 2660 1242 2700 Homerico
1267 2669 1398 2698 tamen
1423 2662 1608 2712 exemplo
1630 2676 1732 2715 prae-

224 2728 383 2766 lucente
404 2727 577 2778 quodam
595 2729 716 2767 modo
743 2731 860 2767 etiam
888 2732 932 2768 in
958 2730 1018 2768 his
1036 2728 1180 2781 Odyss.
1209 2741 1254 2767 ω.
1274 2728 1408 2778 Atque
1430 2725 1496 2765 hic
1520 2727 1728 2768 commode

225 2796 269 2833 in
287 2793 539 2834 Platonicam
557 2794 780 2833 doctrinam
802 2796 959 2836 incidit.
