1767 3054
198 122 249 159 26
829 121 1071 159 AENEIDOS

194 196 413 253 Purpura
435 190 679 237 Maeandro
705 190 883 252 duplici
906 191 1128 238 Meliboea
1154 192 1386 251 cucurrit5

194 269 502 328 Intextusque
524 282 643 327 puer
668 265 891 311 frondosa
914 267 1070 328 regius
1097 267 1183 313 Ida

195 341 380 388 Velocis
395 341 552 403 jaculo
578 357 743 386 cervos
768 357 1006 402 cursuque
1029 342 1192 404 fatigat

196 421 343 475 Acer,
366 416 604 462 anhelanti
628 415 815 472 similis,
836 432 978 477 quem
998 432 1179 478 praepes
1201 416 1260 463 ab
1283 416 1368 463 Ida

196 590 266 622 co,
301 573 557 619 Mnestheus,
593 582 632 611 et
660 587 698 612 v.
732 574 813 611 266
835 582 913 611 ter-

196 636 277 679 tio,
308 634 428 683 Gyas.
451 633 582 668 Vestis
608 645 705 669 auro
737 633 911 679 intexta3

197 701 241 728 ut
259 694 296 727 V
301 675 374 735 ΙΙΙ,
401 690 474 736 167
499 689 830 740 chlamydemque
847 704 914 726 au-

196 763 238 786 ro
273 749 386 785 dedet
414 747 702 793 intertextam;
721 749 843 798 igitur
864 747 911 785 st-

195 820 303 872 gurae
319 819 447 843 aureae
463 814 593 843 erant·
585 815 801 857 ,praetexta
820 806 914 858 (πε-

223 878 280 902 ’.τ-.-
271 889 427 907 ⁴⁴⁴⁴⁴
371 863 445 914 zv)
463 864 587 901 limbo
613 878 818 915 purpureo
842 865 914 901 du-

195 924 315 973 plici,
335 936 418 959 non
435 931 564 959 tamen
588 922 742 968 adsuto,
766 922 833 959 sed
855 925 915 959 in-

198 990 308 1018 texto
323 994 332 1026 3
355 993 473 1030 quem
485 981 730 1017 ornatissime
745 980 916 1030 descrip-

197 1041 260 1076 sit.
286 1061 344 1068 -—
374 1038 470 1075 251.
506 1040 711 1087 Purpurea
744 1038 914 1075 Dorvill.

198 1097 395 1133 Dlelcboea
416 1095 498 1132 duo
519 1096 623 1146 apud
643 1097 779 1133 Burm.
800 1096 918 1133 Meli-

198 1154 289 1190 beia
313 1154 434 1190 currit
458 1156 615 1204 Hugen.
633 1176 691 1182 —
709 1154 922 1191 Maeander

199 1213 505 1265 enimflexuosa
523 1221 563 1247 et
578 1211 618 1247 in
636 1224 678 1248 se
694 1211 920 1248 remeabilis

193 1283 373 1321 purpura
408 1270 449 1306 in
491 1269 651 1305 modum
686 1269 891 1305 Illoeandri
905 1297 916 1314 ,

201 1329 254 1364 ait
273 1331 397 1373 Seru,
412 1326 539 1372 fluvii,
553 1328 624 1376 qui
643 1328 747 1363 inter
761 1328 916 1364 Cariam

199 1394 238 1422 et
253 1385 420 1436 Lydiam
438 1383 590 1428 defluit,
612 1384 809 1420 notissimi
832 1392 917 1419 tum

199 1443 372 1479 flexibus
392 1444 498 1487 suis,
528 1450 615 1478 tum
644 1449 852 1491 poetarum
875 1443 919 1477 in

201 1514 248 1538 eo
293 1499 474 1537 ornando
521 1509 615 1537 arte.
655 1498 758 1535 Vide
798 1498 916 1536 Ovid.

199 1561 298 1597 Met.
317 1560 440 1604 VIII,
471 1558 548 1595 162
575 1570 659 1608 sqq.
681 1565 720 1594 et
739 1557 788 1594 al.
815 1557 919 1594 Con-

202 1617 260 1654 fer
299 1615 510 1654 Chandler.
552 1614 721 1665 Antiqq.
758 1614 920 1651 Ionicus

200 1688 234 1712 c.
253 1676 288 1712 3.
304 1675 465 1725 Virgilii
477 1674 659 1725 exemplo
669 1672 920 1711 Maeandrum

200 1734 319 1770 etiam
358 1732 424 1768 alii
465 1741 592 1783 poetae
631 1731 681 1768 ad
721 1740 921 1768 texturam

200 1790 450 1828 transtulere.
484 1791 534 1827 cf.
566 1789 693 1827 Cerda
721 1798 759 1825 et
785 1790 917 1826 L'rsin.

200 1850 365 1885 Etrusca
383 1847 508 1898 sigilla
526 1847 648 1884 multa
667 1854 759 1883 sunt
773 1875 783 1892 ,
801 1846 919 1883 simili

201 1906 342 1942 habitu
371 1905 470 1942 facta
485 1933 495 1951 ,
530 1917 574 1941 ac
606 1905 711 1954 picta
729 1905 773 1940 in
794 1905 893 1940 vasis
907 1933 917 1950 ,

201 1976 291 2014 quae
304 1976 386 1999 rem
401 1964 613 2000 illustrent.
634 1962 820 1998 Meliboea
828 1975 920 2011 pur-

194 2035 322 2072 pura,
342 2021 611 2058 Meliboeensis
625 2048 635 2065 ,
657 2021 711 2066 si,
731 2019 841 2070 quod
861 2034 920 2057 ve-

203 2079 365 2116 risimile
385 2088 442 2116 est
455 2108 464 2126 ,
498 2078 670 2129 Virgilio
693 2091 744 2114 ex
762 2080 918 2115 Lucret.

203 2139 260 2182 11,
288 2144 369 2186 499
390 2139 433 2173 in
451 2137 628 2173 animum
649 2137 756 2172 venit
776 2148 785 2173 :
802 2136 919 2172 Meli-

204 2195 370 2243 boeaque
387 2193 559 2244 fitlgens
588 2197 768 2243 Purpura
801 2192 919 2230 Thes-

203 2251 329 2289 salico
348 2250 590 2288 concharum
618 2251 745 2287 tincta
764 2251 895 2288 colore
908 2280 918 2298 ,

203 2310 252 2347 ab
282 2309 356 2346 alia
369 2337 379 2356 ,
422 2322 540 2358 quam
580 2308 787 2346 Thessalico
821 2309 921 2346 urbe

204 2367 267 2418 (V.
289 2368 372 2404 Liv.
391 2369 533 2410 XLIV,
557 2365 623 2416 13)
641 2367 830 2416 appellata
847 2368 921 2416 ipsi

204 2425 332 2463 videri
368 2425 439 2461 vix
471 2425 615 2474 potuit.
654 2423 718 2461 Ad
752 2424 920 2460 insulam

201 2491 334 2526 tamen
363 2482 592 2519 Meliboeam
609 2510 618 2527 ‚
655 2483 697 2518 in
732 2483 918 2528 Orontis,

204 2541 328 2591 Syriae
348 2539 485 2584 fluvii,
522 2541 630 2576 ostiis
658 2540 792 2585 sitam,
825 2552 920 2588 pur-

204 2611 315 2648 purae
343 2597 462 2646 hujus
489 2596 647 2633 laudem
676 2597 820 2633 referre
842 2609 919 2632 ma-

203 2655 279 2692 luit
296 2658 412 2692 Voss.
433 2654 481 2690 ad
498 2654 643 2692 Melam
661 2656 699 2690 11
713 2683 723 2700 ,
748 2656 768 2692 3
789 2668 809 2691 a
826 2656 921 2691 Bur-

203 2726 337 2751 mann.
358 2711 540 2750 laudatus
553 2740 564 2759 ,
587 2714 775 2763 quoniam
796 2712 918 2750 scilic.

205 2771 248 2808 in
270 2771 340 2809 illo
356 2771 471 2809 litore
489 2772 685 2809 muricum
701 2770 920 2822 frequentia

981 573 1141 611 aliunde
1159 583 1255 612 nota
1277 582 1356 621 est;
1383 586 1474 612 nam
1498 575 1541 611 in
1560 575 1699 613 ceteris

982 640 1187 682 argutatur
1216 625 1394 670 Vossius.
1430 634 1698 670 Imitationem

981 691 1091 728 Statii
1110 689 1263 740 (Theb.
1281 692 1339 727 VI
1352 719 1362 738 ‚
1387 691 1468 735 540
1483 719 1494 738 ,
1519 691 1596 735 541
1620 690 1697 742 sq.)

982 750 1159 800 agnoscit
1174 751 1367 798 Pompon.
1387 748 1476 786 Sab.
1496 747 1693 793 Cucurrit,

982 808 1130 854 currit,
1162 814 1209 844 ut
1226 805 1341 843 Iliad.
1358 803 1402 852 ζ,
1434 807 1515 844 320
1542 802 1632 859 περὶ
1653 801 1698 843 δὲ

982 878 1028 917 χε
1013 863 1098 901 ‘soe
1123 863 1217 908 ς-θέε
1241 876 1291 900 πε
1279 861 1401 915 ’ᾳρκη
1431 863 1536 902 conf.
1565 863 1698 901 Guell.

985 924 1065 959 252
1085 937 1179 972 sq.
1163 924 1256 960 Non
1271 922 1443 958 alienum
1459 930 1628 959 texturae
1644 934 1700 958 ar-

982 989 1215 1032 gumentum
1228 1009 1238 1026 ‚
1264 992 1357 1016 cum
1382 979 1634 1031 Ganymedes
1649 978 1700 1016 ad

984 1041 1116 1075 AEneae
1136 1051 1261 1088 genus
1277 1045 1472 1087 spectaret
1489 1036 1505 1088 (
1521 1037 1570 1075 cf.
1582 1038 1699 1075 Win-

984 1094 1186 1132 kehnann.
1212 1095 1261 1131 de
1293 1094 1519 1131 imitatione
1545 1095 1697 1132 Graecc.

986 1166 1075 1203 opp.
1096 1167 1137 1203 p.
1165 1152 1241 1202 169
1274 1160 1314 1188 et
1339 1151 1468 1203 188),
1490 1151 1613 1190 modo
1644 1160 1699 1189 te-

985 1224 1078 1247 neas
1091 1239 1101 1256 ,
1121 1210 1187 1246 illa
1204 1222 1214 1247 :
1238 1211 1278 1244 V
1274 1209 1402 1246 eloces
1411 1209 1554 1260 jaculo
1571 1223 1702 1247 cervos

986 1281 1177 1318 cursuque
1202 1266 1385 1318 fatigat,
1425 1267 1501 1305 hoc
1537 1275 1597 1304 est
1632 1280 1700 1304 ve-

986 1334 1128 1371 natur,
1169 1338 1253 1362 non
1278 1324 1326 1360 ad
1358 1326 1557 1374 picturam
1588 1337 1699 1376 spec-

985 1392 1088 1428 tare,
1119 1382 1188 1419 sed
1214 1390 1370 1418 tantum
1396 1383 1552 1432 poetice
1579 1383 1701 1420 inter-

984 1442 1112 1492 posita
1135 1454 1216 1477 esse
1229 1469 1239 1487 ,
1273 1453 1364 1476 cum
1383 1441 1426 1476 in
1449 1448 1595 1477 venatu
1612 1452 1701 1491 rap-

985 1507 1050 1535 tus
1073 1508 1173 1535 esset
1189 1511 1302 1548 puer.
1320 1518 1379 1526 -—-
1398 1499 1494 1543 254.
1522 1499 1616 1537 Non
1638 1499 1702 1535 in-

985 1556 1102 1594 docta
1133 1565 1190 1594 est
1216 1559 1259 1594 P.
1287 1557 1505 1593 Burmanni
1531 1555 1704 1594 Secundi

987 1614 1208 1652 emendatio
1227 1614 1277 1650 ab
1295 1614 1402 1661 alco;
1424 1627 1516 1651 nam
1535 1612 1706 1651 offendit

987 1674 1065 1710 Ida
1088 1673 1148 1710 bis
1176 1674 1220 1709 in
1247 1671 1328 1709 fine
1351 1686 1487 1710 versus
1513 1673 1701 1722 positum.

986 1731 1089 1768 Vide
1124 1730 1173 1767 ad
1208 1730 1374 1768 Anthol.
1403 1733 1485 1767 Lat.
1519 1737 1626 1780 poet.
1658 1742 1699 1779 p.

990 1802 1085 1837 272.
1106 1788 1312 1827 Schrader.
1326 1787 1531 1825 Emendat.
1554 1801 1593 1837 p.
1624 1787 1702 1831 154

987 1849 1091 1895 conj.
1109 1847 1160 1883 ab
1178 1845 1304 1883 oetkra
1317 1846 1471 1883 :Valen
1489 1845 1547 1883 Fl.
1569 1846 1601 1891 1,
1621 1844 1701 1881 156

991 1905 1108 1943 Talia
1128 1903 1314 1941 comanti
1337 1904 1478 1940 loevum
1501 1901 1607 1940 Jovis
1636 1914 1700 1938 ar-

988 1963 1117 2014 miger
1133 1962 1260 1999 oeclzra
1279 1960 1467 1999 Advenit.
1496 1959 1572 1998 Inf.
1594 1961 1676 1998 XII
1690 1988 1700 2006 ‚

989 2029 1068 2069 247
1110 2021 1257 2058 volans
1285 2018 1402 2056 rubra
1422 2017 1561 2070 ficlvus
1595 2016 1702 2054 Iovis

988 2080 1074 2116 ales
1087 2079 1128 2115 in
1146 2077 1287 2115 aetlzra.
1305 2076 1410 2124 Add.
1433 2075 1640 2114 claudian.
1654 2076 1698 2112 Β.

988 2137 1096 2175 Gild.
1142 2136 1220 2182 467
1257 2147 1342 2184 sqq.
1375 2137 1596 2183 Receptum
1624 2132 1702 2170 hoc

986 2194 1104 2232 video
1123 2207 1143 2231 a
1159 2191 1375 2230 Brunckio.
1399 2191 1570 2229 Praefero
1590 2191 1700 2240 equi-

987 2252 1078 2290 dem
1094 2252 1143 2289 ab
1155 2251 1240 2288 alto
1253 2263 1267 2287 .·
1278 2249 1349 2288 inf.
1362 2251 1444 2295 XI,
1471 2262 1490 2296 7
1500 2261 1521 2285 2
1532 2261 1548 2285 1
1569 2250 1700 2298 Quam

976 2310 1108 2362 facile
1134 2307 1325 2357 accipiter
1351 2319 1454 2343 saxo
1484 2319 1598 2343 sacer
1617 2305 1703 2342 ales

989 2368 1040 2405 ab
1072 2368 1156 2405 alto
1179 2364 1440 2415 Consequitur
1453 2362 1599 2413 pennis
1621 2363 1703 2400 sub-

987 2426 1121 2463 limem
1148 2424 1189 2462 in
1218 2423 1318 2460 nube
1341 2421 1578 2460 columbam.
1599 2422 1702 2460 Cum

986 2486 1118 2534 itaque
1159 2481 1353 2519 evidentis
1397 2481 1570 2516 veritatis
1607 2486 1703 2516 nota

986 2541 1120 2578 neutri
1157 2538 1423 2576 emendationi
1457 2538 1574 2584 insit,
1617 2548 1703 2573 non

986 2611 1077 2636 sane
1095 2597 1321 2635 consultum
1337 2604 1396 2632 est
1409 2596 1452 2632 in
1468 2602 1701 2632 contextum

986 2657 1213 2693 alterutram
1238 2654 1406 2700 inferre3
1437 2652 1564 2691 facere
1594 2651 1702 2688 enim

985 2713 1063 2751 hoc
1083 2726 1165 2751 non
1182 2713 1275 2750 licet
1287 2741 1297 2759 ‚
1319 2713 1397 2749 nisi
1414 2711 1506 2757 ubi,
1537 2717 1605 2746 aut
1619 2709 1676 2745 sic
1687 2735 1700 2754 ,

987 2780 1056 2809 aut
1079 2771 1194 2809 nullo
1219 2769 1296 2808 alio
1318 2768 1462 2817 modo,
1496 2776 1700 2807 auctorem
