1767 3054
588 132 664 170 AD
695 133 898 171 LIBRUM
930 134 1002 169 τι.
1467 134 1551 185 369

49 204 187 253 jiceres
201 218 212 250 ;
233 203 282 242 ad
296 204 400 243 banc
415 202 626 255 regendam
638 205 826 243 inventus
837 206 1023 256 portitor.
1037 206 1376 243 Praetermittimus
1389 205 1437 244 de
1451 206 1554 246 Cha·

52 281 167 310 rome
185 284 345 311 monem
360 271 542 310 nondum
561 271 612 310 ab
632 274 810 312 Homero
826 282 1042 313 memorato
1054 303 1065 322 ‚
1082 274 1188 313 conf.
1209 288 1297 325 sup.
1314 275 1363 312 ad
1382 289 1423 315 v.
1446 283 1466 321 ί.
1478 290 1523 325 17
1543 305 1555 324 ‚

51 348 90 378 et
119 339 168 378 de
193 339 487 391 insepultorum
513 340 666 379 umbris
695 342 746 379 ab
777 343 902 380 amnis
931 344 1100 392 trajectu
1122 341 1350 394 prohibitis.
1380 344 1486 383 conf.
1503 343 1555 383 ad

50 419 89 444 v.
109 407 205 446 325.

106 477 231 514 Trans
263 488 441 525 amnem,
471 477 636 516 adverso
668 478 806 525 litore,
841 478 1002 517 Cerberi
1017 489 1178 517 antrum
1207 487 1288 526 est,
1315 479 1399 525 415
1428 492 1552 531 seqq„

48 541 157 594 quod
174 551 473 605 praetergressus
496 548 661 593 AEneas,
684 546 732 584 ad
739 545 879 596 prima
906 546 997 584 loca
1024 546 1207 594 devenit3
1226 546 1451 585 inhabitant
1471 546 1556 583 haec

48 609 137 648 loca
162 610 342 664 infizntes
361 627 399 652 v.
431 615 684 664 426—429‚
715 623 755 652 et
778 615 851 665 qui
880 615 1080 660 insontes,
1112 625 1182 653 aut
1211 624 1376 654 mortem
1395 615 1556 654 illatam

49 692 264 730 accepere,
284 690 354 718 ane
375 680 451 718 sibi
472 681 548 732 ipsi
560 681 730 720 intulere
741 711 753 728 ,
778 683 1022 733 430—439.

110 749 204 786 Non
235 750 377 799 procul
408 749 505 788 hinc
537 750 682 802 Campi
706 752 927 803 Lugentes,
960 765 1032 789 seu
1058 751 1282 803 lugentium
1302 751 1413 789 sedes
1431 766 1442 798 3
1461 763 1560 802 quas

51 823 190 854 tenent
219 817 277 854 illi
290 845 302 864 ,
329 817 400 868 qui
415 817 594 856 luctuosa
611 828 736 856 morte
761 819 943 856 interiere
960 833 974 855 .·
997 820 1241 870 439—476.
1262 821 1324 857 Ex
1339 817 1402 856 his
1421 819 1560 869 impri-

53 886 127 922 mis
148 894 419 924 memoramur
435 885 614 926 heroinae
630 897 670 925 et
671 886 848 940 semime
864 887 987 925 οἷαι-(ε
1004 888 1154 925 veteris
1167 888 1244 926 oevi
1253 916 1266 934 ‚
1290 888 1475 938 interque
1497 899 1560 924 eas

52 953 170 990 etiam
198 952 338 991 mIsere
364 962 564 994 amantes.
595 955 732 1007 Vqu
762 955 923 1006 quidem
941 955 990 993 ab
1009 958 1144 1006 Intpp.
1170 953 1310 992 misere
1332 952 1560 992 amantium

51 1018 164 1057 sedes
184 1033 266 1058 esse
288 1019 502 1059 traduntur
515 1050 526 1069 ,
547 1025 743 1075 Lugentes
759 1025 901 1074 campi.
923 1024 1137 1061 Enimvero
1159 1023 1216 1059 sic
1236 1034 1376 1074 magna
1391 1019 1563 1059 difficul-

52 1096 112 1125 tas
142 1090 297 1137 oritur,
323 1090 528 1140 quomodo
557 1090 748 1142 Eriphyle
773 1099 815 1129 et
847 1092 974 1131 Caenis
1003 1092 1108 1128 inter
1136 1091 1278 1128 misere
1305 1097 1478 1127 amantes
1498 1102 1560 1127 re-

52 1155 147 1194 ferri
164 1158 330 1208 possint.
360 1158 437 1196 Sed
461 1160 591 1210 iniqui
605 1160 649 1196 in
666 1167 823 1210 poetam
842 1159 1030 1198 videntur
1045 1172 1127 1197 esse
1143 1159 1219 1195 viri
1237 1157 1360 1196 docti.
1381 1159 1441 1195 Ita
1458 1155 1560 1195 scili-

53 1235 120 1264 cet
135 1225 391 1278 dispescenda
406 1235 465 1265 est
482 1228 610 1266 oratio
629 1241 669 1266 v.
693 1229 775 1278 439
796 1241 907 1280 seqq.
927 1227 1004 1265 Hic
1022 1250 1079 1257 —
1097 1228 1294 1279 Lagentes
1315 1224 1460 1276 Campi
1476 1244 1533 1253 ·--
1546 1236 1559 1261 .·

52 1294 131 1332 Hic
149 1297 325 1346 primum
338 1323 349 1344 ,
366 1309 465 1348 quos
486 1296 607 1334 dunas
630 1309 746 1334 amor
768 1305 843 1336 etc.
865 1299 970 1336 Tum
993 1295 1054 1335 his
1070 1294 1287 1335 Plzaedram
1312 1294 1560 1345 Procrinque

51 1362 154 1401 Iocis
175 1371 250 1402 etc.

115 1431 314 1484 Contigua
329 1431 407 1469 illis
419 1459 430 1479 ‚
449 1439 488 1470 et
500 1460 512 1480 ‚
528 1432 561 1470 si
577 1440 682 1471 reete
701 1431 882 1483 intelligo
895 1459 907 1479 ‚
923 1433 968 1470 in
987 1439 1161 1469 extrema
1180 1441 1412 1480 camporum
1427 1456 1437 1475 ,
1459 1439 1561 1479 quos

52 1499 249 1549 Lugentes
278 1506 437 1545 tenent,
467 1507 579 1550 parte
593 1528 604 1547 ,
630 1501 702 1537 sita
725 1508 784 1537 est
812 1498 924 1537 sedes
952 1498 1131 1537 virorum
1151 1497 1256 1534 bello
1276 1496 1499 1542 clarorum,
1521 1502 1561 1532 et

51 1564 158 1601 inter
184 1563 446 1614 pugnandum
467 1577 658 1602 caesorum
676 1575 686 1602 :
703 1565 815 1602 Arva
839 1563 1004 1608 ultima,
1037 1577 1077 1602 v-
1107 1563 1351 1612 477—539.
1371 1564 1430 1598 Ita
1453 1562 1562 1598 exci-

50 1631 171 1682 piunt
188 1643 229 1668 se
252 1630 340 1668 loca
358 1643 498 1668 eorum
512 1659 523 1678 ,
547 1632 617 1682 qui
644 1640 773 1669 morte
791 1630 900 1668 haud
918 1638 1073 1669 matura
1099 1630 1284 1667 interiere
1299 1656 1310 1675 ,
1337 1629 1537 1666 infantum
1551 1654 1562 1673 ,

49 1696 309 1736 heminarum
322 1725 334 1745 ,
357 1697 527 1736 heroum
544 1709 554 1737 :
575 1711 788 1736 commune
807 1697 995 1737 omnibus
1016 1697 1095 1735 hoc
1107 1725 1118 1745 ,
1135 1696 1249 1748 quod
1271 1695 1454 1733 debitum
1470 1696 1562 1732 vita?

50 1770 209 1816 tempus
230 1777 315 1803 non
334 1772 567 1816 exegerunt.

111 1833 251 1882 Itaque
271 1833 374 1869 trina
400 1831 467 1869 illa
489 1832 578 1870 loca
602 1832 787 1870 citeriora
805 1831 972 1870 omnino
997 1843 1138 1869 eornm
1160 1831 1308 1868 animas
1328 1829 1536 1867 continent
1550 1854 1562 1874 ,

52 1899 125 1949 qni
153 1898 364 1935 immatura
391 1906 519 1935 morte
545 1898 757 1945 obierunt3
787 1899 861 1936 etsi
886 1908 1002 1948 poeta
1022 1910 1107 1936 non
1131 1898 1221 1935 satis
1249 1895 1450 1934 subtiliter
1474 1895 1561 1933 haec

53 1965 257 2011 tractavit,
277 1977 351 2002 nec
368 1963 512 2013 adjecit
524 1992 536 2012 ,
553 1965 683 2003 sintne
703 1965 762 2003 illi
781 1965 992 2016 aliquando
1005 1993 1016 2013 ,
1034 1966 1202 2017 expletis
1222 1964 1406 2002 fatalibus
1423 1965 1537 2003 annis
1551 1993 1562 2011 ,

55 2047 158 2084 quos
191 2040 512 2079 anteverterunt‚
555 2033 604 2071 ad
632 2034 814 2085 Elysium
843 2035 1100 2085 perventuri;
1128 2033 1197 2071 sed
1227 2035 1270 2071 in
1298 2033 1376 2071 hoc
1407 2041 1563 2072 tantum

54 2100 275 2148 laboravit,
311 2108 356 2138 ut
370 2128 381 2147 ‚
415 2113 506 2151 quae
537 2102 680 2152 passim
711 2100 817 2152 apud
847 2102 1007 2139 Graecos
1038 2109 1173 2153 poetas
1207 2100 1256 2137 de
1288 2100 1387 2137 locis
1426 2099 1563 2137 inferis

54 2177 270 2206 memorata
306 2166 488 2215 videbat,
530 2169 575 2206 in
607 2168 693 2206 haec
731 2169 815 2206 loca
848 2168 1068 2215 conferret,
1104 2168 1365 2218 inprimisque
1398 2167 1564 2205 Homeri

54 2236 264 2286 exemplo,
295 2235 488 2283 heroum,
519 2235 855 2288 heroinarumque
886 2237 990 2274 clara
1021 2237 1183 2273 nomina
1215 2235 1426 2272 intexeret.
1458 2235 1563 2271 Hac-

56 2311 173 2342 tenus
202 2304 324 2356 igitur
355 2303 496 2342 Haden
528 2303 700 2342 vidimus
734 2304 958 2355 mythicum
993 2317 1037 2341 ac
1069 2303 1289 2354 poeticum.
1320 2301 1387 2340 Ad
1419 2309 1564 2339 statum

55 2371 230 2423 aliquem
262 2371 437 2410 medinm
471 2373 576 2410 inter
606 2386 742 2423 poenas
773 2381 810 2410 et
837 2373 997 2423 praemia
1022 2372 1131 2418 haec,
1167 2370 1343 2423 redigere
1373 2369 1566 2409 allaborat

55 2441 254 2492 Trappius
279 2453 371 2479 cum
386 2440 495 2489 ὼς
512 2454 587 2479 nec
606 2450 735 2479 tamen
753 2454 837 2480 rem
862 2440 912 2478 ad
937 2439 1097 2493 Virgilii
1117 2438 1279 2492 quidem
1301 2447 1474 2479 mentem
1498 2452 1566 2479 ex-

57 2507 237 2559 pediunt.

116 2577 220 2615 Hinc
248 2577 339 2615 duce
365 2577 448 2615 vice
481 2577 612 2630 (natae
639 2576 740 2615 forte
769 2590 820 2614 ex
844 2571 1009 2630 τριόδοις
1030 2575 1202 2614 Platonis
1220 2576 1262 2614 in
1279 2575 1453 2626 Gorgia,
1474 2587 1561 2627 pag.

61 2642 140 2689 357
168 2645 206 2681 A
227 2645 334 2691 ΡΜΣ,
354 2644 488 2696 Steph.
523 2658 563 2695 p.
594 2645 677 2689 524
702 2644 805 2694 A.),
828 2644 948 2681 altera
975 2643 1022 2680 ad
1053 2642 1234 2682 Plutonis
1255 2642 1408 2695 regiam
1424 2671 1434 2690 ,
1459 2656 1563 2682 eam-

0 2728 31 2769 3
59 2721 138 2760 que
161 2718 453 2763 praetergressos
472 2711 521 2749 ad
544 2711 726 2761 Elysium
738 2740 751 2757 ‚
776 2711 910 2758 ducit3
939 2713 1095 2749 sinistra
1121 2723 1217 2749 vero
1245 2711 1295 2749 ad
1325 2711 1533 2748 Tartarum
1548 2737 1559 2754 ,

65 2776 308 2821 540-543.
