1767 3054
122 104 175 146 94
750 98 993 136 AENEIDOS

118 168 255 213 [nde
276 177 422 214 ruunt
447 167 643 214 totidem
662 184 826 227 voces,
851 183 1077 230 responsa
1102 168 1305 230 Sibyllae.

117 247 324 290 Ventum
347 254 449 289 erat
470 244 529 290 ad
555 244 719 301 limen,
739 259 885 306 quum
914 245 1070 306 virgo,
1092 267 1111 287 «
1133 248 1332 291 Poscere
1358 243 1451 291 fata
1579 254 1618 290 45

116 323 346 383 Tempus,
367 320 432 366 ait
453 339 462 365 ε
487 321 627 378 deus,
653 337 761 366 ecce
785 320 914 365 deus.
941 339 961 360 »
987 321 1075 366 Cui
1097 321 1206 367 talia
1232 321 1349 368 fanti

116 401 240 443 Ante
264 397 413 454 fores,
436 395 595 442 subito
620 412 715 441 non
738 396 917 453 voltus,
937 411 1034 441 non
1055 397 1186 442 color
1211 413 1356 456 unus,

115 475 225 518 Non
246 482 412 518 comtae
432 487 646 517 mansere
672 486 841 530 comae3
863 471 945 517 sed
964 481 1129 534 pectus
1155 472 1375 519 anhelum
1390 508 1403 532 ,

116 552 174 594 Et
199 548 331 594 rabie
356 548 456 593 fera
479 547 625 593 corda
650 557 856 605 tument;
882 547 1128 610 majorque
1147 547 1324 607 videri,

114 628 214 671 Nec
239 624 437 669 mortale
463 639 658 681 sonans,
682 623 855 669 adflata
877 633 946 669 est
968 623 1162 669 numine
1186 623 1377 686 quando
1580 634 1618 666 50

115 702 220 744 Jam
239 699 467 762 propiore
493 697 582 744 dei.
606 719 624 739 «
646 700 808 744 Cessas
828 697 877 743 in
900 708 1011 744 vota
1032 714 1316 760 precesque,

115 776 256 831 Tros,
279 773 365 831 ait,
393 775 571 819 AEnea?
597 776 776 820 cessas?
800 790 955 836 neque
976 774 1101 819 enim
1126 783 1234 819 ante
1261 772 1504 820 dehiscent

116 849 354 897 Adtonitae
377 866 548 913 magna
572 865 657 896 ora
682 850 863 898 domus.
891 870 910 890 »
937 852 994 896 Et
1019 849 1128 896 talia
1153 849 1249 896 fata

117 1017 234 1064 trale,
260 1019 373 1066 cujus
393 1027 451 1055 est
468 1018 590 1056 limen
611 1032 667 1057 vs,
700 1020 774 1065 45,
797 1028 835 1057 et

103 1076 219 1127 fores
235 1090 292 1114 vs.
320 1083 387 1123 47,
409 1086 448 1113 et
468 1090 539 1113 ora
559 1090 615 1115 vs.
637 1078 687 1115 53
704 1091 714 1124 ;
732 1078 834 1115 ostia

115 1148 173 1172 vs.
205 1134 272 1172 81.
296 1134 417 1185 Quod
438 1137 470 1172 si
502 1137 636 1186 itaque
666 1137 710 1173 in
736 1138 835 1173 inte-

115 1194 220 1229 riore
251 1201 386 1238 antro,
411 1192 556 1244 adyto,
587 1193 739 1245 Sibylla
771 1207 836 1231 va-

114 1251 251 1287 ticinia
281 1250 493 1297 effaretur,
522 1252 721 1287 remeabat
753 1265 834 1289 vox

115 1322 186 1359 per
203 1307 384 1345 infinitos
398 1308 472 1345 hos
490 1308 727 1346 canaliculos
738 1337 748 1354 ,
765 1322 835 1346 seu

115 1367 354 1417 spiramenta
388 1374 426 1402 et
462 1367 618 1412 exitus;
653 1379 742 1416 quae
772 1380 833 1403 res

116 1424 164 1461 ad
198 1424 428 1475 religiosum
472 1423 681 1461 horrorem
718 1424 834 1461 valde

116 1482 410 1519 accommodata
441 1495 522 1518 esse
546 1480 686 1517 debuit
705 1480 832 1532 (Pao-

114 1540 199 1578 lum
218 1539 355 1577 desero
371 1540 415 1575 in
434 1539 495 1575 his
514 1539 836 1589 interpretandiS.

117 1613 155 1637 v,
176 1597 347 1648 Antiqq.
369 1597 524 1634 Puteol.
543 1597 612 1634 fol,
642 1595 735 1648 29).

175 1657 360 1700 45—54.
395 1658 570 1705 Tempus
608 1654 656 1691 ad
693 1668 834 1693 oracu-

113 1714 197 1750 lum
214 1714 401 1764 precibus
419 1713 690 1764 poscendum,
718 1723 765 1750 ut
784 1727 834 1751 ex

114 1785 151 1809 v.
179 1773 226 1809 51
252 1779 435 1822 apparet3
455 1770 572 1816 deus,
600 1784 689 1808 ecce
721 1771 830 1810 deus.

113 1831 241 1867 Sentit
265 1831 370 1867 enim
392 1829 458 1866 illa
477 1829 612 1867 furore
631 1829 768 1866 divino
792 1842 833 1866 se

114 1889 262 1938 corripi
300 1887 375 1924 sub
408 1888 541 1938 ipsum
582 1887 719 1937 templi
754 1886 834 1923 adi-

113 1953 213 1983 tum.
262 1948 390 1983 Locus
428 1945 476 1982 de
519 1945 655 1983 surore
695 1952 834 1982 vatum

113 2005 305 2054 egregius.
345 2005 433 2041 IVec
466 2012 609 2040 comtoe
650 2016 833 2040 mansere

114 2075 240 2098 comoe
259 2076 272 2098 .·
295 2063 404 2112 atqm‘
433 2069 545 2098 erant
569 2061 648 2098 issae
680 2061 831 2098 resolu-

114 2129 162 2156 tae
176 2148 186 2166 ,
211 2127 257 2156 ut
275 2120 318 2156 in
340 2122 459 2157 sacris
479 2133 565 2157 mos
586 2128 690 2167 erat3
711 2121 833 2171 igitur

114 2191 224 2215 nunc
259 2191 343 2215 non
376 2191 574 2225 mansere,
616 2186 662 2215 ut
694 2185 829 2223 erant,

114 2237 156 2272 in
176 2249 249 2273 suo
274 2237 412 2286 positu
442 2235 637 2282 naturali,
666 2235 734 2273 sed
764 2243 832 2272 aut

115 2294 226 2330 factae
257 2303 350 2331 sunt
381 2293 617 2341 horrentes,
638 2294 687 2332 cf,
718 2297 832 2332 Sene-

116 2364 160 2387 ca
183 2354 322 2402 Agam.
356 2366 434 2400 712
451 2382 461 2398 ,
499 2354 577 2400 713
599 2361 695 2399 ;aut
708 2354 829 2400 jacta-

116 2418 187 2454 tae,
214 2419 258 2445 ut
276 2411 426 2449 Tibull.
446 2413 486 2448 II
500 2439 510 2458 ,
541 2412 562 2448 5
578 2438 588 2458 ,
618 2411 673 2448 66
688 2439 698 2456 ,
720 2409 830 2461 quod

114 2466 248 2503 malim
274 2481 323 2503 ex
343 2469 431 2506 Val.
454 2469 511 2507 Fl.
535 2471 576 2515 I,
613 2469 692 2506 208
709 2497 719 2515 ,
746 2481 828 2518 209

114 2525 344 2562 imitatione.
360 2526 574 2577 ,Majorque
587 2526 731 2571 videri,
751 2523 832 2579 μεί-

115 2581 187 2626 ζων
230 2577 364 2619 εἷσὸεἶν
379 2611 390 2629 ,
427 2593 470 2619 ut
511 2585 639 2621 solent
681 2586 827 2632 majora

112 2641 203 2677 visu
224 2653 305 2677 esse
319 2669 328 2687 ,
363 2653 452 2690 quae
472 2643 646 2678 animum
674 2655 828 2678 sensus-

114 2711 190 2748 que
214 2699 421 2735 miratione
437 2699 670 2749 percellunt.
690 2699 827 2735 Paullo

113 2756 225 2794 aliter
242 2756 290 2794 de
313 2756 411 2803 dns,
447 2758 515 2807 qui
544 2758 586 2794 in
616 2756 827 2794 hominum

901 1020 1149 1069 praesentiam
1163 1019 1346 1056 veniunt.
1362 1039 1418 1048 —
1439 1017 1505 1056 50.
1523 1020 1618 1056 Non

903 1076 1080 1115 Parrhas.
1094 1075 1332 1130 Asflataque
1349 1090 1389 1114 n.
1404 1076 1526 1115 Goth.
1540 1090 1616 1115 sec.

901 1137 1026 1181 Mox,
1068 1142 1114 1171 ut
1153 1147 1264 1171 nunc
1293 1135 1592 1185 interpungitur
1605 1163 1617 1182 ,

902 1192 1065 1243 quando
1088 1200 1146 1230 est
1167 1205 1241 1243 pro
1271 1192 1618 1243 quandoquidem,

904 1249 1121 1300 siquidem,
1152 1252 1214 1286 uti
1242 1258 1281 1287 et
1310 1252 1469 1288 Servius
1499 1252 1621 1288 inter-

901 1317 1091 1358 pretatur.
1129 1306 1235 1344 Mjhi
1268 1310 1395 1344 oratio
1429 1309 1618 1356 majorem

900 1367 983 1401 vim
1004 1365 1150 1402 habere
1171 1363 1330 1401 videtur
1345 1393 1355 1411 ,
1375 1366 1409 1402 si
1427 1364 1619 1404 distinxe-

904 1424 959 1458 ris
988 1434 997 1458 :
1018 1423 1106 1459 Nee
1139 1434 1237 1459 mor.
1259 1434 1420 1460 sonans.
1445 1423 1618 1476 Adflaca

901 1489 961 1516 esc
978 1493 1017 1517 η.
1033 1479 1195 1530 quando
1211 1482 1305 1516 Jam
1316 1480 1507 1530 propiore
1523 1481 1591 1519 dei
1603 1497 1618 1520 :

906 1537 1044 1575 Cessas
1063 1537 1104 1573 in
1124 1546 1226 1573 vota
1238 1550 1477 1588 precesque,
1497 1541 1614 1587 Tros,

902 1595 983 1640 ait,
1025 1596 1161 1633 AEnea
1176 1599 1196 1631 9
1231 1616 1291 1624 —-
1318 1597 1407 1632 Nec
1448 1598 1619 1636 mortale

901 1666 1047 1690 sonans
1061 1681 1070 1699 ,
1100 1652 1278 1702 adeoque
1297 1652 1481 1691 divinum
1494 1655 1618 1704 quid;

901 1725 940 1749 v.
969 1714 1021 1758 V,
1057 1711 1140 1760 649
1174 1709 1222 1746 de
1253 1709 1358 1747 Iride
1392 1712 1435 1748 iu
1463 1713 1618 1751 Beroen

901 1778 1074 1815 mutata;
1098 1768 1147 1806 cf.
1184 1770 1226 1813 I,
1257 1769 1354 1807 328.
1375 1772 1476 1819 Quae
1493 1773 1618 1821 Spen-

901 1828 983 1863 cius
1015 1826 1168 1877 Polym.
1194 1826 1298 1864 Dial,
1332 1830 1432 1865 XVI
1456 1841 1618 1880 compa-

900 1893 959 1921 rat
994 1884 1042 1921 de
1072 1886 1188 1921 Fama
1212 1886 1302 1923 AEn.
1325 1886 1410 1932 IV,
1435 1887 1538 1934 176,
1569 1887 1619 1925 de

901 1943 1044 1980 Alecto
1067 1944 1169 1989 VII,
1191 1942 1294 1990 448,
1322 1942 1372 1980 de
1399 1944 1617 1995 Tisiphone

902 2002 1047 2052 Georg.
1067 2003 1149 2049 III,
1180 2001 1260 2038 553
1277 2030 1288 2048 ,
1308 2001 1444 2052 paullo
1464 2002 1618 2041 diversa

900 2069 1006 2097 sunt.
1035 2059 1172 2096 Cessas
1202 2058 1242 2095 in
1265 2069 1392 2106 vota,
1423 2059 1473 2097 ad
1500 2069 1615 2108 vota,

900 2119 1137 2168 exquisitius
1173 2117 1323 2154 dictum
1336 2146 1347 2165 ,
1378 2131 1499 2168 quam
1533 2132 1615 2157 ces-

899 2189 959 2212 sas
992 2175 1118 2213 facere
1146 2184 1250 2213 vota.
1280 2198 1340 2205 —
1359 2177 1435 2214 52.
1465 2176 1613 2223 Enim,

899 2230 936 2271 τί
960 2230 1038 2288 ’γὰρ
1055 2248 1064 2281 ;
1082 2242 1128 2271 ut
1150 2234 1247 2270 alias
1263 2246 1336 2284 pro
1351 2262 1361 2280 ,
1379 2243 1476 2271 vero
1488 2262 1498 2280 ,
1528 2235 1612 2273 scil.

898 2293 975 2329 nisi
1004 2301 1095 2330 vota
1125 2292 1276 2329 feceris.
1307 2291 1504 2330 Ατῖοηὶῐιε
1534 2307 1615 2330 ma-

893 2364 980 2404 gna
1003 2363 1075 2387 ora
1103 2350 1265 2394 domus,
1299 2349 1502 2388 interioris
1533 2363 1615 2389 ma-

895 2410 993 2457 joris
1010 2409 1128 2455 antri,
1143 2417 1333 2458 tanquam
1347 2406 1473 2459 adyfi,
1491 2403 1610 2446 fdres.

898 2466 1095 2504 Attonitae
1109 2480 1126 2511 ;
1158 2475 1204 2503 ut
1220 2467 1277 2503 rei
1294 2466 1519 2503 inanimatae
1539 2466 1611 2503 tri-

897 2524 1047 2562 buatur
1063 2536 1198 2561 sensus
1212 2523 1332 2568 idem,
1351 2523 1420 2573 qui
1431 2530 1490 2560 est
1504 2523 1547 2561 in
1562 2524 1611 2562 iis

893 2584 965 2633 qui
975 2590 1137 2632 repente
1153 2581 1293 2617 revelli
1305 2579 1408 2617 fores
1423 2580 1607 2620 audiunt.

894 2643 976 2679 Nec
999 2647 1130 2675 tamen
1148 2638 1248 2675 male
1270 2639 1380 2676 serv.
1400 2649 1410 2675 z
1431 2637 1609 2676 facientis

894 2698 1104 2741 attonitos,
1141 2694 1370 2746 stupendae3
1396 2704 1464 2742 ut,
1505 2710 1609 2733 mors

886 2753 1072 2807 pallida,
1093 2752 1212 2792 cristis
1233 2761 1424 2793 senectus.
1450 2754 1608 2794 Scilicet
