1767 3054
200 135 277 170 352

823 129 1064 167 AENEIDOS

195 206 302 251 Alta
326 213 492 266 petunt
516 219 524 245 :
551 201 717 262 pelago
742 199 905 246 credas
928 200 1091 245 innare
1113 199 1319 245 revolsas

197 277 444 340 Cycladas,
469 287 548 321 aut
571 275 741 321 montis
767 290 1052 320 concurrere
1076 274 1317 320 montibus
1341 273 1482 332 altos;

195 356 344 398 Tanta
369 350 490 396 mole
511 349 604 394 viri
631 348 810 394 turritis
835 348 1076 409 puppibus
1100 348 1298 394 instant!

196 431 407 490 Stuppca
434 426 619 470 flamma
644 438 808 478 manu,
838 422 1034 483 telisque
1059 423 1249 468 volatile
1273 423 1451 468 ferrum

197 502 468 563 Spargitur3
494 515 607 544 arva
632 512 756 542 nova
776 496 1017 558 Neptunia
1041 496 1167 541 caede
1191 496 1475 562 rubescunt..

195 577 372 637 Regina
397 576 443 619 in
468 572 633 618 mediis
660 572 814 634 patrio
839 581 978 616 vocat
1002 571 1186 633 agmina
1213 571 1376 627 sistro,

197 651 410 698 Necdum
437 649 578 694 ctiam
602 647 812 710 geminos
838 663 864 692 a
887 657 1022 708 tergo
1046 645 1240 708 respicit
1264 645 1452 708 anguis;

195 818 344 862 latin03
380 813 489 865 quod
522 822 712 864 sequutus
739 821 798 849 est
825 813 916 851 Pul-

198 888 301 913 man.
336 883 374 911 et
413 874 504 917 alii,
540 870 794 920 firmavitque
828 879 919 921 post

198 932 364 973 Cerdam
382 939 418 967 et
439 930 535 966 alios
554 930 692 967 Heius.
714 941 765 965 ex
786 928 916 966 Colot.

198 990 343 1029 Medic.
368 988 473 1025 Gud.
495 987 600 1024 conf.
619 989 655 1022 V
669 1014 680 1031 ‚
710 987 803 1030 143.
822 988 919 1023 Ros-

199 1048 344 1099 trisque
392 1044 621 1082 rudentibus
665 1043 803 1081 Hamb.
853 1057 914 1093 pr.

198 1120 274 1158 pro
294 1118 378 1143 var.
402 1104 494 1142 lect.
514 1124 574 1132 —-
591 1103 689 1151 691.
722 1102 823 1138 Alta
847 1115 918 1151 pe-

201 1174 297 1202 tunt.
330 1163 525 1212 Compara
544 1159 743 1198 Plutarch.
770 1173 810 1210 p.
833 1159 916 1208 946

199 1224 244 1269 Β,
261 1221 469 1269 C.—693.
483 1221 617 1256 Tanta
631 1218 748 1256 mole.
764 1220 920 1268 Spectat

198 1281 275 1317 hoc
311 1279 482 1316 maxime
506 1276 553 1313 ad
577 1276 825 1314 Antonianas
849 1287 919 1312 na-

199 1352 267 1375 ves
282 1366 291 1384 ‚
321 1337 370 1374 ad
390 1336 513 1373 denos
538 1348 740 1372 remorum
760 1333 919 1370 ordines

202 1403 447 1446 assurgentes
462 1422 472 1440 ,
498 1393 556 1429 ad
582 1392 655 1429 lzoe
673 1391 841 1429 turribus
858 1400 919 1428 at-

201 1467 277 1503 que
306 1450 494 1489 tabulatis
523 1451 743 1494 αῖῖεναταε,
777 1449 919 1486 castel-

201 1511 328 1547 lorum
353 1519 391 1546 ec
419 1508 570 1545 urbium
598 1507 750 1557 specie,
783 1520 808 1555 9
843 1514 918 1543 etc.

201 1568 308 1605 Flor.
327 1569 385 1603 IV
398 1595 408 1612 ⁷
440 1580 457 1601 1
471 1580 486 1601 1
504 1593 514 1611 ‚
534 1573 572 1602 et
589 1577 659 1600 sua
685 1562 922 1614 magnitudi-

202 1637 274 1670 ne,
320 1623 502 1673 inprimis
537 1622 579 1656 in
613 1621 685 1655 ista
725 1621 921 1666 remigum

200 1682 360 1730 inopia,
395 1679 443 1714 ad
474 1676 692 1725 regendum
723 1674 919 1712 difficiles,

202 1734 404 1774 Plutarch.
438 1734 463 1770 l.
498 1746 532 1769 c.
563 1733 639 1769 Dio
670 1735 724 1777 L,
750 1733 827 1777 32,
851 1733 917 1769 33.

202 1795 368 1843 -694.
397 1789 559 1840 Telique
580 1790 628 1825 ab
646 1790 810 1826 Heinsio
827 1801 922 1838 prae-

200 1854 346 1902 scripta
369 1858 427 1887 est
447 1858 636 1898 tanquam
662 1846 821 1897 vulgata
846 1846 921 1883 lec—

201 1912 257 1947 tio
277 1921 285 1946 :
305 1908 382 1945 fuit
411 1920 453 1944 ea
488 1906 624 1942 saltem
652 1906 693 1941 in
720 1903 782 1942 ed.
815 1906 916 1942 Dan.

201 1969 363 2013 Heins.;
398 1978 488 2002 nam
518 1963 638 2014 vulgo
661 1962 810 2012 ubique
830 1962 920 2014 legi-

198 2035 265 2063 tur
278 2024 456 2074 celisque,
472 2020 585 2072 quod
596 2020 768 2057 firmavit
780 2021 915 2059 Heius.

199 2097 219 2121 e
249 2082 424 2127 Medic„
461 2081 623 2129 aliisque
658 2078 915 2125 melioribu53

199 2155 250 2178 an
277 2141 333 2177 sic
354 2140 436 2176 tela
464 2138 658 2174 machinae
684 2137 812 2173 sunt?
837 2136 917 2172 bal-

197 2200 320 2245 listae,
346 2197 494 2248 quibus
526 2195 602 2233 tela
640 2197 881 2232 emittuntur
899 2196 916 2231 Ρ

199 2266 244 2293 ut
276 2269 398 2293 manu
424 2255 605 2300 flamma,
636 2252 830 2290 machinis
859 2266 918 2290 sa-

199 2315 306 2365 gittae
331 2321 592 2364 spargantur;
620 2310 731 2361 quod
759 2309 917 2347 videtur

199 2371 352 2421 vulgari
400 2371 725 2419 interpunctione
773 2366 880 2404 effici
905 2379 914 2405 :

202 2428 564 2480 Stuppeaflamma
581 2439 705 2463 mann
717 2455 727 2470 ,
754 2425 918 2476 telisque

200 2484 373 2522 volatile
390 2484 548 2535 ferrum
586 2483 804 2535 Spargitur.
825 2486 917 2521 Sus-

199 2542 273 2579 tuli
308 2544 697 2591 interpunctionem,
741 2549 786 2577 ut
825 2542 874 2577 sit
907 2553 916 2578 ;

203 2613 323 2637 mame
348 2599 548 2649 spargitur
568 2598 919 2651 stuppeaflamma

200 2657 407 2710 ecfertum
431 2656 601 2693 volatile
620 2657 719 2695 telis.
741 2655 844 2693 Vide
867 2665 919 2692 ta·

199 2728 291 2753 men
317 2728 369 2753 an
395 2715 550 2752 recitari
570 2715 691 2764 possit
712 2727 721 2752 :
745 2716 919 2763 Stuppea

184 2775 366 2826 flamma
375 2801 386 2819 ,
418 2785 541 2810 manu
559 2772 724 2822 telisque
742 2771 918 2808 volatile

973 811 1130 864 sermm
1175 811 1394 862 Spargitur.
1437 813 1496 848 Ita
1517 812 1703 864 flamma
1755 810 1767 826 ”’

984 882 1055 920 per
1093 882 1157 915 se,
1197 879 1283 906 tum
1322 869 1396 907 tela
1439 869 1623 907 manibus
1662 881 1702 909 et
1759 900 1764 914 ;

985 925 1178 963 machinis
1214 928 1376 974 emissa,
1414 937 1710 967 memorantur-
1757 943 1760 970 j

985 987 1079 1035 Quo
1100 992 1231 1020 tamen
1250 985 1434 1035 exemplo
1452 985 1602 1023 dictum
1620 999 1702 1023 esse

983 1041 1241 1092 putabimus:
1260 1040 1419 1092 firmem
1450 1043 1622 1081 volatile
1651 1053 1704 1081 te·
1756 1047 1765 1086 ι’

985 1099 1034 1136 lis
1046 1104 1067 1136 ,³
1093 1098 1320 1136 Brunckius
1350 1109 1487 1138 monet
1509 1101 1597 1139 celis
1622 1114 1704 1139 esse
1765 1147 1767 1149 Ι

985 1170 1059 1208 pro
1077 1157 1244 1194 celorum
1261 1169 1271 1195 :
1293 1165 1339 1194 ut
1353 1161 1404 1205 V,
1426 1159 1510 1209 609
1521 1172 1601 1210 per·
1617 1159 1706 1197 mil-

987 1215 1025 1253 le
1055 1215 1251 1253 coloribus
1279 1228 1430 1255 areum.
1447 1239 1507 1245 ——
1526 1218 1704 1267 Scuppea

973 1273 1155 1327 flamma
1183 1286 1196 1310 .·
1229 1273 1277 1310 ad
1303 1286 1439 1310 rerum
1474 1275 1702 1321 veritatem,

988 1344 1114 1381 quum
1136 1330 1186 1367 ab
1213 1332 1394 1368 Antonio
1416 1332 1562 1370 relictae
1583 1344 1705 1369 naves

986 1390 1240 1439 pertinaciter
1270 1402 1448 1440 pugnare
1482 1397 1704 1441 pergerent.

987 1460 1026 1483 v.
1046 1447 1168 1484 Dion.
1202 1446 1230 1484 1.
1261 1460 1294 1484 c.
1320 1447 1398 1493 34,
1426 1447 1477 1485 35
1493 1461 1504 1494 3
1523 1449 1662 1485 Horat.
1687 1449 1706 1484 Ι

988 1503 1064 1541 Od.
1091 1505 1140 1551 37
1158 1531 1169 1550 ‚
1197 1505 1245 1541 13
1274 1503 1356 1540 Vix
1380 1517 1464 1541 una
1483 1517 1615 1555 sospes
1637 1517 1708 1541 na-
1764 1547 1765 1550 Ἰ

989 1560 1041 1596 vis
1079 1561 1129 1596 ab
1160 1561 1328 1610 ignibus.
1368 1561 1475 1598 Telis
1507 1562 1704 1611 accipien-
1764 1580 1765 1586 =

987 1616 1079 1652 dum
1105 1624 1164 1652 est
1182 1615 1230 1652 de
1248 1616 1441 1652 machinis
1467 1616 1515 1653 ad
1544 1617 1706 1655 missilia

988 1672 1225 1719 emittenda3
1265 1673 1335 1710 sed
1381 1683 1540 1723 praestat
1586 1675 1705 1712 altera

988 1729 1108 1767 lectio
1147 1730 1294 1779 telique
1328 1731 1503 1768 volatile
1528 1731 1703 1783 ferrum.

988 1788 1105 1823 Nova
1127 1787 1238 1823 ccede
1273 1799 1327 1826 sc.
1364 1789 1469 1826 inter
1495 1789 1568 1827 hos
1598 1791 1705 1840 ipsos

987 1845 1097 1895 ignes
1125 1845 1290 1882 missiles
1312 1853 1351 1882 et
1379 1847 1543 1883 navium
1569 1847 1705 1884 incen-

988 1901 1065 1940 dia,

1047 1960 1145 2010 696,
1160 1959 1316 1997 Acerba
1325 1959 1411 1997 haec
1423 1959 1471 1998 de
1484 1960 1704 2011 Cleopatra.

987 2020 1123 2056 Potuit
1138 2017 1240 2055 forte
1251 2047 1262 2065 ,
1281 2017 1392 2068 quod
1405 2026 1536 2056 tamen
1547 2020 1705 2070 ignoro,

983 2077 1089 2113 sistri
1109 2089 1204 2113 usus
1220 2089 1301 2113 esse
1316 2075 1425 2127 apud
1439 2078 1647 2128 AEgyptios
1662 2077 1706 2113 in

984 2133 1104 2172 bello.
1133 2135 1195 2171 Ex
1227 2134 1305 2172 hoc
1335 2143 1467 2171 tamen
1499 2135 1591 2172 loco
1620 2147 1705 2172 non

984 2190 1217 2230 conficitur.
1258 2195 1310 2230 In
1333 2192 1558 2229 ludibrium
1591 2204 1702 2228 versa

983 2263 1026 2287 re
1037 2252 1197 2287 sistrum
1214 2258 1457 2287 memoratur
1467 2277 1479 2297 ,
1494 2248 1606 2300 quod
1620 2250 1704 2300 ipsa

984 2321 1076 2346 cum
1102 2307 1199 2345 tuba
1230 2308 1455 2359 spadonum
1476 2314 1515 2344 et
1541 2305 1704 2343 femina-

983 2379 1075 2403 rum
1096 2365 1203 2403 ludis
1223 2375 1262 2403 et
1278 2365 1433 2404 choreis
1454 2372 1615 2400 vacante
1629 2392 1639 2411 ,
1660 2366 1703 2401 in

984 2424 1112 2461 media
1139 2424 1260 2461 classe
1284 2430 1460 2461 versatur
1480 2433 1491 2458 :
1512 2422 1618 2457 sistri
1639 2434 1704 2459 au-

984 2491 1065 2519 tem
1083 2495 1176 2518 usus
1196 2483 1239 2518 in
1253 2481 1410 2518 lascivia
1423 2480 1703 2530 AEgyptiorum

987 2539 1185 2589 frequens.
1209 2539 1338 2574 Docet
1355 2549 1514 2586 quoque
1535 2539 1702 2586 Proper-

985 2598 1031 2634 tii
1049 2596 1216 2633 imitatio
1243 2594 1315 2632 ]ih.
1344 2595 1404 2630 111
1417 2622 1428 2641 ,
1446 2607 1471 2644 9
1486 2622 1497 2640 ‚
1519 2594 1571 2638 43
1594 2599 1701 2632 Ausa

986 2654 1193 2704 Cleopatra
1219 2673 1277 2681 —-
1299 2654 1608 2702 Romanamque
1639 2659 1699 2688 tu-

983 2711 1077 2748 bam
1095 2709 1309 2760 crepitanti
1320 2709 1475 2760 pellere
1498 2709 1625 2747 sistro.
1641 2730 1700 2738 -—-

986 2769 1064 2820 697
1074 2797 1083 2807 .
1098 2767 1280 2806 Necdum
1297 2776 1337 2805 ec
1351 2767 1522 2806 Dorvill-
1536 2765 1699 2806 Gelidus
