1767 3054
206 203 286 239 380
783 202 1057 241 EXCL'RSUS
1080 204 1118 239 V

202 276 346 313 multas
362 276 614 327 migrationes
635 277 677 313 in
698 290 865 327 corpora
878 306 888 322 ,
918 286 956 314 et
979 279 1160 328 repetitas
1178 279 1432 329 purgationes
1446 306 1456 324 ‚
1474 277 1633 315 tandem
1649 278 1703 315 ita

208 345 318 380 omni
337 343 424 380 labe
445 344 618 381 abstersa
635 345 787 380 niteant
801 373 810 390 ,
833 353 879 380 ut
904 344 1048 381 divinae
1069 353 1219 380 naturae
1236 346 1380 381 iterum
1403 344 1702 389 assimulentur,

209 413 250 447 in
284 411 386 449 hane
417 413 697 456 revolvantur,
727 412 806 457 dii,
839 425 908 448 seu
942 412 1138 448 daemones
1167 410 1288 459 fiant,
1321 413 1457 450 saltem
1487 415 1531 450 in
1565 425 1704 450 eorum

208 481 489 516 commercium
522 479 805 524 admittantur3
840 487 931 524 aut,
963 487 1009 515 ut
1035 479 1101 515 alii
1134 481 1386 529 exprimunt,
1411 482 1456 517 in
1484 480 1630 526 solem,
1659 480 1704 517 in

205 547 333 584 sidera
346 574 357 592 ‚
375 549 417 583 iu
428 547 572 583 coelum
586 575 596 592 ‚
611 548 654 583 in
671 546 823 584 beatam
840 547 973 584 sedem
991 546 1250 585 traducantur
1263 576 1274 594 ,
1287 548 1365 586 hoc
1381 557 1452 596 est,
1469 549 1519 586 ad
1531 550 1701 586 animam

205 615 346 651 mundi
377 623 607 664 cognatam,
636 623 825 665 tanquam
860 615 908 652 ad
935 615 1087 653 fontem
1115 629 1252 662 suum,
1277 616 1451 655 redeant.
1481 619 1570 655 Hoc
1595 617 1700 654 idem

205 681 399 718 Pindarus
423 681 525 718 dixit
541 682 703 732 Olymp.
728 685 768 719 II
781 711 791 730 ‚
820 684 895 720 123
923 696 1007 733 sqq.
1023 712 1033 730 ,
1055 692 1144 734 post
1166 685 1288 720 trinas
1308 685 1558 735 migrationes
1582 697 1674 721 eum
1688 712 1699 730 ‚

204 749 275 797 qui
293 749 397 795 juste
415 750 582 795 vixerit,
606 751 649 785 in
669 749 849 800 Elysium
865 751 1096 800 pervenire3
1116 759 1183 787 aut
1195 779 1205 797 ‚
1224 751 1328 788 utin
1356 751 1574 802 fragmento
1594 750 1701 802 apud

204 814 300 852 Plat.
325 816 369 852 in
390 817 564 853 Menone
583 825 610 854 t.
629 819 668 853 II
683 845 692 863 ,
712 830 799 867 pag.
821 817 870 853 81
898 820 1003 867 Opp.
1021 826 1100 864 est,
1120 819 1224 854 inter
1250 817 1392 854 heroes
1411 817 1572 862 referri3
1593 816 1701 867 quod

202 881 308 919 idem
333 884 592 934 Empedocles
615 894 807 935 sequutus
831 893 936 932 erat,
961 894 1006 922 ut
1027 899 1077 922 ex
1105 886 1189 934 ejus
1216 885 1437 937 fragmento
1464 883 1700 936 intelligitur

203 950 313 1000 apud
329 951 520 990 Clement.
542 952 661 990 Alex.
680 955 824 991 Strom.
847 954 907 989 IV
920 981 930 1000 ,
951 967 991 1004 p.
1011 954 1093 991 633
1113 956 1246 992 Oxou.

260 1019 408 1054 Totum
423 1018 530 1055 huuc
549 1019 686 1057 locum
705 1033 790 1057 non
810 1029 891 1057 tam
907 1034 956 1057 ex
974 1020 1221 1071 philosophis
1233 1048 1244 1068 ,
1265 1033 1384 1071 quam
1400 1031 1449 1057 ex
1470 1018 1700 1070 vulgaribus

203 1085 460 1134 opinionibus
494 1100 576 1123 esse
607 1089 912 1134 concinnatum,
944 1087 1209 1124 contendebat
1241 1087 1486 1125 Moshemius
1514 1085 1563 1122 ad
1593 1085 1701 1123 Cud-

203 1152 346 1190 worth.
363 1166 451 1203 pag.
479 1156 585 1198 1043
612 1154 636 1204 §
658 1168 697 1204 9.
727 1155 833 1191 Illud
853 1155 1013 1205 quidem
1033 1157 1123 1192 satis
1152 1155 1304 1205 liquere
1321 1163 1445 1205 puto,
1466 1167 1516 1191 ex
1544 1153 1699 1204 vulgari

199 1220 461 1257 vetustiorum
480 1220 674 1271 theologia
689 1248 699 1266 ‚
717 1221 766 1257 ab
785 1223 981 1272 AEgyptiis
996 1249 1006 1267 ‚
1025 1229 1071 1258 ut
1090 1219 1297 1271 probabile
1316 1218 1386 1267 fit,
1404 1220 1534 1269 primo
1550 1219 1671 1268 petita
1685 1245 1695 1264 ‚

200 1294 239 1322 et
254 1287 493 1337 symbolice,
517 1296 562 1324 ut
581 1289 714 1338 prisco
743 1301 828 1325 aevo
854 1286 942 1324 fieri
966 1301 1122 1324 necesse
1150 1295 1255 1334 erat,
1279 1298 1484 1337 expressa,
1505 1284 1697 1336 Pythago-

202 1355 379 1391 ricorum
412 1355 790 1404 Platonicorumque
820 1369 905 1393 non
931 1357 1064 1392 minus
1090 1368 1210 1405 quam
1237 1356 1518 1406 mysteriorum
1543 1353 1697 1391 Eleusi—

198 1424 360 1459 niorum
378 1423 521 1473 placita
541 1422 588 1459 de
607 1425 743 1460 inferis
762 1436 843 1461 esse
860 1423 976 1460 ducta
991 1438 1001 1470 ;
1024 1436 1098 1460 nec
1119 1432 1248 1460 tamen
1271 1423 1450 1473 intelligo
1465 1450 1475 1468 ,
1492 1421 1695 1472 quomodo

200 1488 311 1524 mille
330 1490 431 1525 anni
458 1499 496 1526 et
526 1489 648 1526 Lethe
672 1500 770 1539 pota
791 1492 895 1527 inter
927 1491 1035 1540 vulgi
1066 1490 1226 1541 mythos
1248 1490 1385 1527 referri
1409 1490 1585 1540 possint,
1606 1500 1697 1538 quae

197 1555 358 1605 quidem
383 1557 589 1593 manifeste
616 1567 710 1593 sunt
739 1557 941 1595 Platonica
971 1565 1206 1594 commenta.
1234 1557 1311 1596 Sed
1338 1558 1504 1594 omnino
1533 1558 1595 1594 vir
1627 1555 1694 1593 ille

197 1636 398 1669 summus,
428 1626 471 1661 in
499 1624 712 1661 subtilibus
740 1624 1027 1673 quaestionibus
1054 1623 1254 1661 solvendis
1279 1626 1574 1675 sagacissimus,
1601 1637 1694 1674 poe-

196 1701 325 1728 tarum
351 1694 545 1741 interpres
577 1700 658 1728 erat
687 1705 827 1741 parum
854 1690 1045 1736 idoneus,
1072 1700 1118 1727 ut
1147 1704 1196 1727 ex
1227 1699 1309 1728 tota
1330 1691 1398 1727 illa
1426 1691 1692 1741 disputatione

195 1760 408 1795 Homerica
423 1760 513 1795 satis
532 1758 750 1809 intelligas3
771 1760 866 1794 item
895 1759 938 1794 iu
967 1759 1184 1807 quaestioue
1203 1757 1251 1794 de
1268 1758 1515 1808 stigmatibus
1541 1759 1692 1796 animo-

195 1838 298 1863 rum.
326 1827 414 1862 Hoc
433 1825 509 1862 sibi
530 1826 694 1862 omuino
714 1837 943 1874 persuasum
964 1823 1158 1871 habeant,
1179 1837 1335 1861 necesse
1351 1833 1432 1870 est,
1456 1826 1691 1863 vetustiores

195 1893 456 1944 philosophiae
483 1894 741 1942 interpretes,
768 1890 858 1928 fieri
884 1892 999 1942 plane
1028 1904 1112 1928 non
1138 1904 1275 1942 posse,
1300 1900 1346 1928 ut
1366 1893 1578 1942 quicquam
1598 1906 1690 1943 pro-

194 1958 329 1996 ficiant
348 1961 391 1996 iu
410 1960 773 2009 antiquissimorum
791 1967 830 1995 et
845 1972 997 2005 eorum,
1011 1960 1078 2008 qui
1091 1971 1156 1995 eos
1173 1967 1394 2009 sequuntur
1406 1987 1416 2005 ‚
1434 1958 1690 2010 philosopho-

194 2042 283 2066 rum
320 2028 568 2079 dogmatibus
598 2027 863 2079 intelligendis
896 2035 935 2063 et
966 2026 1174 2073 eruendis,
1206 2028 1284 2063 nisi
1315 2027 1397 2070 vim
1428 2035 1467 2064 et
1497 2028 1688 2064 rationem

194 2098 390 2147 poeticam
419 2097 728 2146 antiquissimam
741 2124 751 2143 ,
780 2094 955 2146 mythice
976 2104 1016 2132 et
1040 2094 1260 2145 symbolica
1278 2107 1416 2131 eorum
1430 2123 1440 2141 ‚
1466 2107 1555 2144 quae
1573 2108 1690 2132 exco-

193 2165 432 2214 gitaverant,
458 2164 505 2200 ad
532 2177 690 2201 sensum
708 2165 957 2214 expositione
978 2172 1017 2200 et
1036 2164 1378 2214 repraesentatione
1406 2165 1541 2201 omnia
1567 2177 1688 2202 enun-

194 2232 357 2268 tiantem
370 2259 381 2278 ,
421 2230 651 2267 familiarem
687 2229 763 2266 sibi
798 2229 1055 2267 reddiderint.
1093 2233 1231 2280 Quum
1273 2222 1317 2266 ea
1352 2238 1463 2267 aetate
1496 2232 1686 2268 sermonis

196 2296 378 2333 nondum
408 2302 508 2334 esset.
537 2297 733 2334 subtilitas
763 2309 830 2344 ea,
861 2305 906 2333 ut
938 2297 1099 2347 proprie
1133 2296 1270 2333 efferre
1297 2304 1458 2346 possent
1482 2310 1543 2334 res
1567 2297 1685 2334 intel-

192 2363 384 2413 ligibiles,
412 2372 534 2415 utque
564 2364 660 2401 adeo
686 2377 736 2401 ne
763 2365 981 2415 cogitarent
1017 2364 1176 2414 quidem
1205 2365 1289 2401 sine
1315 2364 1530 2414 symbolica
1555 2364 1685 2414 aliqua

196 2435 538 2482 repraesentatione
552 2462 562 2480 ,
585 2432 674 2471 fieri
707 2434 817 2471 aliter
843 2447 927 2471 non
956 2442 1135 2484 poterat,
1155 2447 1274 2484 quam
1300 2445 1345 2473 ut
1363 2434 1547 2487 mythicis
1571 2435 1685 2472 invo-

193 2499 336 2545 lucris,
359 2513 440 2537 non
468 2515 632 2538 arcana·
655 2502 848 2539 doctrinoe
868 2502 996 2538 studio
1009 2531 1020 2547 ,
1042 2501 1150 2552 quod
1172 2515 1321 2539 vanum
1339 2512 1398 2540 est
1412 2501 1593 2548 credere,
1614 2502 1683 2540 sed

194 2569 423 2605 necessitate
438 2572 563 2606 coacti
575 2598 584 2615 ,
608 2569 946 2621 philosophemata
960 2583 1029 2606 sua
1049 2570 1319 2608 obscurarent.
1337 2569 1487 2607 Habuit
1505 2570 1683 2619 profecto

196 2646 241 2671 ea
255 2647 316 2670 res
335 2634 554 2684 plurimum
573 2638 761 2674 molestiae
780 2646 819 2674 et
834 2636 1105 2682 incommodi3
1131 2643 1309 2672 accurate
1325 2635 1417 2672 satis
1430 2662 1440 2681 ,
1459 2635 1680 2683 subtiliter,

198 2711 236 2741 et
265 2701 427 2739 definite
448 2706 579 2752 potuit
604 2707 672 2742 vix
704 2704 804 2742 tradi
827 2705 1064 2755 quicquam3
1088 2715 1249 2749 verum,
1270 2703 1303 2738 si
1331 2702 1380 2739 ad
1410 2703 1684 2754 intelligentiae

198 2768 453 2806 subtilitatem
482 2782 622 2820 parum
648 2771 939 2808 accommodata
965 2769 1040 2806 fuit
1063 2769 1130 2806 illa
1158 2770 1257 2806 ratio
1271 2797 1281 2816 ,
1299 2778 1409 2807 tanto
1424 2770 1625 2819 potentior
1641 2779 1681 2809 et

200 2833 398 2873 efficacior
416 2848 459 2873 ea
478 2835 671 2873 credenda
695 2845 752 2873 est
776 2838 893 2874 fuisse
919 2836 968 2873 ad
995 2836 1145 2873 animos
1167 2835 1408 2884 movendos,
1430 2835 1477 2873 ad
1497 2835 1682 2888 phantas-
