1767 3054
187 159 266 197 318

815 156 1058 195 AENEIDOS

189 256 206 273 r<
233 235 338 278 Hoc
362 245 548 287 nemus,
571 228 720 287 hunc,
747 227 922 290 inquit,
948 225 1174 273 frondoso
1197 226 1375 272 vertice
1399 224 1610 281 collem,

191 307 311 365 Quis
336 305 474 364 deus,
497 304 732 350 incertum
757 313 849 361 est,
872 301 1056 348 habitat
1078 303 1217 361 deus3
1244 301 1452 349 Arcades
1474 300 1632 363 ipsum

193 381 404 430 Credunt
428 397 477 428 sc
501 380 676 426 vidisse
700 383 890 435 Jovem,
915 394 1063 439 quum
1088 394 1210 440 saepc
1230 379 1497 440 nigrantem

194 458 363 520 AEgida
387 466 684 512 concuteret,
708 454 877 500 dextra
899 453 1181 516 nimbosque
1205 454 1366 501 cieret.

193 536 308 579 Haec
333 531 428 577 duo
450 539 682 591 praetcrea
707 527 914 589 disjectis
939 527 1117 589 oppida
1139 529 1310 586 muris,

1634 532 1695 563 355

192 606 451 668 Rclliquias
474 615 786 665 veterumque
810 603 943 650 vides
964 612 1269 649 monumenta
1289 602 1518 648 virorum.

192 684 326 727 Hanc
350 683 376 726 J
380 696 496 726 anus
520 690 677 742 pater,
703 679 826 726 hanc
849 682 1081 727 Saturnus
1105 677 1318 726 condidit
1339 693 1496 724 arcem
1520 695 1531 721 :

125 875 133 884 .
195 843 466 883 admirabilis:
491 846 626 890 Serv.;
658 843 809 882 scilicet
840 857 910 892 ea,

196 915 285 954 quae
310 902 394 939 dira
420 909 538 947 sunt,
561 901 769 939 horrorem
796 904 911 940 incu-

196 963 304 997 tiunt
316 987 326 1003 ‚
351 960 421 1008 qui
432 959 539 994 idem
557 973 608 995 ex
624 960 828 1009 religione,
843 974 913 996 seu

198 1017 325 1067 specie
359 1023 521 1065 augusta
551 1023 590 1051 et
619 1015 801 1065 religiosa
833 1016 915 1053 Ioci

199 1073 405 1111 sanctitate
438 1072 574 1108 venire
605 1072 718 1108 solet.
736 1093 794 1100 —
815 1074 912 1116 354.

202 1133 316 1179 Soepe
331 1129 461 1165 alieno
479 1128 572 1165 loco
590 1128 766 1178 positum
784 1130 918 1165 memi-

198 1189 334 1225 nimus
350 1194 389 1222 et
408 1186 502 1223 alibi
521 1199 729 1223 occurrere
748 1198 757 1224 :
779 1195 823 1222 ut
839 1195 917 1223 sta-

202 1247 275 1283 tim
300 1245 373 1281 Ge.
404 1246 445 1290 Ι,
481 1245 563 1289 354
595 1243 695 1294 quid
717 1257 823 1293 soepe
849 1243 916 1280 vi-

204 1303 413 1340 dentes—
429 1310 468 1338 et
487 1302 594 1339 alibi.
615 1303 772 1339 Mutavi
793 1303 917 1338 inter-

203 1361 462 1412 punctionem
476 1388 485 1405 ,
512 1373 632 1410 quam
656 1361 778 1396 miror
796 1361 922 1397 nemi-

206 1420 250 1456 ni
272 1431 425 1456 moram
446 1418 597 1455 fecisse.
622 1417 783 1468 Vulgo:
801 1431 922 1468 quum

208 1489 314 1525 saepe
345 1474 570 1526 nigrantem
598 1475 753 1526 AEgida
776 1488 922 1512 eoncu-

207 1541 311 1570 teret
332 1532 502 1576 dextra,
535 1533 762 1582 nimbosque
788 1533 923 1570 cieret.

210 1591 324 1640 Quis,
338 1602 486 1639 quaeso,
503 1590 687 1640 clipeum,
699 1592 732 1626 si
745 1591 836 1639 aegis
849 1603 924 1639 pro

211 1648 339 1697 clipeo
360 1655 417 1683 est
430 1675 440 1692 ‚
459 1646 606 1683 dextra
630 1647 788 1684 vibret?
813 1647 926 1684 Scili-

211 1713 274 1742 cet
290 1703 490 1755 jungenda
511 1713 603 1741 sunt
616 1716 625 1741 :
640 1718 760 1754 quum
773 1704 926 1756 AEgida

211 1771 439 1799 concuteret
452 1790 465 1806 ‚
508 1762 655 1798 dextra
696 1761 926 1812 nimbosque

210 1819 346 1856 cieret.
360 1822 475 1856 Laeva
485 1819 616 1856 vibrat
635 1818 818 1870 aegidem,
836 1819 929 1856 dex-

212 1885 274 1914 tra
294 1886 424 1914 autem
437 1877 638 1923 jaculatur
652 1876 835 1915 fulmina.
856 1880 929 1915 Po-

212 1942 314 1972 terat
321 1934 458 1971 saltem
470 1935 627 1972 Servius
637 1947 798 1972 monere
809 1946 819 1972 :
830 1934 930 1971 dex-

217 2001 281 2029 tra
299 1992 532 2042 nimbosque
549 1991 694 2037 cieret,
716 2001 757 2029 et
772 1992 822 2029 de
834 1992 931 2029 dex-

215 2059 279 2086 tra
287 2049 472 2100 ficlmina
493 2059 765 2087 commoveret.
783 2049 930 2089 Wake-

214 2105 311 2144 field
351 2108 512 2157 praefert
563 2108 765 2157 antiquam
808 2109 930 2144 inter-

212 2165 499 2215 punctionem,
533 2173 573 2201 et
608 2166 729 2201 simul
766 2164 932 2215 aegidem

218 2235 293 2272 pro
313 2222 472 2259 thorace
490 2223 655 2272 accipit,
677 2223 748 2272 qui
766 2235 933 2272 quomo-

218 2279 271 2317 do
288 2278 428 2316 dextra
444 2281 709 2325 concutiatur,
726 2293 809 2316 non
820 2279 934 2316 intel-

218 2336 313 2386 ligo.
335 2357 394 2366 —-
413 2338 530 2388 AEgis
557 2336 598 2375 h.
622 2337 650 2374 l.
675 2337 825 2387 clipeus
848 2338 933 2374 sine

221 2397 511 2441 controversia3
537 2408 664 2445 quum
687 2394 782 2431 alibi
811 2394 934 2447 amb}-

222 2463 347 2501 gnum
377 2453 449 2496 sit,
492 2452 541 2489 de
576 2451 736 2490 thorace
749 2480 760 2498 ‚
799 2465 850 2497 an
884 2452 934 2489 de

225 2507 374 2557 clipe0‚
395 2521 466 2544 seu
492 2511 624 2554 Jovis,
648 2523 719 2546 seu
742 2509 932 2555 Palladis,

220 2564 451 2614 accipienda
470 2567 544 2612 sit3
573 2567 621 2604 cf.
652 2566 724 2605 inf.
756 2566 806 2604 ad
835 2567 933 2612 435.

225 2623 320 2658 IIaec
337 2622 362 2659 J
365 2622 449 2658 ovis
468 2622 589 2672 fegida
604 2624 835 2661 incutientis
851 2637 936 2675 spe-

227 2679 305 2715 cies
343 2679 545 2716 manifeste
585 2693 635 2716 ex
666 2682 844 2719 Homero
879 2688 937 2718 est

223 2735 457 2773 adumbrata
488 2748 499 2774 :
538 2735 650 2774 Iliad.
688 2733 714 2773 ὁ
723 2765 734 2783 ,
781 2739 855 2786 167
888 2738 937 2775 de

229 2796 277 2831 T
275 2795 357 2842 ajae
370 2786 572 2832 excidioi’s.
559 2806 638 2831 0172
627 2807 708 2832 ται
724 2798 935 2847 7331.2;,.etc

978 841 1069 888 Ζευς
1105 838 1152 881 δέ
1191 835 1501 906 σφινΚρῡνίδης
1530 835 1691 876 -Αὐ-

978 915 1042 946 τος
1083 898 1312 951 ἐπισσείῃσιν
1358 895 1515 952 ἐρεμνὴν
1551 890 1694 951 αἰγίδα.

978 961 1077 997 πᾶσι
1079 974 1096 995 ν
1114 987 1124 1004 ,
1167 953 1288 999 'ried’
1336 954 1491 999 nimi-:03
1535 952 1695 992 κοτέωψ

981 1030 1074 1068 ergo
1095 1015 1144 1052 de
1167 1016 1267 1052 irato
1290 1016 1410 1060 Jove,
1435 1013 1484 1050 ad
1499 1013 1698 1049 incutien-

983 1075 1081 1109 dum
1106 1079 1299 1108 terrorem
1325 1071 1507 1107 vibrante
1536 1068 1700 1121 aegidem

984 1138 1074 1166 ante
1109 1141 1178 1165 ora
1212 1129 1502 1176 Trojanorum3
1533 1136 1579 1164 ut
1610 1126 1705 1164 alias

983 1186 1124 1224 heroes
1152 1186 1370 1237 fulgentem
1393 1197 1469 1221 aere
1485 1193 1525 1221 et
1545 1183 1699 1222 radian-

984 1253 1065 1281 tem
1096 1245 1178 1282 sole
1211 1244 1385 1294 clipeum
1422 1244 1632 1293 quatiunt,
1664 1249 1704 1278 et

984 1304 1176 1352 ingerunt
1198 1301 1326 1338 oculis
1350 1301 1540 1338 hostium.
1560 1299 1705 1338 Simili-

989 1368 1050 1397 ter
1072 1360 1234 1410 Jupiter
1259 1358 1370 1410 fugat
1392 1357 1569 1395 Achivos
1588 1356 1702 1395 Iliad.

991 1431 1036 1471 ρ,
1080 1418 1160 1467 593
1198 1413 1266 1454 καὶ
1294 1416 1376 1454 ἐὖτ’
1406 1413 1487 1468 ἄρα
1518 1410 1705 1469 Κρονίδης

992 1473 1051 1513 ἕὶε
1054 1477 1089 1513 τ’
1085 1473 1216 1542 αἰγιν
1187 1469 1254 1512 ίδα
1284 1474 1465 1512 θυσσανό
1452 1487 1563 1511 Ἡσσαι
1593 1475 1707 1526 Μαρ-

991 1546 1092 1586 μαρ.
1077 1531 1162 1580 im,
1198 1523 1286 1574 idm
1317 1528 1362 1569 δὲ
1397 1528 1503 1569 κατὰ
1532 1545 1572 1569 νε
1576 1543 1623 1583 os
1615 1529 1706 1568 ἐσσι

991 1587 1141 1640 κέὶυψε
1126 1604 1160 1626 ν
1175 1579 1416 1643 ,Ᾰσᾊοίψας
1441 1585 1485 1626 δὲ
1505 1586 1615 1626 uam
1636 1601 1705 1642 με·

991 1645 1085 1701 ¹22*st
1110 1645 1276 1694 ἑίτυπε,
1307 1661 1375 1688 την
1404 1641 1441 1682 δ’
1473 1645 1705 1698 (aegidem
1692 1668 1706 1696 l

995 1702 1121 1751 ἐτίναξ
1128 1702 1224 1743 ι.ίΝ
1215 1719 1295 1763 ξῆν
1316 1699 1360 1741 δὲ
1379 1701 1549 1758 Τρώεσσι
1567 1699 1678 1742 δίδου
1694 1733 1704 1750 ,

996 1762 1061 1814 ἐφ
1049 1760 1160 1811 ’βψ-,σε
1181 1758 1219 1799 δ’
1231 1752 1354 1813 limas
1359 1775 1398 1806 υς
1403 1762 1568 1800 .Simili
1587 1762 1706 1800 modo

994 1820 1035 1858 h.
1056 1821 1083 1858 l.
1109 1822 1269 1870 Jupiter
1292 1820 1457 1870 aegidem
1473 1822 1654 1857 concutit
1671 1829 1710 1857 et

995 1878 1203 1925 fulminat;
1225 1886 1265 1914 et
1282 1877 1451 1914 alterum
1470 1877 1634 1927 quidem
1653 1878 1708 1915 fa-

1001 1937 1054 1973 cit
1084 1935 1207 1982 laeva,
1242 1935 1393 1972 fulmen
1426 1935 1524 1983 jacit
1556 1935 1708 1973 dextra.

997 1996 1074 2032 Pro
1109 1993 1277 2030 fulmine
1310 1993 1446 2044 posuit
1475 1992 1711 2041 adjunctum

999 2050 1176 2095 nimbos;
1204 2059 1244 2087 et
1260 2058 1426 2101 propter
1442 2050 1518 2088 hos
1540 2052 1631 2102 aegis
1652 2047 1711 2086 ni-

993 2121 1137 2161 grans,
1160 2108 1269 2145 nube
1299 2109 1411 2159 nigra
1436 2117 1475 2144 et
1501 2108 1711 2160 caliginosa

996 2179 1069 2218 per
1084 2174 1354 2216 tempestatem
1373 2164 1550 2204 inducta.

1059 2224 1140 2261 355
1164 2245 1223 2252 —
1249 2224 1344 2262 358.
1399 2223 1531 2260 Habet
1574 2222 1708 2259 nescio

999 2280 1097 2332 quid
1137 2281 1339 2332 religionis
1369 2278 1591 2318 veneranda
1623 2279 1710 2317 haec

1000 2339 1212 2389 antiquitas
1243 2339 1369 2375 ruinae
1403 2337 1578 2374 duorum
1612 2339 1712 2374 anti-

1000 2397 1280 2446 quissimorum
1301 2394 1542 2446 oppidorum
1555 2421 1566 2440 ‚
1592 2406 1712 2444 quam

999 2452 1148 2504 hospiti
1180 2466 1254 2490 suo
1292 2458 1484 2490 monstrat
1512 2450 1710 2489 Evander.

999 2512 1315 2561 Attemperatum
1333 2517 1372 2546 et
1393 2508 1471 2545 hoc
1496 2508 1544 2546 ad
1568 2508 1711 2546 famam

1000 2576 1174 2605 veterem
1184 2566 1233 2604 de
1251 2565 1437 2602 Janicqu
1454 2575 1493 2604 et
1506 2566 1707 2610 Saturnia,

1000 2623 1160 2662 duobus
1176 2623 1349 2672 antiquis
1366 2623 1523 2673 oppidis
1538 2625 1578 2660 in
1599 2636 1712 2661 mon-

1002 2681 1109 2718 tibus
1145 2679 1334 2719 Janicnlo
1376 2688 1416 2717 et
1459 2680 1708 2731 Capitolino,

1003 2739 1098 2776 olim
1113 2739 1298 2777 Saturnio
1314 2737 1441 2786 dict03
1463 2752 1501 2777 v.
1520 2741 1648 2776 Varro
1661 2738 1710 2776 de

1001 2798 1043 2834 L
1058 2798 1099 2834 L.
1116 2798 1186 2841 IV,
1209 2809 1246 2842 7.
