1767 3054
182 112 263 157 408
758 108 1034 146 EXCURSUS
1065 109 1105 145 II

181 185 471 238 Populonium,
494 181 755 234 probabiliter
784 184 1067 232 interpretatur
1098 184 1330 233 Lynceum,
1356 180 1680 234 quandoquidem

184 256 249 294 itte
269 253 413 293 calidas
434 265 552 305 aquas
573 251 782 304 paludosas
802 259 1027 289 transmeat.

823 412 1047 426 ᾖ

601 554 1134 624 EXCURSUS
1181 556 1268 622 ΙΙ.

651 748 743 801 De
770 749 983 804 AEneoe
1011 745 1229 825 εζγρθο.

252 933 352 971 VIII
365 961 375 979 ‚
391 932 475 970 625
494 932 626 983 clypei
639 946 719 971 non
738 933 966 972 enarrabile
979 943 1147 973 textum.
1165 934 1324 971 Inventi
1339 932 1498 971 laudem
1512 934 1554 971 in
1566 932 1691 983 splen-

194 999 288 1038 dido
308 1001 383 1038 hoc
402 1002 491 1039 loco
511 1003 682 1054 Virgilio
698 1016 781 1041 non
800 1005 920 1055 magis
933 1032 943 1050 ,
961 1017 1080 1054 quam
1096 1004 1138 1040 in
1157 1011 1217 1040 tot
1239 1002 1323 1040 aliis
1335 1031 1346 1050 ,
1365 1015 1454 1053 quae
1471 1003 1514 1039 in
1529 999 1692 1040 AEneide

195 1069 337 1106 merito
364 1071 579 1118 miramur,
604 1069 765 1118 deberi,
789 1080 883 1109 nota
908 1085 970 1109 res
997 1080 1067 1110 est.
1092 1073 1302 1110 Praeiverat
1325 1073 1524 1109 Homerus
1550 1071 1692 1121 clypeo

196 1137 332 1175 Achill
355 1138 467 1176 Iliad.
493 1152 539 1186 σ;
560 1148 598 1177 et
626 1140 848 1188 Hesiodus,
871 1150 939 1179 aut
967 1143 1147 1192 quisquis
1168 1142 1235 1180 ille
1258 1143 1355 1188 fuit,
1380 1141 1523 1192 clypeo
1543 1143 1693 1177 Hercu-

195 1204 258 1244 ]is.
282 1204 359 1244 Sed
388 1207 538 1258 ingenii
561 1210 644 1245 vim
677 1217 788 1247 tanto
819 1210 1010 1248 acriorem
1031 1210 1214 1248 adhibuit
1232 1220 1351 1262 poeta
1369 1207 1550 1248 ornando
1570 1217 1610 1246 et
1630 1221 1695 1246 ex·

197 1271 387 1322 poliendo
405 1286 475 1321 eo,
498 1274 609 1324 quod
631 1276 680 1313 ab
700 1277 784 1313 aliis
809 1278 889 1325 jam
916 1287 1153 1329 occupatum
1171 1277 1311 1316 fuerat.
1332 1279 1458 1330 Atqui
1473 1290 1547 1314 nec
1570 1288 1614 1313 ea
1631 1276 1695 1312 in-

198 1340 305 1391 genii
323 1339 459 1377 infima
474 1341 558 1378 laus
579 1351 649 1381 est.
669 1346 769 1394 Quae
789 1353 920 1382 autem
938 1346 981 1382 in
997 1346 1075 1384 hoc
1093 1345 1273 1397 episodio
1291 1346 1472 1397 inprimis
1490 1342 1696 1396 probanda

198 1414 313 1451 sunt,
337 1405 422 1443 haec
452 1421 533 1445 esse
563 1410 761 1457 arbitror:
789 1413 964 1462 primum
978 1441 988 1459 ‚
1011 1412 1120 1462 quod
1141 1420 1420 1464 argumentum
1445 1411 1562 1462 elegit
1582 1422 1697 1461 argu-

201 1481 337 1512 mento
358 1483 397 1512 et
412 1477 579 1515 consilio
598 1480 782 1516 carminis
801 1479 1078 1532 lectorumque
1097 1484 1370 1519 Romanorum
1386 1480 1555 1531 ingeniis
1572 1477 1700 1529 inpri-

201 1540 276 1576 mis
292 1543 649 1591 accommodatum,
672 1559 799 1596 quum
823 1549 1021 1584 Homerus
1038 1557 1192 1585 tantum
1210 1548 1404 1585 mirabilia
1425 1547 1490 1584 vel
1512 1545 1702 1596 adspectu

204 1616 274 1644 aut
312 1610 500 1647 varietate
523 1620 629 1662 grata
654 1621 821 1649 sectatus
850 1622 962 1652 esset.
991 1616 1099 1652 Fecit
1122 1615 1163 1652 id
1191 1629 1314 1666 porro
1332 1627 1484 1652 summa
1503 1627 1592 1651 cum
1619 1624 1700 1649 ma-

202 1679 338 1726 jestate
350 1679 564 1717 verborum
579 1708 589 1727 ,
602 1683 886 1718 sententiarum
898 1690 935 1719 et
947 1681 1261 1732 phantasmatum
1274 1696 1284 1729 ;
1303 1689 1573 1732 consequutus
1585 1681 1702 1718 etiam

207 1754 265 1782 est
293 1759 416 1784 novas
441 1748 659 1785 mirationis
686 1761 839 1785 caussas
866 1762 937 1798 per
967 1750 1257 1799 expositionem
1286 1761 1421 1785 rerum
1451 1746 1699 1793 futurarum,

208 1826 377 1864 quarum
404 1816 769 1866 cognoscendarum
800 1817 953 1853 animus
972 1815 1170 1853 humanus
1199 1816 1449 1854 avidissimus
1470 1823 1555 1853 est:
1577 1828 1706 1866 quum

210 1891 342 1920 autem
379 1897 440 1920 res
464 1886 661 1922 Romanas
693 1892 879 1935 tanquam
911 1885 1086 1921 vaticinii
1114 1884 1248 1935 aliquo
1275 1896 1416 1936 genere
1442 1892 1640 1931 narraret,
1658 1882 1707 1920 ad

211 1952 434 2003 graviorem
457 1953 639 2003 spiritum
664 1965 862 2004 assurgere
876 1981 887 2000 ,
912 1965 973 1990 res
1002 1951 1050 1989 ad
1068 1952 1305 1989 miraculum
1331 1951 1518 1999 evehere,
1534 1963 1703 2001 augere,

211 2028 251 2058 et
273 2019 513 2071 amplificare
545 2029 629 2058 toto
658 2021 802 2071 potuit.
831 2024 931 2059 Sane
959 2020 1121 2071 quidem
1141 2022 1275 2058 AEneae
1292 2020 1424 2057 omnia
1439 2020 1534 2065 ista,
1555 2019 1708 2069 quaein

215 2087 358 2139 clypeo
375 2100 556 2138 expressa
572 2086 731 2126 videbat
744 2116 755 2134 ,
773 2100 934 2139 prorsus
952 2087 1124 2125 obscura
1143 2100 1224 2124 esse
1240 2085 1488 2132 debuerunt3
1501 2096 1710 2135 rerumque

216 2156 378 2208 ignarus
414 2155 591 2208 imagine
616 2156 797 2207 gaudem
816 2169 957 2193 verum
988 2167 1037 2193 eo
1061 2156 1148 2206 ipso
1177 2153 1435 2205 Tragicorum
1463 2151 1544 2190 fere
1576 2163 1706 2197 more,

214 2226 410 2264 lectorum
426 2225 621 2275 voluptati
641 2223 809 2262 mirifice
830 2225 977 2275 posuit.

275 2295 336 2331 Ex
359 2292 518 2347 artificii
536 2293 687 2330 veteris
711 2291 972 2343 descriptione
999 2291 1142 2342 passim
1159 2298 1288 2342 poetae
1306 2289 1528 2327 carminum
1545 2299 1711 2326 suorum

219 2368 451 2397 ornamenta
472 2361 693 2410 petierunt,
723 2372 804 2410 quo
827 2368 976 2396 veteres
1003 2358 1154 2395 fabulas
1179 2358 1223 2394 in
1247 2370 1296 2395 eo
1332 2367 1535 2407 expressas
1554 2365 1712 2391 narrare

218 2427 367 2466 liceret.
392 2430 501 2466 Inter
528 2429 633 2465 varia
656 2430 818 2465 inventa
840 2427 997 2465 nullum
1021 2434 1153 2463 tamen
1174 2423 1283 2464 aliud
1306 2436 1431 2475 genus
1448 2421 1712 2472 opportunius

219 2506 302 2530 esse
318 2493 475 2531 videtur
487 2496 644 2546 clypeo,
656 2496 685 2532 si
704 2496 879 2545 priscum
897 2493 1057 2545 clypeos
1073 2492 1230 2543 sculpto
1250 2503 1369 2543 opere
1381 2486 1549 2527 ornandi
1562 2499 1713 2523 morem

221 2569 393 2611 reputeS.
414 2562 546 2600 Multo
566 2564 699 2600 minus
719 2561 926 2600 commode
948 2575 987 2600 v.
1012 2575 1048 2600 e.
1073 2560 1312 2612 Apollonius
1334 2559 1377 2604 1,
1399 2567 1477 2603 721
1496 2567 1581 2605 sqq.
1602 2554 1714 2592 fabu-

220 2625 277 2663 las
295 2627 321 2664 J
324 2628 451 2663 asonis
465 2627 577 2677 pallae
593 2629 762 2665 intextas
780 2636 956 2674 enarrat3
972 2628 1141 2677 Europae
1159 2623 1312 2662 calatho
1328 2620 1518 2660 Moschus
1531 2619 1648 2671 Idyll.
1663 2623 1715 2666 II,

228 2693 277 2741 37
299 2705 384 2744 sqq.
401 2706 411 2739 3
432 2694 474 2729 in
489 2703 596 2731 veste
616 2695 783 2746 stragula
801 2693 945 2732 Catull.
965 2695 1110 2740 LXIV,
1131 2692 1183 2729 50
1202 2704 1288 2742 sqq.
1302 2716 1313 2736 ,
1328 2689 1374 2725 in
1393 2696 1538 2726 cratere
1555 2700 1716 2739 expres·

226 2773 285 2799 sas
300 2760 451 2799 fabulas
467 2762 565 2799 Met.
588 2763 689 2800 XIII
703 2789 714 2809 ‚
739 2763 818 2800 681
843 2769 882 2800 et
909 2762 951 2799 in
980 2760 1134 2800 foribus
1160 2759 1276 2810 regiae
1301 2755 1402 2796 Solis
1419 2756 1475 2796 ib.
1496 2757 1562 2810 11,
1588 2755 1611 2794 5
1627 2767 1714 2807 sqq.
