1767 3054
715 97 866 135 LIBER
898 98 934 133 V
940 98 991 134 11.

112 175 313 224 impetum
332 172 475 219 animi,
493 170 646 209 sublata
667 170 724 206 rei
750 183 822 208 no—

113 233 255 278 vitate,
281 239 457 268 retusum
492 241 823 276 commemorem,

114 289 162 326 ad
189 302 259 326 sex
278 288 513 339 posteriores
535 287 659 324 libros
681 286 825 324 intelli-

113 345 261 398 gendos
291 344 482 382 doctrinae
510 344 618 382 haud
653 344 825 395 vulgaris

111 404 225 454 copia
260 414 473 452 rerumque
503 404 675 453 antiquae
704 403 825 440 Italiae

110 460 271 498 scientia
290 461 529 510 requiritur;
547 461 579 497 is
599 469 743 507 autem,
756 462 825 511 qui

110 519 152 555 in
183 517 302 554 rebus
322 526 500 555 versatur
529 519 732 564 obscuris,
757 532 824 569 pa-

110 588 280 626 rumque
313 577 443 621 notis,
480 576 656 627 adeoque
685 576 824 614 diffici-

112 633 240 679 libus,
263 632 335 670 nbi
373 633 518 671 laboris
553 634 730 672 molestia
753 647 823 672 vo-

110 691 302 741 luptatem
326 692 550 742 intercipit,
572 701 610 730 et
631 694 825 745 ingraves-

111 761 203 786 cens
226 748 383 785 tandem
401 750 562 787 taedium
581 750 727 787 librum
750 763 826 787 ma-

113 819 169 843 nu
199 808 373 854 excutit,
400 821 484 845 non
511 808 623 845 facile
654 810 737 856 ejus
769 809 826 845 rei

112 877 284 902 caussam
301 867 344 902 in
366 878 406 902 se
423 865 608 904 latentem
626 868 801 918 agnoscit
815 894 826 912 ,

113 922 180 959 sed
207 924 249 960 in
270 931 428 960 auctore
447 925 527 970 rei,
551 937 639 973 quae
667 923 827 960 taedium

114 979 318 1027 afferebat,
345 983 490 1032 reperit
513 994 523 1019 :
543 981 640 1019 adeo
663 980 827 1019 difficile

1518 101 1597 137 285

890 179 947 207 est
975 171 1018 206 in
1041 183 1080 206 se
1107 169 1368 217 descendere,
1397 181 1436 211 et
1462 172 1600 220 judicii

890 231 952 265 sui
988 240 1141 265 caussas
1172 229 1382 277 exquirere
1408 231 1601 268 occultas!

890 287 1025 325 Altera
1061 293 1191 322 tamen
1221 298 1271 322 ex
1302 296 1413 336 parte
1440 290 1496 333 is,
1535 290 1603 339 qui

891 346 1143 396 antiquarum
1176 357 1309 381 rerum
1337 344 1504 382 lectione
1537 347 1601 382 de-

889 403 1080 447 lectatur,
1099 408 1139 437 et
1157 409 1235 438 tam
1254 403 1456 454 ingeniose
1474 415 1493 439 a
1513 416 1605 453 poe-

893 468 928 497 ta
946 469 983 498 et
1000 460 1178 498 sollerter
1193 460 1402 497 innumera
1422 474 1472 498 ex
1485 461 1606 498 Italiae

892 520 1124 569 antiquitate
1145 517 1360 555 commodo
1380 517 1472 556 loco
1500 521 1605 569 posi-

891 585 928 614 ta
941 605 952 623 ‚
975 585 1013 613 et
1033 575 1080 613 ad
1101 573 1220 612 finem
1240 576 1398 625 epicum
1416 585 1605 627 attempe-

891 643 974 671 rata
1015 633 1314 680 animadvertit,
1357 647 1440 671 non
1474 635 1606 671 minus

890 691 1093 730 recordari
1123 689 1264 736 debet,
1282 703 1460 742 magnam
1488 691 1607 739 hujus

890 748 1106 800 voluptatis
1138 757 1290 799 partem
1329 761 1412 786 non
1447 757 1526 786 tam
1558 749 1607 785 ab

890 809 977 858 ipso
1003 807 1195 852 carmine,
1218 819 1336 856 quam
1365 819 1387 843 a
1417 806 1609 844 doctrinae

892 866 1015 916 copiis
1028 892 1038 911 ,
1056 862 1301 901 difficultatis
1313 873 1506 915 superatae
1521 877 1607 901 sen-

892 936 937 960 su
950 951 960 969 ‚
981 923 1221 972 antiquitatis
1236 921 1370 959 studio
1393 931 1432 960 et
1450 935 1593 967 amore,

894 989 932 1018 et
952 993 1040 1030 quae
1063 979 1156 1026 alia,
1175 977 1390 1030 proficisci.
