1767 3054
150 165 232 190 210

774 149 1018 189 AENEIDOS

146 226 188 267 V
189 238 362 284 osque,
385 221 471 279 ait,
497 236 525 266 o
551 219 633 266 fidi
655 219 810 282 Trojae
832 221 1006 266 salvete
1027 224 1247 267 Penates!

148 298 238 343 Hic
260 297 450 355 domus,
472 298 572 343 haec
597 305 751 357 patna
775 307 857 342 est.
879 296 1079 342 Genitor
1098 296 1217 342 mihi
1239 295 1348 342 talia
1359 311 1598 360 ,namque

146 375 190 419 N
195 389 285 419 unc
309 384 495 436 repeto
517 371 745 419 Anchises
766 370 889 415 f‘itoi
891 386 970 415 um
996 386 1166 417 arcana
1187 371 1410 433 leliquit:

149 469 167 489 «
195 451 354 506 Quum
374 460 443 505 te,
467 459 595 503 nate,
623 446 767 491 sames
789 445 950 506 ignota
969 443 1028 490 ad
1046 445 1186 492 litora
1210 458 1399 494 vectum

147 525 331 571 Adcisis
356 534 492 586 coget
516 521 717 585 dapibus
738 536 1015 566 consumere
1035 537 1244 581 mensas,

1584 532 1640 562 125

145 602 266 644 Tum
285 615 477 661 sperare
500 598 666 644 domos
689 596 920 652 defessus,
944 593 1107 657 ibique
1127 608 1363 644 memento

144 677 301 722 Prima
323 675 480 722 locare
501 690 644 720 manu
668 671 920 733 molirique
944 686 1113 733 aggere
1139 682 1273 718 tecta.
1293 694 1312 714 υ

143 755 257 797 Haec
279 761 378 796 erat
401 749 480 795 illa
504 749 672 807 fames3
694 746 796 794 haec
816 761 901 792 nos
921 761 1141 808 suprema
1160 745 1402 803 manebat,

143 825 312 873 Exitiis
332 825 545 887 positura
565 823 774 870 modum.

145 907 305 960 Quare
331 901 476 962 agite,
500 912 545 945 et
565 899 719 961 primo
740 899 833 944 laeti
857 913 965 944 cum
983 897 1160 943 lumine
1181 897 1309 956 solis,

1580 906 1642 936 130

144 981 261 1034 Quae
286 977 412 1032 loca,
440 975 583 1036 quive
603 974 811 1020 habeant
837 974 1076 1031 homines,
1096 971 1182 1018 ubi
1200 971 1372 1018 moenia
1395 971 1564 1035 gentis,

140 1051 436 1114 vestigemus
451 1086 462 1107 ‚
486 1062 531 1096 et
556 1066 582 1094 a
601 1061 745 1111 portu
770 1049 956 1096 diversa
976 1059 1205 1110 petamus.

138 1130 276 1173 Nunc
295 1137 481 1190 pateras
502 1124 646 1172 libate
672 1129 698 1171 J
702 1125 803 1182 ovi,
824 1123 1142 1186 precibusque
1165 1133 1332 1169 vocate

132 1317 208 1353 que
228 1303 461 1352 loquentem
479 1300 758 1351 interpellavit.
771 1301 854 1336 Scu-

126 1360 311 1413 pcfactus
333 1358 496 1395 numine
510 1387 520 1404 ,
542 1359 585 1395 id
606 1367 685 1403 est,
709 1371 851 1394 oracu-

130 1420 171 1455 lo
188 1448 197 1459 ,
216 1419 349 1465 utjnm
369 1417 461 1453 alias
483 1415 739 1453 vidimus.—
756 1428 803 1452 12
817 1428 849 1452 t.

135 1476 249 1527 Oficli
264 1478 299 1512 T
297 1474 393 1525 rojoe
405 1474 551 1510 salvete
559 1476 745 1511 Penates.
760 1475 854 1511 Haec

133 1541 320 1584 perpetua
339 1535 471 1569 AEneae
490 1531 646 1581 religio,
670 1539 714 1567 ut
730 1534 853 1568 Pena-

134 1602 190 1628 tes
208 1591 337 1641 primo
356 1589 447 1625 loeo
465 1588 646 1638 appellet.
667 1588 856 1624 Promise-

135 1656 226 1686 rant
247 1656 378 1684 tamen
402 1654 441 1682 et
458 1646 539 1691 illi,
561 1644 668 1681 unde
682 1643 768 1697 fidi
787 1647 855 1682 Pe-

135 1715 245 1744 nates
259 1734 268 1751 ,
290 1717 362 1755 per
379 1715 565 1740 somnum
580 1730 589 1747 ‚
609 1705 770 1739 AEneam
782 1703 856 1737 Ita-

133 1765 225 1801 liam
242 1775 323 1799 esse
340 1761 541 1798 aditurum
554 1787 564 1806 ‚
580 1759 652 1796 lib.
672 1761 750 1803 III,
777 1766 850 1805 147

138 1819 422 1865 --162--167
447 1818 523 1854 Hce
555 1815 666 1853 nobis
683 1816 856 1866 propriae

138 1879 248 1915 sedes
262 1892 277 1922 ‚·
298 1876 390 1913 hine
414 1873 635 1912 Dardanus
658 1882 763 1910 orcus
780 1882 853 1910 etc.

137 1936 244 1973 unde
261 1947 372 1972 nunc
389 1948 427 1970 v.
451 1945 529 1969 122
546 1945 555 1970 :
577 1932 675 1969 Haec
691 1931 829 1968 domus
841 1959 854 1975 ,

135 1994 221 2032 hoec
232 1991 373 2043 patria
391 2000 450 2028 est
465 1998 592 2028 vestra
605 2017 615 2035 ,
631 1988 738 2026 unde
763 1989 858 2026 olim

136 2053 297 2099 Trojam
305 2051 396 2088 estis
407 2048 574 2086 advecti.
589 2047 757 2084 Genitor
765 2045 863 2083 mihi

137 2109 255 2147 talia.
277 2108 421 2146 Tribui
437 2106 478 2144 h.
503 2105 531 2143 l.
552 2105 738 2142 Anchisae
761 2105 858 2141 vati-

139 2168 290 2204 cinium
330 2177 449 2215 supra
488 2177 510 2200 a
550 2163 708 2201 Celaeno
720 2191 730 2210 ,
760 2164 861 2199 Har—

140 2226 325 2275 pyiarum
361 2235 462 2269 una,
502 2229 709 2271 acceptum
747 2220 858 2272 (ΠΙ,

145 2284 225 2319 ῑεῦῑῖ
242 2279 382 2331 seqq.)
402 2292 499 2317 mox
522 2278 570 2316 ab
590 2278 744 2316 Heleno
764 2291 861 2316 con-

143 2339 342 2375 firmatum
372 2337 470 2387 (lib.
489 2339 549 2374 III
563 2365 573 2384 ‚
593 2336 704 2387 394)
725 2349 861 2374 omnes

142 2398 275 2446 Intpp.
303 2404 481 2433 mouent.
506 2395 590 2432 Etsi
604 2403 761 2445 poetam
781 2406 865 2430 ma·-

141 2453 211 2489 lim
228 2452 304 2488 sibi
324 2461 523 2498 constare,
540 2460 672 2489 tamen
690 2452 796 2488 varia
811 2451 862 2488 ad

141 2509 483 2558 interpretandum
515 2518 553 2546 et
587 2509 861 2546 excusandum

143 2567 275 2603 afferri
314 2575 481 2616 possunt
512 2578 522 2603 :
554 2567 741 2604 Anchisae
776 2580 861 2604 om-

142 2626 241 2662 niuo
291 2632 419 2673 partes
470 2625 750 2661 vaticiniorum
798 2626 860 2661 in-

143 2680 487 2732 terpretandorum
521 2680 665 2718 dantur
692 2695 711 2717 a
747 2690 862 2732 poeta

147 2749 182 2777 et
200 2740 249 2776 ab
261 2739 368 2786 ahis3
386 2739 506 2787 igitur
522 2739 553 2774 is
575 2738 752 2775 Celaenus
769 2751 864 2789 (ἶσοι

146 2811 221 2849 que
249 2796 368 2835 verba
385 2795 568 2834 disertius
592 2797 801 2846 exposuit,
825 2804 863 2832 et

918 1312 1020 1350 saepe
1038 1299 1082 1335 in
1099 1311 1168 1336 ore
1185 1297 1328 1335 habuit
1339 1326 1350 1344 ‚
1364 1306 1479 1348 atque
1496 1297 1544 1335 ad
1561 1301 1644 1337 ani-

919 1370 1030 1394 mum
1050 1357 1263 1394 revocavit.
1282 1355 1365 1393 Alii
1383 1355 1433 1393 ad
1458 1368 1502 1393 ea
1520 1356 1640 1394 refer-

919 1428 962 1451 re
979 1415 1122 1451 volunt
1134 1443 1144 1461 ‚
1166 1426 1255 1464 quae
1272 1413 1479 1451 Anchisen
1500 1422 1640 1452 natum

918 1474 964 1509 in
991 1472 1089 1509 locis
1118 1472 1255 1508 inferis
1287 1470 1434 1509 docent
1459 1471 1531 1510 lib4
1556 1474 1639 1518 VI,

923 1530 1001 1578 891
1019 1558 1030 1574 ‚
1071 1530 1173 1579 892,
1210 1530 1307 1578 893.
1342 1529 1530 1579 Sequitur
1564 1529 1642 1568 hoc

922 1589 1098 1624 Ouwens
1128 1588 1247 1624 Noct.
1276 1588 1375 1638 Hag.
1405 1599 1445 1637 p.
1472 1587 1556 1624 626
1580 1601 1638 1637 sq.

922 1643 1133 1680 Probabile
1157 1652 1289 1680 tamen
1308 1651 1386 1690 est,
1406 1652 1565 1693 poetam
1590 1644 1638 1681 de

921 1700 1110 1750 Harpyiis
1132 1700 1304 1737 fabulam
1322 1713 1440 1751 supra
1458 1701 1641 1739 secundis

924 1758 1029 1794 curis
1055 1758 1295 1805 intexuisse,
1318 1766 1357 1794 et
1385 1766 1514 1795 morte
1543 1772 1642 1810 prae-

921 1823 1087 1851 ventum
1102 1815 1254 1864 reliqua
1268 1827 1354 1852 non
1367 1816 1544 1865 potuisse
1560 1830 1645 1854 mn-

922 1879 1004 1908 tare
1041 1872 1106 1908 vel
1141 1871 1453 1910 accommodare.
1466 1895 1525 1902 —-
1548 1874 1643 1912 125.

924 1928 1080 1967 Accisis
1114 1929 1306 1980 dapibus,
1342 1932 1539 1980 exquisite
1566 1945 1643 1982 pro

925 1988 1156 2026 consumtis.
1174 1986 1392 2038 Molirique
1401 2001 1550 2040 aggere
1567 1997 1645 2026 tec-

926 2055 968 2082 ta
981 2073 992 2090 ‚
1033 2053 1172 2082 ornate
1189 2073 1200 2091 ‚
1237 2045 1380 2082 urbem
1417 2044 1612 2084 aedificare
1631 2075 1641 2091 ‚

925 2102 1034 2153 quod
1049 2101 1097 2141 fit
1111 2103 1217 2141 vallo
1231 2102 1528 2154 ductos—129.
1541 2102 1645 2141 Exi-

926 2161 991 2199 liis
1009 2162 1053 2197 in
1073 2161 1183 2212 quod
1198 2161 1310 2199 facile
1326 2160 1477 2198 incidas
1489 2189 1501 2209 ,
1516 2161 1551 2198 si
1567 2173 1644 2198 me-

927 2220 1089 2257 mineris
1109 2221 1198 2257 AEn.
1224 2221 1265 2256 II
1277 2248 1288 2267 ,
1312 2219 1394 2267 780
1413 2221 1555 2270 Longa
1575 2218 1647 2254 tibi

929 2277 1060 2314 exilia
1097 2286 1136 2314 ec
1166 2285 1330 2314 vastum
1354 2274 1476 2313 maris
1506 2288 1647 2326 oequor

926 2335 1146 2380 arandum,
1185 2335 1291 2382 conj.
1322 2335 1458 2371 Burm.
1472 2345 1483 2379 ;
1515 2340 1555 2370 et
1587 2335 1644 2370 sic

929 2393 1052 2431 Goth.
1067 2420 1077 2439 ‚
1101 2392 1272 2429 soHenni
1287 2391 1485 2428 varietate.
1505 2391 1644 2428 Em'm—

927 2463 1024 2488 vero
1043 2448 1174 2487 exitia
1203 2455 1298 2485 snut
1319 2447 1575 2494 calamitates,
1596 2460 1645 2485 ae-

927 2519 1083 2544 rumnae
1093 2534 1104 2553 ,
1117 2514 1163 2543 ut
1171 2506 1286 2542 toties
1294 2503 1500 2550 damnum,
1516 2517 1640 2550 noxa,

929 2564 1087 2608 clades,
1105 2571 1144 2599 et
1171 2561 1312 2598 similia
1325 2589 1336 2608 ‚
1351 2570 1393 2598 et
1410 2562 1644 2601 Graecorum

927 2618 1024 2666 ἄτη,
1045 2613 1174 2667 &AG-n
1187 2646 1198 2664 ‚
1222 2616 1323 2670 λύμη
1336 2647 1347 2665 ,
1368 2617 1495 2674 λοιγὸς
1509 2649 1519 2667 ,
1545 2615 1644 2663 οἶτος

928 2687 967 2716 et
1000 2677 1086 2714 alia.
1102 2697 1162 2705 —-
1179 2675 1346 2723 Exitiis,
1368 2679 1566 2715 aerumnis.

991 2748 1007 2771 1
1018 2734 1083 2771 33.
1098 2733 1240 2770 Libare
1261 2733 1371 2771 ηονίε
1394 2735 1515 2773 Goth.
1532 2744 1641 2781 tert„

926 2804 1046 2844 prave
1063 2799 1102 2829 et
1111 2790 1202 2830 hoe.
1218 2790 1360 2829 Libare
1373 2801 1540 2842 pateras
1556 2795 1647 2831 satis
