1767 3054
741 99 892 135 Limia
928 99 975 135 v,
1562 101 1607 145 ,ῆς

109 176 306 233 luscusi3
330 176 450 221 sacta
475 169 653 233 pariter
673 184 796 214 nunc
819 184 932 229 pace
961 168 1192 213 seruntur.

110 252 174 296 Ut
194 248 430 311 quondam
454 247 594 291 Creta
615 242 765 288 fertur
790 240 1114 303 Labyrinthus
1141 241 1187 286 iu
1213 241 1305 286 alta

110 322 371 370 Parietibus
392 329 571 366 textum
597 317 731 364 caecis
758 317 870 374 iter,
898 316 1252 379 ancipitemque

107 400 238 445 Mille
262 398 349 446 viis
367 397 590 444 habuisse
613 395 800 454 dolum,
823 411 918 457 qua
937 394 1069 456 signa
1093 392 1320 456 sequendi

106 475 305 522 Falleret
325 473 636 536 indeprensus
661 482 706 517 et
731 468 1042 518 irremeabilis
1068 484 1215 515 error.

107 547 246 594 Haud
270 548 362 594 alio
384 550 621 594 Teucrum
646 547 742 592 nati
770 546 967 608 vestigia
992 560 1135 590 cursu

105 622 382 685 Inpediunt‚
411 633 671 684 texuntque
692 622 825 684 fugas
846 632 893 667 et
921 619 1084 683 praelia
1110 618 1246 676 ludo,

105 795 212 824 recte
230 785 450 824 secundum
467 788 660 824 rationem
677 794 715 824 et
726 797 824 836 prae-

106 844 316 882 stantiores
354 844 470 882 codd.
514 848 630 883 Rom.
673 844 822 882 Medic.

107 902 280 953 aliosque
318 902 494 953 praetulit
529 903 665 940 Heins.
689 902 824 953 Vulgo

95 959 237 1012 fhgae,
257 960 367 1011 quod
400 973 484 997 non
515 959 616 997 bene
640 959 824 997 relictum

105 1018 203 1057 silio
225 1019 268 1055 in
286 1018 406 1055 simili
432 1018 525 1055 loco
545 1019 663 1056 XVII
679 1047 688 1065 ,
715 1018 820 1065 4453

107 1088 191 1114 non
206 1077 312 1114 enim
324 1075 462 1129 ficgae,
486 1078 534 1128 τῇ
553 1078 679 1130 φυγῇ,
699 1075 823 1113 nudat

106 1135 197 1184 quis
230 1143 406 1186 tergum3
441 1134 529 1180 sed,
563 1133 660 1171 dum
694 1134 796 1185 fugit
810 1161 820 1179 ‚

106 1191 297 1242 fugiendo
310 1220 322 1238 ‚
339 1192 450 1245 ficga
463 1222 474 1241 ,
503 1201 659 1243 tergum
680 1192 820 1230 nudat.

110 1251 282 1286 Versant
299 1250 408 1290 Gud.
432 1265 507 1302 pro
536 1250 617 1288 div.
645 1250 735 1287 lect.
751 1277 762 1295 ‚
784 1258 822 1286 et

107 1319 168 1356 pr.
206 1308 393 1347 Rottend.
423 1317 615 1352 vert-tm&
635 1316 675 1344 at
704 1310 821 1345 Rom.

107 1372 292 1415 torquent
317 1380 410 1403 cum
427 1366 549 1404 Goth.
568 1378 644 1402 sec,
659 1392 670 1411 ,
691 1373 823 1402 tamen

106 1421 219 1472 lapsu
248 1425 406 1472 potius,
431 1426 505 1462 etsi
535 1437 610 1461 nec
646 1422 820 1469 infelici,

106 1491 222 1528 quam
243 1482 426 1522 consilio.

166 1537 408 1590 588—591.
437 1541 531 1578 Non
564 1545 719 1589 poterat
733 1539 823 1574 Vir-

103 1593 222 1644 gilius
237 1607 424 1645 superare
436 1597 499 1634 vel
516 1596 669 1646 assequi
686 1594 824 1631 locum

105 1651 294 1697 Homeri,
313 1667 434 1704 quem
469 1655 573 1690 inter
603 1653 824 1703 pulcherri-

105 1720 191 1744 mos
231 1712 406 1759 primum
440 1710 695 1749 excitandum
739 1722 823 1748 cre-

105 1764 158 1802 do
172 1793 182 1811 ‚
202 1766 314 1806 Iliad.
334 1782 377 1815 σ,
398 1771 479 1820 590
498 1782 582 1820 sqq.
604 1768 652 1805 ad
670 1769 754 1806 605
775 1767 824 1806 de

105 1822 257 1861 Daedali
293 1825 430 1866 choro.
467 1830 567 1865 Rem
600 1828 732 1876 itaque
761 1839 820 1862 sa—

105 1881 262 1929 pienter
278 1883 455 1922 traduxit
473 1884 521 1921 ad
532 1884 699 1921 similem
713 1896 795 1920 rem
809 1911 820 1930 ‚

104 1937 419 1988 Labyrinthum,
437 1954 556 1991 quem
574 1955 617 1978 ea
631 1955 723 1979 cum
742 1950 823 1978 arte

105 1994 284 2042 effinxit,
315 2006 359 2034 ut
381 1999 486 2035 inter
518 1999 600 2046 ejus
626 1998 752 2035 flexus
773 1999 824 2035 le-

104 2052 253 2104 gendos
272 2057 354 2106 ipse
373 2057 485 2106 quasi
506 2068 638 2093 errore
655 2056 749 2092 ferri
765 2057 822 2093 vi-

105 2110 256 2159 dearis3
277 2116 331 2151 ita
359 2114 531 2164 implexa
559 2115 643 2164 ipsa
675 2113 817 2159 verba,

105 2182 195 2219 quae
215 2171 331 2209 Plinii
348 2173 480 2209 animo
497 2172 703 2209 observata
721 2180 820 2222 puto

104 2227 149 2264 in
166 2227 411 2279 Labyrintho
427 2229 497 2268 lib.
513 2231 691 2267 xxxvl
706 2257 716 2275 ‚
746 2243 759 2265 1
771 2243 792 2266 2
804 2258 815 2273 ,

103 2298 138 2322 s.
168 2298 244 2336 ¹9²
258 2315 269 2333 ‚
289 2289 348 2324 uti
367 2289 448 2338 ipse
465 2288 656 2339 Virgilius
674 2287 820 2324 Catulli

105 2355 258 2381 memor
286 2345 403 2383 fuisse
442 2345 599 2383 videtur
635 2358 673 2382 n.
704 2347 817 2391 Lx1‚

111 2413 127 2438 1
142 2414 273 2440 12—1
288 2404 350 2442 15.
376 2404 493 2441 Creta
517 2403 557 2440 in
580 2403 689 2447 alta,
713 2402 819 2440 conf.

105 2471 202 2497 mox
226 2460 297 2499 lib.
323 2464 406 2509 VI,
437 2464 488 2500 23
520 2470 684 2513 propter
711 2460 822 2497 Idam

108 2524 148 2554 et
177 2518 273 2556 alios
302 2529 480 2567 montes;
509 2532 751 2570 quamquain
783 2527 821 2555 et

109 2577 238 2613 omnis
267 2577 398 2615 insula
433 2578 520 2616 alta
559 2585 615 2614 est
630 2605 639 2623 ,
673 2578 821 2627 quippe

110 2635 209 2670 mari
238 2635 366 2674 altior.
400 2635 618 2674 Parietibus
641 2635 755 2672 coecis
778 2635 817 2672 h.

107 2689 137 2728 l.
160 2692 231 2741 qui
251 2694 382 2731 visum
412 2706 455 2731 ac
482 2701 736 2745 prospectum
764 2694 821 2730 in-

110 2750 347 2801 tercipiunt,
379 2761 425 2789 ut
462 2760 590 2790 totum
623 2752 721 2799 iter,
743 2764 820 2802 qua

892 793 1042 836 pateat,
1062 785 1254 821 aestimare
1285 795 1470 834 nequeas.
1490 782 1608 820 Oxid.

892 845 935 880 iu
971 844 1063 881 loco
1095 856 1187 880 cum
1219 842 1298 880 hoe
1339 841 1609 892 comparando

893 903 993 939 VIII
1010 903 1110 939 Met.
1149 901 1225 938 158
1257 913 1342 950 sqq.
1368 913 1476 936 caeca
1505 908 1609 935 tecta

892 959 1008 997 dixit.
1049 960 1235 1007 Cujacius
1271 957 1387 996 obss.
1423 959 1461 1004 Ι,
1506 958 1557 993 30
1591 970 1611 992 a

891 1019 1028 1055 Burm.
1070 1016 1254 1054 laudatus
1284 1028 1409 1052 caecos
1430 1014 1608 1065 parietes

889 1089 970 1112 esse
1004 1077 1089 1112 sine
1130 1075 1309 1112 fenestris
1342 1072 1502 1119 docuit3
1540 1072 1609 1109 sed

888 1132 966 1171 hoc
986 1142 1043 1170 est
1063 1135 1087 1171 J
1091 1134 1209 1172 Ctum
1227 1132 1502 1182 interpretari,
1526 1143 1610 1169 non

888 1192 1240 1242 poetam.--590.
1279 1188 1456 1227 Millenis
1494 1187 1531 1226 h.
1567 1188 1608 1227 d.

890 1249 1012 1288 Goth.
1038 1262 1140 1296 sec.‚
1161 1261 1296 1298 prave.
1330 1249 1503 1284 Domum
1532 1254 1610 1284 tres

890 1319 951 1357 ap.
981 1308 1116 1346 Burm.
1151 1306 1228 1344 Sed
1259 1305 1374 1342 dolus
1397 1304 1607 1355 eleganter.

889 1364 1006 1402 Mille
1039 1364 1143 1402 dolis
1177 1362 1214 1402 h.
1236 1363 1374 1408 viam,
1403 1375 1494 1412 quce
1520 1375 1550 1399 s,
1577 1375 1607 1399 5.

890 1421 1067 1461 Parrhas.
1117 1424 1204 1473 Quo
1246 1421 1363 1473 signa
1394 1421 1524 1470 Bigot.
1551 1441 1608 1448 -—

889 1480 1038 1517 Dolum
1062 1479 1104 1519 h.
1135 1494 1168 1517 e.
1198 1480 1273 1517 iter
1305 1479 1514 1524 dolosum,
1537 1477 1607 1515 fal-

888 1537 987 1575 lens.
1009 1538 1135 1589 Signa
1153 1537 1345 1587 sequendi
1358 1565 1370 1583 ,
1392 1534 1610 1585 proceden-

890 1595 954 1640 di,
969 1603 1015 1632 ut
1032 1597 1159 1645 poetis
1181 1594 1338 1632 ἔπεσθσιι
1353 1622 1363 1640 ,
1381 1592 1517 1642 sequi,
1534 1605 1607 1642 pro

891 1655 971 1697 ire,
995 1653 1036 1691 h.
1070 1666 1104 1691 e.
1128 1661 1241 1690 notas
1273 1652 1348 1688 viae
1371 1660 1409 1688 et
1428 1651 1606 1696 itineris,

891 1724 969 1764 qua
1004 1720 1087 1748 erat
1119 1709 1387 1747 incedendum
1413 1707 1607 1746 redituro.

891 1768 1011 1808 Ovid.
1047 1769 1074 1806 1.
1108 1781 1145 1806 0.
1184 1766 1370 1805 Daedalus
1398 1766 1607 1816 turbatque

892 1836 1028 1871 notas,
1050 1836 1091 1864 ec
1122 1824 1275 1863 lumina
1288 1824 1454 1878 flexum
1486 1823 1608 1860 Ducit

890 1898 930 1921 ιιι
956 1897 1128 1921 errorem
1143 1895 1353 1920 ‘varlarllln
1369 1894 1499 1918 errore
1513 1895 1606 1919 vla-

890 1955 989 1978 rum.
1009 1941 1060 1978 cf.
1082 1940 1152 1978 inf.
1174 1942 1252 1985 VI,
1279 1952 1327 1985 27
1362 1940 1604 1988 sq.—-591.

890 2001 1093 2051 Agnoscas
1110 2005 1149 2034 et
1173 1996 1240 2032 hic
1258 1996 1460 2046 duplicem
1485 1995 1603 2033 codd.

888 2065 1033 2093 sectam
1054 2067 1062 2091 :
1088 2057 1204 2092 Rom.
1229 2066 1319 2090 cum
1337 2052 1453 2091 codd.
1468 2082 1478 2100 ‚
1501 2055 1606 2091 inter

887 2127 987 2163 quos
1008 2111 1130 2150 Goth.
1150 2111 1269 2157 alter,
1287 2119 1412 2162 parte,
1426 2114 1603 2164 Frange-

887 2181 965 2215 ree,
992 2171 1093 2208 forte
1127 2179 1256 2207 tamen
1293 2168 1394 2206 illud
1427 2171 1603 2219 primum

886 2242 936 2265 ex
970 2228 1123 2265 librarii
1155 2227 1269 2278 lapsu
1296 2235 1447 2265 natum.
1474 2230 1602 2266 Etiam

885 2289 1066 2324 Donatus
1085 2286 1368 2336 interpretatur
1382 2297 1392 2323 :
1397 2284 1605 2338 fregerint

873 2344 1028 2398 flexus.
1059 2343 1136 2383 Sed
1166 2343 1307 2381 melius
1333 2343 1478 2382 Medic.
1509 2357 1602 2381 cum

888 2402 973 2439 aliis
992 2415 1000 2441 :
1029 2402 1434 2452 Falleret—-quippe
1449 2430 1459 2449 ‚
1481 2415 1599 2441 error.

888 2462 1046 2498 Servius
1067 2469 1281 2511 utrumque
1297 2459 1445 2510 prodit.

948 2519 1044 2569 59²·
1067 2518 1192 2556 Haud
1212 2518 1296 2555 alio
1319 2518 1535 2569 elegantius
1552 2532 1601 2555 ex

887 2576 1034 2615 Medic.
1071 2586 1110 2614 et
1153 2589 1213 2627 pr.
1242 2579 1389 2614 Moret.
1424 2577 1602 2626 reposuit

887 2636 1023 2673 Heins.
1047 2638 1101 2673 At
1128 2635 1192 2671 alii
1221 2648 1312 2672 cum
1332 2638 1448 2674 Rom,
1471 2634 1601 2671 aliter.

886 2694 1187 2743 —592—-595.
1217 2696 1355 2732 Parem
1374 2694 1415 2729 in
1439 2692 1600 2730 modum

887 2752 1048 2800 Trojani
1059 2753 1175 2804 pueri
1183 2751 1356 2803 vestigia
1367 2750 1600 2802 impediunt,
