1767 3054
160 141 239 177 288

795 144 1035 183 AENEIDOS

153 226 279 254 cetera
302 219 434 255 omnia
454 227 536 255 tum
559 220 742 270 clypeum
763 220 964 270 inprimis,
984 221 1053 269 qui
1072 233 1132 256 res
1159 232 1179 256 a
1205 219 1428 269 posteritate
1459 229 1528 254 sua
1547 227 1642 254 stre-

153 305 232 328 nue
252 292 440 342 gerendas
457 293 626 329 habebat
648 293 820 343 depictas
833 321 843 338 ‚
863 293 1039 330 studiose
1063 294 1278 331 admiratur
1301 294 1380 330 520
1406 291 1455 329 ad
1473 290 1543 329 fin.

222 651 296 694 U'r
323 646 432 692 belli
453 647 636 707 signum
660 644 887 688 Laurenti
907 646 1095 689 Turnus
1116 644 1176 689 ab
1201 661 1309 690 arce

159 722 360 779 Extulit,
386 731 430 766 et
453 734 596 765 rauco
617 729 920 779 strepuerunt
943 733 1121 764 cornua
1142 730 1282 764 cantu
1291 737 1305 776 3

158 799 318 857 thue
345 795 464 840 acris
490 793 724 839 concussit
744 807 914 852 equos,
939 804 1086 854 utque
1106 792 1275 854 inpulit
1295 809 1424 839 arma
1446 813 1455 839 :

159 871 406 932 Extemplo
432 868 611 914 turbati
630 867 793 923 animi,
817 867 954 913 simul
976 883 1113 914 omne
1138 869 1344 915 tumultu

160 946 383 1010 Conjurat
409 943 594 1005 trepido
615 943 827 999 Latium,
852 943 1078 1005 saevitque
1099 944 1322 1006 juventus
1634 956 1650 984 5

224 1131 258 1155 1.
281 1119 384 1154 Mica
403 1130 463 1154 res
488 1116 612 1153 videri
638 1115 777 1161 debet,
802 1128 874 1165 po-

162 1176 279 1212 tuisse
317 1177 500 1212 Turnum
532 1176 576 1210 in
611 1174 734 1210 aliena
772 1174 875 1223 regia

161 1232 312 1269 bellum
346 1233 564 1276 instruere,
585 1240 623 1268 et
650 1231 781 1280 copias
807 1243 875 1280 pa-

163 1302 260 1327 rare.
274 1289 382 1327 Talia
394 1288 701 1326 animadvertere
710 1316 720 1334 ‚
739 1297 776 1324 et
787 1300 877 1337 poe-

164 1355 241 1383 tam
297 1346 583 1397 reprehendere
635 1349 678 1383 in
715 1353 877 1395 promtu

163 1414 232 1442 est.
262 1405 337 1443 Sed
361 1413 474 1455 poeta
503 1404 550 1442 ad
577 1406 723 1454 priscas
750 1411 879 1440 aetates

163 1463 316 1513 singula
355 1475 592 1512 componere
622 1471 661 1499 et
689 1460 879 1498 adornare

163 1520 325 1564 debuit,
346 1533 431 1556 non
452 1520 501 1556 ad
527 1533 595 1556 sua
618 1533 692 1557 nec
717 1518 764 1555 ad
786 1531 878 1555 nos-

165 1587 223 1614 tra
242 1585 431 1626 tempora.
453 1579 501 1613 In
527 1579 656 1628 regnis
681 1578 763 1612 istis
779 1576 881 1611 anu’-

164 1636 236 1685 qui
255 1635 329 1671 aevi
347 1647 497 1671 summa
521 1648 652 1671 rerum
673 1642 754 1670 erat
774 1631 879 1682 apud

165 1692 360 1742 populum
374 1719 384 1736 ‚
417 1693 579 1742 ejusque
607 1692 853 1728 voluntatem
866 1717 876 1735 ‚

165 1763 234 1786 seu
261 1750 455 1799 impetum
479 1749 764 1799 exsequebatur
793 1761 877 1786 rex.

166 1807 318 1844 Bellum
337 1806 526 1844 adversus
547 1808 738 1854 Trojanos
755 1804 880 1855 plebis

166 1864 308 1901 studiis
327 1872 551 1915 susceptum
562 1873 644 1901 erat
657 1893 666 1910 ‚
687 1866 881 1900 renitente

166 1922 311 1958 frustra
326 1922 463 1959 Latino
476 1936 486 1969 ;
500 1921 736 1972 tandemque
750 1950 760 1967 ‚
774 1919 881 1970 quod

167 1981 380 2016 senectutis
402 1978 610 2017 infirmitas
642 1988 681 2016 et
709 1977 880 2016 solitudo

169 2036 330 2074 suadere
348 2047 502 2087 poterat
515 2067 525 2085 ‚
538 2051 670 2074 rerum
690 2049 881 2073 summam

169 2108 332 2145 prorsus
360 2095 624 2146 derelinquit:
657 2096 744 2133 Nec
758 2095 882 2145 plura

171 2155 353 2203 loquutus
371 2153 514 2203 Saepsic
529 2167 569 2190 se
585 2152 695 2190 tectis
706 2181 717 2196 ,
741 2146 884 2189 rerun'z-

172 2225 247 2261 que
274 2210 435 2261 reliquit
457 2211 632 2248 habenas
654 2212 753 2254 VII,
775 2211 883 2256 6003

172 2278 223 2313 et,
245 2281 368 2318 quum
385 2271 410 2306 J
413 2282 509 2305 anus
527 2277 625 2306 esset
642 2267 884 2315 reserandus,

174 2327 332 2362 Latinus
340 2325 460 2377 sceda
481 2326 628 2378 refitgit
645 2325 884 2371 ministeria,

178 2383 334 2419 etcoecz's
344 2398 383 2420 se
395 2384 574 2421 condidit
584 2382 737 2420 umbris.
751 2385 888 2433 Itaque

177 2442 338 2477 Turnus
358 2441 561 2479 succedere
581 2443 623 2477 in
641 2449 770 2491 partes
789 2442 890 2478 Lati-

178 2498 220 2533 ni
250 2496 389 2534 debuit
413 2511 422 2536 :
447 2511 526 2547 quo
557 2507 725 2535 assumto
743 2500 786 2535 in
810 2511 892 2534 car-

178 2554 296 2590 minis
309 2565 581 2605 argumentum
601 2565 739 2592 nactus
758 2564 815 2592 est
829 2555 893 2592 he-

178 2624 312 2655 roem,
350 2624 469 2661 quem
506 2621 662 2649 ornaret
690 2622 828 2662 poeta,
854 2621 893 2650 et

179 2681 299 2718 quem
327 2671 458 2705 AEneae
480 2678 710 2719 opponeret.
742 2671 891 2708 Princi-

180 2727 292 2775 pium
318 2725 413 2764 libri
438 2740 578 2776 parum
609 2726 812 2775 splendere
835 2729 893 2764 vi-

183 2783 321 2831 detur;
351 2792 586 2834 repetuntur
615 2796 679 2829 ea,
703 2797 791 2833 quae
815 2786 894 2832 jam

940 1115 1030 1151 satis
1060 1127 1111 1151 ex
1141 1114 1247 1152 libro
1276 1117 1478 1165 superiore
1498 1124 1650 1153 consta-

940 1172 1065 1210 bant:
1090 1185 1240 1208 nexum
1266 1170 1395 1209 tamen
1415 1181 1454 1210 et
1476 1187 1653 1225 progres-

941 1243 1030 1266 sum
1053 1243 1073 1266 a
1094 1229 1364 1279 superioribus
1390 1230 1442 1267 ad
1471 1230 1545 1267 alia
1567 1244 1655 1281 pos-

943 1287 1056 1324 cebat
1071 1289 1210 1325 oratio.
1226 1288 1408 1326 Narratio
1423 1296 1551 1338 poetae
1567 1301 1657 1338 pro-

944 1344 1047 1382 cedit
1082 1358 1103 1382 a
1131 1359 1170 1382 v.
1200 1358 1225 1394 9
1257 1343 1427 1382 Mittitur
1455 1354 1494 1382 et
1517 1346 1659 1398 magni

945 1403 1118 1439 Venulus
1139 1402 1342 1439 Diomedis
1365 1402 1423 1439 ad
1441 1402 1587 1441 urbem.
1609 1405 1657 1440 ln

942 1461 1037 1498 belh·
1056 1463 1169 1511 signo
1183 1489 1193 1506 ‚
1211 1460 1378 1507 vexillo,
1398 1473 1448 1497 ex
1463 1473 1551 1497 arce
1569 1474 1658 1511 pro—

944 1518 1093 1566 dendo,
1112 1522 1339 1556 Romanum
1356 1531 1507 1556 morem
1525 1519 1659 1556 adum-

944 1577 1075 1613 brasse
1107 1575 1233 1613 videri
1259 1584 1411 1626 potest,
1436 1577 1569 1626 quiin
1592 1589 1657 1613 eo-

943 1634 1063 1669 mitiis
1080 1642 1274 1683 superstes
1289 1634 1451 1679 mansit,
1473 1641 1521 1670 ut
1531 1634 1656 1670 vexil-

943 1690 1028 1727 lum
1046 1692 1089 1727 in
1109 1703 1196 1727 arce
1217 1690 1443 1736 tolleretur3
1470 1689 1537 1727 sed
1557 1700 1657 1742 puto

944 1749 1119 1799 argutius
1134 1747 1211 1785 hoc
1227 1761 1346 1798 quam
1358 1760 1448 1784 vere
1466 1747 1555 1785 dici.
1577 1748 1659 1800 Sig-

946 1819 1039 1842 num
1069 1814 1168 1856 puto
1196 1819 1267 1855 per
1298 1806 1383 1855 ipsa
1414 1805 1480 1843 illa
1510 1819 1659 1843 cornua

945 1876 1003 1901 vs,
1024 1863 1089 1901 alt.
1118 1863 1320 1913 explicari.
1353 1863 1416 1901 Sic
1438 1877 1527 1914 sup.
1552 1865 1633 1900 VII
1647 1891 1657 1909 ,

950 1921 997 1957 51
1008 1934 1030 1958 2
1046 1920 1258 1958 Pastorale
1270 1920 1384 1957 canit
1392 1919 1562 1971 signum,
1581 1933 1661 1958 cor-

947 1991 1076 2029 nuque
1094 1991 1251 2016 recurvo
1279 1979 1514 2015 Tartaream
1531 1977 1659 2016 incen-

945 2035 1005 2074 dic
1014 2049 1168 2075 vocem.
1180 2057 1239 2064 —-
1253 2049 1290 2075 2.
1304 2035 1548 2086 Crepuerunt
1555 2035 1662 2074 Leid.

946 2103 1177 2144 stupuerunt
1199 2093 1320 2132 Goth,
1341 2095 1418 2132 sec.

1009 2153 1047 2190 3.
1064 2152 1405 2202 Simplicissimum
1421 2159 1479 2188 est
1494 2150 1543 2188 de
1554 2163 1664 2201 appa-

951 2218 1039 2247 ratu
1064 2210 1210 2247 bellico
1239 2210 1444 2260 accipere:
1467 2207 1538 2245 ubi
1563 2209 1597 2245 T
1601 2220 1665 2243 ur-

951 2281 1026 2304 nus
1042 2280 1164 2317 equos
1181 2275 1219 2304 et
1235 2279 1339 2303 arma
1355 2265 1561 2308 excitavit,
1574 2277 1665 2314 pro—

953 2324 1067 2370 tulit,
1092 2326 1136 2362 in
1157 2324 1333 2361 medium
1362 2321 1574 2374 produxit,
1595 2334 1663 2357 ex-

955 2382 1104 2432 templo
1121 2390 1250 2419 totum
1276 2382 1430 2420 Latium
1447 2377 1496 2415 ad
1515 2377 1664 2415 bellum

957 2448 1014 2476 est
1029 2438 1327 2477 inflammatum.
1340 2439 1441 2476 Nam
1453 2434 1572 2471 simul
1579 2437 1667 2471 sim-

956 2497 1050 2547 plic.
1072 2505 1130 2534 est
1148 2497 1303 2546 copula.
1327 2491 1531 2530 Concussit
1539 2520 1550 2537 ,
1574 2505 1668 2530 con-

957 2555 1091 2591 citavit
1110 2552 1240 2590 adhuc
1264 2552 1424 2590 otiosos.
1447 2548 1595 2600 (Aliud
1611 2559 1669 2587 est

957 2618 1170 2648 concutere
1180 2608 1358 2647 habenas
1375 2607 1579 2658 equorum)
1593 2609 1670 2644 Im-

951 2667 1077 2719 pulit,
1095 2668 1221 2704 movit
1232 2694 1242 2712 ‚
1255 2665 1429 2715 adeoque
1441 2676 1561 2701 manu
1572 2673 1672 2703 trac-

959 2726 1055 2763 tavit
1077 2732 1116 2761 et
1140 2723 1320 2774 protulit.
1347 2724 1448 2762 Nam
1469 2721 1671 2772 impellere

959 2794 1073 2820 arma
1094 2782 1141 2819 de
1159 2782 1413 2831 percussione
1439 2779 1672 2830 clypeorum
