1767 3054
107 107 158 148 84
735 101 973 140 AENEIDOS

107 182 322 238 Cumque
347 173 656 238 gubernaclo,
682 172 884 235 liquidas
906 173 1105 236 projecit
1128 174 1174 219 in
1200 174 1347 220 undas

105 251 425 314 Praecipitem,
452 267 505 297 ac
530 249 680 298 socios
705 250 1023 311 nequidquam
1050 266 1173 313 saepe
1197 259 1456 296 vocantem.

1539 259 1599 290 850

104 333 211 392 Ipse
235 328 397 375 volans
419 326 570 373 tenuis
595 341 643 372 se
668 322 856 371 sustulit
877 324 970 370 ales
995 324 1054 370 ad
1079 341 1230 373 auras.

104 402 266 449 Currit
287 403 376 448 iter
397 413 551 448 tutum
575 415 671 444 non
695 399 846 444 secius
870 413 1060 459 aequore
1085 399 1264 456 classis,

103 477 443 537 Promissisque
466 474 612 536 patris
633 473 844 534 Neptuni
868 473 1082 519 interrita
1107 475 1270 519 fertur.

103 559 301 614 Jamque
327 551 444 596 adeo
465 548 683 612 scopulos
709 547 929 594 Sirenum
950 548 1144 595 advecta
1166 548 1378 608 subibat3

104 627 318 674 Difficilis
341 625 604 688 quondam,
629 625 982 687 multorumque
1006 624 1190 672 ossibus
1214 615 1366 684 albos;

1537 636 1597 665 565

104 707 223 748 Tum
249 717 392 747 rauca
412 700 609 747 adsiduo
634 700 771 762 longe
796 700 889 746 sale
914 716 1026 746 saxa
1045 699 1273 747 sonabant
1298 719 1309 745 ε

105 781 263 834 Quum
289 786 423 838 pater
448 775 616 821 amisso
642 774 903 821 fluitantem
928 791 1087 821 errare
1114 775 1337 837 magistro

106 852 283 908 Sensit,
310 861 355 896 et
385 852 480 912 ipse
507 859 654 895 ratem
678 850 921 895 nocturnis
946 850 1067 895 rexit
1092 850 1141 895 in
1165 848 1326 905 undis,

104 926 253 972 Multa
280 941 490 986 gemens,
517 940 722 984 casuque
749 924 956 970 animum
982 941 1234 971 concussus
1260 923 1409 970 amici.

105 1025 119 1040 «
149 1003 191 1045 O
216 999 414 1044 nimium
437 998 553 1043 coelo
575 1009 620 1043 et
645 998 811 1060 pelago
836 999 1007 1044 confise
1031 1015 1219 1055 sereno,

1537 1010 1596 1051 870

104 1075 269 1121 Nudus
293 1074 339 1118 in
365 1075 549 1135 ignota,
576 1072 808 1131 Palinure,
830 1073 1007 1135 jacebis
1033 1089 1173 1120 arena
1191 1076 1199 1106 ⁸
1219 1094 1238 1112 »

106 1250 319 1286 lag-averae
348 1258 454 1285 arcus
470 1261 482 1284 .·
507 1250 556 1285 Ue
568 1270 623 1275 —
634 1247 814 1298 projecit.

102 1330 158 1335 ——-
175 1307 270 1345 Cum
282 1305 428 1358 puppis
444 1316 585 1356 parce,
608 1307 709 1342 bene
729 1308 815 1343 Ser-

104 1368 191 1401 vius
210 1376 253 1401 ια
270 1368 347 1402 Pro
361 1364 577 1401 oeconomia
594 1392 603 1409 ‚
620 1372 666 1399 ut
684 1362 814 1400 triduo

104 1431 236 1459 natare
268 1423 455 1473 potuerit.
477 1440 495 1453 »
521 1419 600 1457 vid.
621 1422 700 1468 VI,
736 1422 815 1470 349

103 1494 209 1530 seqq.

164 1538 259 1575 862.
279 1539 373 1574 Non
388 1536 509 1573 serius
526 1537 652 1586 Bigot.
671 1538 816 1587 AEquo-

105 1609 149 1631 m
175 1596 269 1632 alter
300 1595 443 1633 Hamb.
466 1608 557 1631 cum
582 1596 710 1641 W1tt.‚
732 1607 814 1631 non

103 1653 262 1690 indocte
275 1681 285 1699 ‚
321 1666 391 1703 per
424 1666 593 1703 aequora.
625 1674 683 1681 —-
716 1652 811 1689 863.

104 1710 293 1747 Interrica
307 1740 316 1755 ‚
345 1712 428 1748 sine
444 1711 663 1748 offensione
674 1738 684 1756 ‚
701 1709 814 1746 nullo

103 1769 265 1805 adverso
287 1781 379 1806 casu
401 1770 597 1814 exterriti,
614 1770 814 1818 navigant.

103 1849 158 1854 ——
175 1826 256 1869 864
274 1827 430 1863 —866.
445 1827 671 1875 Respicitur
686 1827 729 1862 in
741 1823 818 1875 dff-

90 1884 215 1937 ficilis
226 1884 426 1933 quondam
437 1885 539 1920 Hom
547 1912 555 1920 .
567 1884 677 1921 locus
688 1885 762 1924 Od.
774 1904 815 1942 μ,

107 1943 158 1991 39
179 1955 262 1993 sqq.
293 1942 384 1979 166.
402 1955 475 1991 sq.,
496 1954 614 1990 quem
628 1946 816 1997 Virgilius

104 2008 191 2036 ante
216 1999 350 2037 oculos
377 1998 532 2037 hahuit.
560 2000 674 2038 Adde
691 2005 816 2054 Apol-

103 2058 185 2094 lon.
228 2059 311 2101 IV,
352 2057 429 2106 891
457 2070 589 2108 seqq.,
615 2068 653 2095 et
689 2062 814 2111 Orph.

106 2120 202 2164 Arg.
248 2116 353 2151 1232
383 2128 467 2165 sqq.
495 2114 681 2153 Difficilis
721 2119 815 2155 olim

105 2182 185 2209 erat
201 2173 401 2222 navigatio
417 2181 559 2222 praeter
581 2173 654 2211 hos
672 2188 815 2227 scopu-

106 2230 164 2266 los
198 2238 361 2280 propter
402 2230 598 2268 fabulosas
639 2233 815 2279 Sirenes;

106 2299 215 2323 nunc
234 2295 396 2336 propter
421 2286 567 2325 fluctus
589 2291 703 2326 maris
723 2292 815 2328 assi-

107 2344 185 2381 due
213 2343 261 2380 ad
299 2344 482 2394 scopulos
517 2346 720 2384 allidentes
732 2377 742 2396 ,
779 2357 817 2386 et

108 2413 247 2438 navem
281 2402 323 2438 in
352 2415 414 2438 eas
447 2403 722 2454 impingentes,
747 2407 818 2444 Te-

106 2468 223 2495 neant
246 2458 508 2497 adolescentes
521 2488 532 2507 ,
550 2474 633 2499 non
654 2462 772 2513 longe
795 2477 815 2500 a

109 2515 266 2564 Capreis
281 2518 322 2554 in
337 2519 512 2554 Paestano
532 2520 620 2555 sinu
640 2528 715 2558 tres
736 2534 815 2558 esse

106 2573 287 2611 Sirenum
310 2581 438 2623 petras
453 2572 606 2625 (νήσους
628 2577 817 2631 §sip-mou-

108 2629 193 2679 σας)
205 2629 388 2668 adversus
396 2635 714 2680 promontorium
724 2638 815 2674 Sur-

109 2687 328 2733 rentinum,
348 2686 545 2726 fluctuum
564 2691 660 2727 olim
678 2692 815 2730 allisio-

108 2758 158 2781 ne
168 2752 206 2782 et
216 2744 426 2795 naufragiis
434 2745 596 2784 infames
606 2761 616 2795 ;
633 2750 814 2800 antiquis-

884 1249 979 1284 sima
1010 1249 1109 1284 fama
1134 1250 1182 1286 iis
1211 1247 1395 1286 insedisse
1422 1250 1598 1297 Sirenes,

885 1306 932 1343 ab
952 1308 1125 1344 Homero
1147 1306 1241 1343 duas
1255 1334 1265 1352 ‚
1289 1307 1332 1343 in
1351 1319 1428 1343 una
1444 1306 1596 1354 insula3

885 1363 933 1400 ab
953 1364 1034 1402 aliis
1054 1372 1153 1411 tres;
1175 1364 1364 1413 templum
1377 1377 1538 1414 quoque
1558 1375 1596 1401 et

884 1434 987 1458 sacra
998 1423 1046 1459 iis
1063 1435 1109 1459 eo
1125 1423 1168 1459 in
1179 1422 1268 1459 loco
1281 1423 1493 1459 constituta
1509 1435 1595 1458 nar-

885 1483 960 1518 rari
1002 1483 1045 1517 in
1090 1479 1263 1517 Mirabil.
1310 1479 1595 1518 Auditionibus

883 1553 915 1576 c.
937 1554 953 1576 1
966 1553 1014 1577 10
1029 1565 1040 1584 ,
1058 1539 1128 1575 ubi
1147 1537 1196 1575 ef.
1220 1548 1303 1578 not.
1325 1540 1367 1576 in
1384 1537 1445 1575 ed.
1471 1539 1595 1576 Beck-

883 1611 988 1635 man.
1009 1597 1100 1635 Fuit
1120 1610 1169 1633 ex
1199 1596 1247 1632 iis
1271 1595 1518 1647 Parthenope
1538 1598 1594 1634 iu-

881 1657 1019 1706 primis
1032 1654 1221 1692 celebrata
1238 1654 1349 1691 urbis
1360 1656 1594 1692 nomine.—

885 1713 980 1751 866.
1003 1712 1215 1750 Tonabant
1229 1711 1379 1749 Zulich.
1397 1724 1419 1747 a
1436 1725 1487 1749 m.
1506 1726 1565 1762 pr.
1582 1742 1591 1759 ,

886 1771 954 1808 sed
973 1771 1188 1815 sonabant,
1214 1772 1429 1807 Burmann.
1448 1771 1591 1820 inquit,

885 1829 1121 1877 requiritur,
1146 1836 1190 1864 ut
1209 1828 1375 1866 sibilans
1398 1826 1514 1864 litera
1536 1841 1592 1864 re-

877 1884 1006 1934 petita
1026 1884 1214 1922 exhibeat
1233 1885 1355 1922 maris
1370 1885 1588 1923 stridorem.

884 1944 1037 1994 Argute
1065 1945 1167 1981 satis.
1197 1943 1336 1981 Malim
1358 1943 1459 1980 hanc
1482 1956 1591 1980 caus-

883 2013 963 2037 sam
982 2000 1145 2038 reddere
1166 2013 1174 2039 :
1199 2003 1353 2039 Sonare
1380 2009 1437 2038 est
1452 2000 1590 2038 vocab.

883 2059 1008 2107 poetis
1019 2059 1180 2095 solenne
1198 2057 1248 2095 de
1263 2058 1591 2105 fluetibus,etiam

884 2117 915 2151 si
934 2116 1105 2166 scopulis
1135 2115 1234 2153 allisi
1252 2112 1443 2168 fragorem
1467 2115 1590 2153 edunt

883 2186 1166 2224 granssnnum.

942 2230 1046 2278 870,
1073 2231 1168 2278 871.
1186 2234 1317 2270 AEneae
1335 2231 1454 2268 verba
1476 2238 1589 2277 sun13

883 2301 920 2325 V.
933 2287 1004 2325 lib.
1028 2289 1105 2336 VI,
1137 2303 1174 2327 v.
1215 2303 1248 2328 1.
1271 2291 1459 2326 Serenum
1492 2289 1531 2325 h.
1558 2289 1585 2325 l.

884 2346 998 2382 etiam
1045 2345 1092 2383 de
1125 2347 1262 2398 pelago
1274 2375 1285 2394 ,
1310 2347 1385 2383 nisi
1415 2359 1463 2382 ex
1496 2355 1588 2384 nota

884 2401 1006 2440 forma
1022 2405 1273 2455 interpretari
1293 2403 1388 2440 velis
1401 2430 1411 2449 ‚
1442 2411 1487 2440 ut
1505 2405 1554 2440 sit
1576 2417 1585 2441 .·

883 2461 980 2497 coelo
1003 2474 1138 2498 sereno
1160 2461 1387 2512 pelagoque
1405 2460 1584 2510 placido,

884 2518 988 2556 conf.
1012 2520 1145 2556 Burm.

940 2637 1016 2673 Pro
1050 2634 1224 2686 episodio
1254 2634 1472 2676 habendam
1507 2653 1586 2677 esse

882 2693 1068 2741 majorem
1124 2692 1217 2730 libri
1268 2702 1439 2744 partem,
1474 2709 1587 2749 nega-

881 2751 915 2787 ri
949 2751 1109 2801 nequit,
1137 2763 1210 2789 nec
1242 2759 1369 2790 tamen
1406 2753 1455 2792 ab
1479 2766 1590 2806 argu-
