1767 3054
714 139 867 177 LIBER
900 140 990 177 vu.

1529 157 1618 182 201

110 222 229 277 Quae
253 235 310 264 ne
331 225 538 263 monstra
563 213 629 275 pii
651 222 931 274 paterentur
952 209 1063 256 talia
1084 214 1231 258 Troes

111 295 265 341 Delati
290 294 336 339 in
359 301 550 356 portus,
575 305 669 334 neu
691 289 831 335 litora
858 287 962 333 dira
980 286 1219 347 subirent,

111 373 357 433 Neptunus
380 364 532 411 ventis
557 364 755 427 inplevit
782 364 886 410 vela
905 363 1150 421 secundis,

111 450 267 507 Atque
287 443 444 506 fugam
465 440 621 498 dedit,
644 453 689 488 et
713 452 887 504 praeter
910 439 1032 486 vada
1054 439 1237 486 fervida
1260 442 1408 488 vexit.

173 523 372 580 Jamque
395 515 679 563 rubescebat
707 516 847 563 radiis
873 532 1026 574 marc,
1053 528 1098 563 et
1127 515 1302 563 aethere
1323 516 1382 563 ab
1410 517 1504 564 alto
1576 531 1612 560 2⁵

109 601 296 644 Aurora
318 595 365 640 in
387 594 533 641 roseis
558 593 769 656 fulgebat
792 593 919 640 lutea
943 591 1091 655 bigis3

109 675 270 730 Quum
291 670 422 716 venti
446 685 672 733 posuere,
696 669 944 731 omnisque
968 678 1165 731 repente
1191 668 1366 715 resedit

107 746 290 805 Flatus,
313 756 358 792 et
381 746 429 791 in
450 745 576 792 lento
601 746 844 792 luctantur
872 759 1106 790 marmore
1132 755 1291 791 tonsae.

108 826 264 883 Atque
289 821 365 867 hie
387 824 555 868 AEneas
580 822 819 885 ingentem
845 836 904 866 ex
930 835 1123 882 aequore
1144 819 1302 865 lucum

108 896 341 959 Prospicit
362 915 372 942 :
394 896 520 943 hunc
544 896 668 944 inter
693 896 840 943 ssuvio
867 894 1119 942 Tiberinus
1146 910 1356 953 amoenO,
1579 907 1616 936 30

111 971 383 1018 Vorticibus
402 971 604 1036 rapidis,
625 984 670 1019 et
693 975 839 1021 multa
868 974 1016 1019 ssavus
1039 987 1206 1028 arena,

111 1132 172 1171 ap.
193 1121 330 1158 Burm.
352 1130 390 1157 et
406 1122 551 1160 Hamb.
582 1136 660 1161 sec.
684 1124 831 1163 Indue-

110 1187 175 1215 rat
191 1178 329 1215 vulcus
349 1178 473 1217 Circe.
491 1183 615 1218 Porro
631 1183 829 1222 Montalb.

113 1235 154 1272 in
175 1246 289 1287 terga
311 1236 539 1286 vultusque.
559 1259 618 1267 —
640 1241 833 1278 Induerat

112 1293 154 1329 in
175 1293 315 1330 vulcus
338 1307 388 1330 ac
415 1302 550 1346 terga,
574 1296 614 1334 h.
637 1309 828 1347 corpora,

99 1349 285 1402 firm-um
298 1364 372 1401 pro
390 1352 556 1403 vulgari,
570 1353 754 1392 induerat
764 1369 830 1394 eos

113 1409 251 1446 formis
272 1408 459 1446 ferarum.
487 1410 539 1449 cf.
558 1411 630 1448 Ge.
656 1414 673 1447 I
688 1439 699 1458 ,
724 1413 798 1460 187
817 1442 828 1460 ‚

119 1466 213 1505 188.

169 1537 240 1566 21.
263 1526 364 1582 Qua·
386 1538 437 1564 ne
461 1534 641 1566 monstra
659 1541 724 1583 p„
747 1541 827 1561 rem

109 1599 289 1628 monstro
320 1589 509 1636 similem,
549 1597 595 1626 ut
631 1599 830 1628 mutaren-

109 1657 178 1686 tur
206 1650 250 1686 in
277 1647 390 1685 feras.
425 1647 514 1692 Pii,
547 1647 731 1699 θεοφιλεῖς
765 1649 831 1686 ad-

110 1719 237 1757 eoque
268 1705 345 1743 diis
376 1718 495 1744 curae.
515 1708 610 1758 Sup.
633 1708 719 1753 111,
746 1709 829 1745 265

112 1763 188 1809 Di,
206 1762 412 1814 prohibete
436 1763 570 1801 minas
585 1777 599 1800 .·
620 1764 684 1810 di,
707 1767 830 1803 talem

113 1821 278 1858 avertite
298 1834 435 1858 casum
461 1835 475 1858 .·
505 1823 561 1859 Ec
572 1822 731 1871 placidi
754 1838 833 1861 ser-

112 1887 202 1915 vate
222 1880 323 1929 pios.
346 1880 451 1916 Mox
477 1886 531 1923 24
541 1879 650 1931 fuga
677 1895 751 1931 pro
770 1895 832 1919 ce-

111 1936 185 1972 leri
202 1949 322 1973 cursu
331 1944 371 1972 et
381 1937 631 1988 navigatione
640 1967 651 1984 ,
664 1948 703 1976 et
715 1951 725 1977 :
732 1953 835 1989 pra·-

113 1993 284 2031 terveoeit
310 2006 376 2031 eos
409 2007 481 2045 per
508 1994 625 2032 vada
643 1995 828 2048 fervida,

114 2064 221 2089 mare
233 2059 445 2089 aestuosum
456 2080 466 2099 ,
479 2061 524 2091 ut
534 2054 638 2090 circa
650 2067 834 2105 promon-

114 2110 214 2147 toria
231 2109 344 2149 solet.

185 2169 239 2205 25
257 2189 317 2197 —-
337 2168 405 2206 28.
444 2167 570 2206 Valde
619 2177 834 2221 opero'sum

113 2225 269 2263 cultum
308 2226 493 2275 adjecisse
530 2226 689 2265 videtur
721 2238 836 2279 poeta

112 2283 175 2321 his
207 2284 412 2331 versibus,
447 2287 621 2336 primum
654 2286 835 2324 colorum

112 2342 325 2389 varietate,
350 2351 436 2380 tum
471 2344 739 2394 epitheton-um
769 2358 834 2381 co-

113 2401 203 2450 pia,
228 2409 268 2438 et
295 2400 511 2438 verborum
541 2403 743 2452 pondere,
775 2404 834 2439 in-

113 2459 253 2508 primis
271 2472 310 2497 v.
334 2460 385 2496 28
407 2459 449 2496 in
472 2460 580 2497 lento
595 2489 604 2504 ,
631 2462 797 2497 immoto
814 2474 833 2496 a

114 2517 263 2563 ventis,
280 2518 379 2555 mari
391 2517 596 2556 luctantur
604 2520 725 2556 remi:
743 2532 836 2556 veu-

114 2580 157 2612 to
192 2583 390 2623 cessante,
418 2577 488 2627 qui
521 2590 663 2614 navem
689 2585 831 2627 ageret.

115 2631 301 2671 caussam
324 2635 423 2672 tanti
441 2644 607 2673 ornatus
634 2637 678 2672 in
697 2648 744 2671 eo
770 2636 830 2671 in-

115 2691 251 2728 venire
271 2690 388 2740 licet,
418 2693 529 2743 quod
559 2692 607 2730 de
639 2702 732 2731 ortu
757 2705 832 2729 me-

115 2746 316 2787 morabilis
333 2758 372 2787 et
387 2753 518 2802 magni
532 2753 645 2788 istius
663 2752 742 2788 diei
760 2752 834 2802 agi-

115 2812 181 2842 tur
194 2833 203 2851 ,
221 2820 302 2857 quo
318 2809 492 2860 primum
512 2810 663 2848 Italiam
684 2810 790 2847 illam
812 2823 831 2846 a

901 1123 985 1160 fatis
1001 1122 1234 1174 promissam
1258 1118 1420 1158 adibant
1442 1120 1619 1168 Trojani.

898 1205 955 1211 —
970 1182 1036 1218 26.
1055 1183 1104 1217 In
1121 1178 1269 1216 croceis
1289 1180 1394 1227 conj.
1413 1178 1620 1218 Schrader.

899 1240 947 1276 ad
969 1241 1191 1283 Musaeum,
1211 1251 1251 1287 p.
1276 1237 1373 1286 289.
1398 1237 1475 1275 Sed
1498 1238 1541 1273 in
1560 1249 1620 1274 ro-

897 1297 973 1334 seis
998 1296 1098 1346 begis
1135 1308 1218 1332 non
1246 1303 1322 1331 tam
1351 1303 1432 1331 erat
1464 1294 1618 1332 haeren—

897 1354 992 1391 dum
1002 1381 1013 1399 ‚
1026 1365 1146 1402 quam
1161 1354 1201 1389 in
1217 1353 1315 1388 mira
1328 1352 1510 1389 colorum
1526 1360 1621 1390 tem-

895 1413 1100 1462 peratione
1118 1422 1127 1447 :
1147 1418 1239 1461 post
1261 1409 1466 1447 mbescens
1492 1423 1621 1456 mare,

896 1482 1022 1506 roseoe
1046 1468 1148 1519 higae
1174 1477 1214 1505 et
1245 1468 1356 1505 lutea
1386 1481 1541 1506 aurora.
1563 1489 1620 1496 —

892 1526 1158 1567 Posuerescil.
1175 1539 1215 1566 se
1228 1554 1239 1574 ,
1252 1527 1452 1578 quievere.
1468 1529 1522 1576 X,
1540 1527 1626 1568 103-

901 1591 999 1628 Tum
1033 1585 1212 1638 Zephyri
1228 1599 1413 1637 posuere.
1442 1590 1499 1625 At
1529 1601 1620 1639 sup,

897 1650 935 1685 V
949 1676 959 1695 ‚
981 1646 1033 1684 68
1046 1659 1061 1683 1
1070 1646 1262 1700 flamma·
1290 1654 1412 1696 acque
1431 1645 1622 1684 incendia

899 1705 1005 1743 vires
1009 1718 1192 1755 posuere.
1210 1706 1335 1742 Porro
1353 1717 1532 1742 marmor
1544 1718 1620 1756 pro

898 1765 997 1801 mari
1031 1763 1111 1800 dici
1147 1763 1399 1800 notissimum
1422 1771 1502 1809 est3
1524 1775 1621 1801 usus

898 1830 1031 1859 tamen
1053 1833 1206 1858 caussas
1239 1833 1436 1870 nusquam
1471 1821 1623 1870 apposi-

900 1888 956 1916 tas
986 1878 1084 1916 vidi.
1109 1880 1146 1916 A
1170 1879 1321 1916 Graecis
1347 1877 1513 1915 ductum
1538 1890 1619 1916 esse

901 1937 1153 1974 manifestum
1186 1934 1245 1973 fit.
1267 1933 1510 1989 Μαρμαρέην
1537 1933 1619 1974 ἅλα.

899 1995 1056 2031 dixerat
1067 1996 1230 2032 Homer.
1242 1993 1472 2038 candidum,
1489 1993 1623 2042 splen·

900 2053 1001 2090 dens
1019 2052 1115 2089 sole.
1145 2053 1307 2088 Dictum
1338 2048 1563 2104 μαρμάρεος
1581 2059 1622 2088 et

902 2109 1013 2173 wipo.
1016 2123 1062 2162 αρ
1069 2122 1127 2154 ος,
1142 2109 1251 2146 unde
1265 2122 1316 2146 π’,
1312 2107 1403 2153 ν’·ῐος
1415 2106 1621 2162 μάρμαρος

901 2178 940 2206 et
962 2165 1013 2206 τὰ
1045 2166 1238 2221 μάρμαρα
1255 2165 1411 2204 πόντου·
1433 2168 1528 2204 hinc
1548 2169 1620 2205 La-

904 2228 976 2264 tini
993 2235 1120 2277 poetae
1140 2238 1343 2262 marmora
1353 2224 1503 2292 pelagi
1522 2225 1620 2263 fece-

902 2298 962 2329 re,
989 2293 1034 2320 ut
1068 2283 1270 2329 Catullus,
1294 2284 1386 2334 quia
1416 2281 1621 2338 μάρμαρος

901 2342 1060 2394 πέτρος,
1098 2341 1140 2380 h.
1176 2355 1210 2379 e.
1244 2339 1376 2386 λευκὸς
1409 2342 1530 2380 latine
1564 2350 1623 2379 est

903 2413 1089 2439 marmor.
1109 2401 1168 2437 Ita
1184 2399 1344 2437 tandem
1362 2413 1541 2437 marmor
1558 2400 1622 2437 ab·

900 2458 1027 2495 solute
1044 2470 1117 2508 pro
1135 2458 1254 2502 mari,
1282 2467 1328 2495 ut
1350 2471 1507 2509 oequor,
1528 2459 1622 2509 quia

902 2517 1032 2554 Graeci
1061 2515 1200 2554 dixere
1228 2513 1370 2554 πλάκα
1390 2513 1558 2561 πόντου;
1583 2524 1623 2553 et

899 2573 1061 2626 quidem
1093 2575 1172 2623 jam
1201 2574 1307 2625 apud
1334 2576 1533 2620 Ennium,
1562 2586 1620 2611 se-

901 2632 1079 2670 cuudum
1091 2633 1281 2679 Gellium,
1296 2635 1349 2679 11,
1362 2633 1437 2670 26:
1453 2635 1625 2670 Verrunt

899 2692 1100 2742 extemplo
1112 2691 1278 2743 placide
1295 2704 1406 2728 marc
1426 2703 1623 2728 marmore

885 2798 889 2802 .
896 2750 930 2798 ll
937 2763 1025 2789 ανο.

963 2822 1015 2859 29
1033 2832 1089 2838 —
1106 2808 1172 2847 36.
1205 2807 1332 2848 Simili
1359 2820 1447 2846 cnm
1470 2805 1622 2854 judicio
