<?xml version="1.0" encoding="UTF-8"?>
<!DOCTYPE html PUBLIC "-//W3C//DTD XHTML 1.0 Transitional//EN"
    "http://www.w3.org/TR/xhtml1/DTD/xhtml1-transitional.dtd">
<html xmlns="http://www.w3.org/1999/xhtml" xml:lang="en" lang="en">
 <head>
  <title>
</title>
<meta http-equiv="Content-Type" content="text/html;charset=utf-8" />
  <meta name='ocr-system' content='tesseract 3.04.00' />
  <meta name='ocr-capabilities' content='ocr_page ocr_carea ocr_par ocr_line ocrx_word'/>
</head>
<body>
  <div class='ocr_page' id='page_1' title='image "./operahey03virguoft_0372.png"; bbox 0 0 1767 3054; ppageno 0'>
   <div class='ocr_carea' id='block_1_1' title="bbox 194 98 1123 142">
    <p class='ocr_par' dir='ltr' id='par_1_1' title="bbox 194 98 1123 142">
     <span class='ocr_line' id='line_1_1' title="bbox 194 98 1123 142; baseline -0.006 0"><span class='ocrx_word' id='word_1_1' title='bbox 194 106 243 142; x_wconf 81' lang='lat'>36</span> <span class='ocrx_word' id='word_1_2' title='bbox 252 117 276 141; x_wconf 74' lang='lat'>‘2</span> <span class='ocrx_word' id='word_1_3' title='bbox 776 98 1051 138; x_wconf 80' lang='lat' dir='ltr'>EXCURSUS</span> <span class='ocrx_word' id='word_1_4' title='bbox 1083 99 1123 135; x_wconf 85' lang='grc' dir='ltr'>ΙΙ</span> 
     </span>
    </p>
   </div>
   <div class='ocr_carea' id='block_1_2' title="bbox 643 398 1249 466">
    <p class='ocr_par' dir='ltr' id='par_1_2' title="bbox 643 398 1249 466">
     <span class='ocr_line' id='line_1_2' title="bbox 643 398 1249 466; baseline -0.002 0"><span class='ocrx_word' id='word_1_5' title='bbox 643 398 1122 466; x_wconf 85' lang='lat' dir='ltr'><strong>EXCURSUS</strong></span> <span class='ocrx_word' id='word_1_6' title='bbox 1170 400 1249 466; x_wconf 92' lang='lat' dir='ltr'>II.</span> 
     </span>
    </p>
   </div>
   <div class='ocr_carea' id='block_1_3' title="bbox 781 584 1113 657">
    <p class='ocr_par' dir='ltr' id='par_1_3' title="bbox 781 584 1113 657">
     <span class='ocr_line' id='line_1_3' title="bbox 781 584 1113 657; baseline 0 -20"><span class='ocrx_word' id='word_1_7' title='bbox 781 585 874 637; x_wconf 84' lang='lat' dir='ltr'>De</span> <span class='ocrx_word' id='word_1_8' title='bbox 903 584 958 637; x_wconf 93' lang='lat' dir='ltr'><em>E</em></span> <span class='ocrx_word' id='word_1_9' title='bbox 961 601 1113 657; x_wconf 72' lang='lat' dir='ltr'>ryce.</span> 
     </span>
    </p>
   </div>
   <div class='ocr_carea' id='block_1_4' title="bbox 194 756 1767 1017">
    <p class='ocr_par' dir='ltr' id='par_1_4' title="bbox 194 756 1767 1017">
     <span class='ocr_line' id='line_1_4' title="bbox 252 756 1767 812; baseline -0.003 -9"><span class='ocrx_word' id='word_1_10' title='bbox 252 767 289 803; x_wconf 80' lang='lat' dir='ltr'><strong>V</strong></span> <span class='ocrx_word' id='word_1_11' title='bbox 303 793 313 811; x_wconf 86' lang='lat'>‚</span> <span class='ocrx_word' id='word_1_12' title='bbox 341 765 393 802; x_wconf 82' lang='lat'>23</span> <span class='ocrx_word' id='word_1_13' title='bbox 410 791 420 810; x_wconf 84' lang='lat'><strong><em>‚</em></strong></span> <span class='ocrx_word' id='word_1_14' title='bbox 444 768 497 806; x_wconf 78' lang='lat'>24</span> <span class='ocrx_word' id='word_1_15' title='bbox 517 761 604 799; x_wconf 85' lang='lat' dir='ltr'>Nec</span> <span class='ocrx_word' id='word_1_16' title='bbox 627 759 744 798; x_wconf 74' lang='lat' dir='ltr'>litora</span> <span class='ocrx_word' id='word_1_17' title='bbox 763 759 884 812; x_wconf 78' lang='lat' dir='ltr'>longe</span> <span class='ocrx_word' id='word_1_18' title='bbox 902 760 1002 796; x_wconf 83' lang='lat' dir='ltr'>Esse</span> <span class='ocrx_word' id='word_1_19' title='bbox 1017 757 1309 811; x_wconf 74' lang='lat' dir='ltr'>reor-fraterna</span> <span class='ocrx_word' id='word_1_20' title='bbox 1328 756 1470 808; x_wconf 80' lang='lat' dir='ltr'><em>Erycis</em></span> <span class='ocrx_word' id='word_1_21' title='bbox 1486 767 1708 811; x_wconf 80' lang='lat' dir='ltr'>portusque</span> <span class='ocrx_word' id='word_1_22' title='bbox 1763 799 1767 803; x_wconf 67' lang='grc'>,</span> 
     </span>
     <span class='ocr_line' id='line_1_5' title="bbox 198 827 1706 879; baseline -0.003 -10"><span class='ocrx_word' id='word_1_23' title='bbox 198 832 376 870; x_wconf 77' lang='lat' dir='ltr'><em>Sicanos.</em></span> <span class='ocrx_word' id='word_1_24' title='bbox 395 830 512 869; x_wconf 88' lang='lat' dir='ltr'>Adde</span> <span class='ocrx_word' id='word_1_25' title='bbox 532 843 571 868; x_wconf 84' lang='lat' dir='ltr'>v.</span> <span class='ocrx_word' id='word_1_26' title='bbox 603 830 681 879; x_wconf 84' lang='lat'>391</span> <span class='ocrx_word' id='word_1_27' title='bbox 696 857 706 876; x_wconf 85' lang='lat'>‚</span> <span class='ocrx_word' id='word_1_28' title='bbox 741 829 845 878; x_wconf 82' lang='lat'><strong>392,</strong></span> <span class='ocrx_word' id='word_1_29' title='bbox 868 829 949 872; x_wconf 75' lang='lat'>403</span> <span class='ocrx_word' id='word_1_30' title='bbox 966 856 976 875; x_wconf 88' lang='lat'><strong>,</strong></span> <span class='ocrx_word' id='word_1_31' title='bbox 998 834 1080 873; x_wconf 80' lang='lat'>412</span> <span class='ocrx_word' id='word_1_32' title='bbox 1109 841 1167 878; x_wconf 87' lang='lat' dir='ltr'>sq.</span> <span class='ocrx_word' id='word_1_33' title='bbox 1193 835 1232 865; x_wconf 91' lang='lat' dir='ltr'>et</span> <span class='ocrx_word' id='word_1_34' title='bbox 1255 827 1498 878; x_wconf 84' lang='lat'>759—761.</span> <span class='ocrx_word' id='word_1_35' title='bbox 1523 829 1622 866; x_wconf 86' lang='lat' dir='ltr'>Tum</span> <span class='ocrx_word' id='word_1_36' title='bbox 1640 827 1706 865; x_wconf 75' lang='lat' dir='ltr'>rvi-</span> 
     </span>
     <span class='ocr_line' id='line_1_6' title="bbox 194 894 1708 946; baseline -0.001 -11"><span class='ocrx_word' id='word_1_37' title='bbox 194 899 289 935; x_wconf 86' lang='lat' dir='ltr'>cina</span> <span class='ocrx_word' id='word_1_38' title='bbox 307 897 424 935; x_wconf 78' lang='lat' dir='ltr'>astris</span> <span class='ocrx_word' id='word_1_39' title='bbox 443 896 617 946; x_wconf 75' lang='lat' dir='ltr'>Erycino</span> <span class='ocrx_word' id='word_1_40' title='bbox 638 896 679 933; x_wconf 82' lang='lat' dir='ltr'>in</span> <span class='ocrx_word' id='word_1_41' title='bbox 692 895 847 933; x_wconf 74' lang='lat' dir='ltr'>vertice</span> <span class='ocrx_word' id='word_1_42' title='bbox 869 895 982 932; x_wconf 81' lang='lat' dir='ltr'>sedes</span> <span class='ocrx_word' id='word_1_43' title='bbox 1000 895 1210 933; x_wconf 79' lang='lat' dir='ltr'>Fundatur</span> <span class='ocrx_word' id='word_1_44' title='bbox 1226 894 1376 933; x_wconf 81' lang='lat' dir='ltr'>Veneri</span> <span class='ocrx_word' id='word_1_45' title='bbox 1389 894 1538 933; x_wconf 79' lang='lat' dir='ltr'>Jdalioe</span> <span class='ocrx_word' id='word_1_46' title='bbox 1550 923 1562 943; x_wconf 90' lang='lat'>‚</span> <span class='ocrx_word' id='word_1_47' title='bbox 1583 905 1708 934; x_wconf 82' lang='lat' dir='ltr'>tumu-</span> 
     </span>
     <span class='ocr_line' id='line_1_7' title="bbox 196 961 1385 1017; baseline -0.002 -15"><span class='ocrx_word' id='word_1_48' title='bbox 196 966 315 1017; x_wconf 80' lang='lat' dir='ltr'><em>loque</em></span> <span class='ocrx_word' id='word_1_49' title='bbox 334 965 518 1003; x_wconf 81' lang='lat' dir='ltr'><em>sacerdos</em></span> <span class='ocrx_word' id='word_1_50' title='bbox 542 966 604 1002; x_wconf 86' lang='lat' dir='ltr'>Ac</span> <span class='ocrx_word' id='word_1_51' title='bbox 625 964 733 1001; x_wconf 81' lang='lat' dir='ltr'>lucus</span> <span class='ocrx_word' id='word_1_52' title='bbox 752 964 837 1001; x_wconf 84' lang='lat' dir='ltr'>late</span> <span class='ocrx_word' id='word_1_53' title='bbox 853 976 969 1000; x_wconf 79' lang='lat' dir='ltr'>sacer</span> <span class='ocrx_word' id='word_1_54' title='bbox 985 962 1151 1000; x_wconf 78' lang='lat' dir='ltr'>additur</span> <span class='ocrx_word' id='word_1_55' title='bbox 1168 961 1385 1000; x_wconf 72' lang='lat' dir='ltr'>Anchiseo.</span> 
     </span>
    </p>
   </div>
   <div class='ocr_carea' id='block_1_5' title="bbox 194 1040 1718 2507">
    <p class='ocr_par' dir='ltr' id='par_1_5' title="bbox 194 1040 1718 2507">
     <span class='ocr_line' id='line_1_8' title="bbox 252 1040 1710 1090; baseline 0 -11"><span class='ocrx_word' id='word_1_56' title='bbox 252 1043 358 1080; x_wconf 83' lang='lat' dir='ltr'>Mela</span> <span class='ocrx_word' id='word_1_57' title='bbox 376 1045 430 1089; x_wconf 91' lang='lat'>11,</span> <span class='ocrx_word' id='word_1_58' title='bbox 452 1056 472 1089; x_wconf 82' lang='lat'><strong>7</strong></span> <span class='ocrx_word' id='word_1_59' title='bbox 500 1041 701 1079; x_wconf 76' lang='lat' dir='ltr'>,Montium</span> <span class='ocrx_word' id='word_1_60' title='bbox 717 1043 833 1090; x_wconf 77' lang='lat' dir='ltr'>Eryx</span> <span class='ocrx_word' id='word_1_61' title='bbox 853 1040 1037 1078; x_wconf 72' lang='lat' dir='ltr'>maxime</span> <span class='ocrx_word' id='word_1_62' title='bbox 1059 1051 1314 1088; x_wconf 85' lang='lat' dir='ltr'>memoratur,</span> <span class='ocrx_word' id='word_1_63' title='bbox 1336 1040 1388 1077; x_wconf 86' lang='lat' dir='ltr'>ab</span> <span class='ocrx_word' id='word_1_64' title='bbox 1404 1040 1611 1078; x_wconf 80' lang='lat' dir='ltr'><em>delubrum</em></span> <span class='ocrx_word' id='word_1_65' title='bbox 1632 1043 1671 1077; x_wconf 91' lang='lat' dir='ltr'><em>V</em></span> <span class='ocrx_word' id='word_1_66' title='bbox 1668 1054 1710 1079; x_wconf 85' lang='lat' dir='ltr'>e·</span> 
     </span>
     <span class='ocr_line' id='line_1_9' title="bbox 197 1108 1710 1160; baseline -0.001 -13"><span class='ocrx_word' id='word_1_67' title='bbox 197 1110 302 1147; x_wconf 73' lang='lat' dir='ltr'>netis</span> <span class='ocrx_word' id='word_1_68' title='bbox 333 1109 383 1146; x_wconf 86' lang='lat' dir='ltr'>ab</span> <span class='ocrx_word' id='word_1_69' title='bbox 417 1110 555 1148; x_wconf 86' lang='lat' dir='ltr'>AEnea</span> <span class='ocrx_word' id='word_1_70' title='bbox 582 1108 803 1146; x_wconf 80' lang='lat' dir='ltr'>conditum.</span> <span class='ocrx_word' id='word_1_71' title='bbox 828 1111 891 1146; x_wconf 86' lang='lat' dir='ltr'>Ex</span> <span class='ocrx_word' id='word_1_72' title='bbox 919 1108 1076 1160; x_wconf 80' lang='lat' dir='ltr'>vulgari</span> <span class='ocrx_word' id='word_1_73' title='bbox 1104 1109 1295 1159; x_wconf 81' lang='lat' dir='ltr'>opinione</span> <span class='ocrx_word' id='word_1_74' title='bbox 1323 1121 1473 1146; x_wconf 89' lang='lat' dir='ltr'>nomen</span> <span class='ocrx_word' id='word_1_75' title='bbox 1502 1108 1554 1145; x_wconf 86' lang='lat' dir='ltr'>ab</span> <span class='ocrx_word' id='word_1_76' title='bbox 1579 1109 1710 1159; x_wconf 82' lang='lat' dir='ltr'>Eryce</span> 
     </span>
     <span class='ocr_line' id='line_1_10' title="bbox 195 1174 1711 1227; baseline -0.001 -13"><span class='ocrx_word' id='word_1_77' title='bbox 195 1177 362 1215; x_wconf 87' lang='lat' dir='ltr'>ductum</span> <span class='ocrx_word' id='word_1_78' title='bbox 375 1205 386 1224; x_wconf 90' lang='lat'>,</span> <span class='ocrx_word' id='word_1_79' title='bbox 419 1189 540 1227; x_wconf 90' lang='lat' dir='ltr'>quem</span> <span class='ocrx_word' id='word_1_80' title='bbox 559 1175 657 1214; x_wconf 87' lang='lat' dir='ltr'>adeo</span> <span class='ocrx_word' id='word_1_81' title='bbox 682 1184 800 1226; x_wconf 88' lang='lat' dir='ltr'>poeta</span> <span class='ocrx_word' id='word_1_82' title='bbox 826 1174 941 1212; x_wconf 87' lang='lat' dir='ltr'>docte</span> <span class='ocrx_word' id='word_1_83' title='bbox 961 1183 1001 1213; x_wconf 84' lang='lat' dir='ltr'>et</span> <span class='ocrx_word' id='word_1_84' title='bbox 1032 1176 1167 1225; x_wconf 88' lang='lat' dir='ltr'>ipsum</span> <span class='ocrx_word' id='word_1_85' title='bbox 1184 1177 1229 1212; x_wconf 91' lang='lat' dir='ltr'>in</span> <span class='ocrx_word' id='word_1_86' title='bbox 1253 1176 1428 1213; x_wconf 85' lang='lat' dir='ltr'><strong>carmine</strong></span> <span class='ocrx_word' id='word_1_87' title='bbox 1448 1177 1711 1223; x_wconf 85' lang='lat' dir='ltr'>memoravit,</span> 
     </span>
     <span class='ocr_line' id='line_1_11' title="bbox 195 1240 1711 1296; baseline 0.001 -15"><span class='ocrx_word' id='word_1_88' title='bbox 195 1259 235 1284; x_wconf 79' lang='lat' dir='ltr'>v.</span> <span class='ocrx_word' id='word_1_89' title='bbox 262 1247 340 1295; x_wconf 79' lang='lat'>391</span> <span class='ocrx_word' id='word_1_90' title='bbox 362 1257 442 1294; x_wconf 89' lang='lat' dir='ltr'>seq.</span> <span class='ocrx_word' id='word_1_91' title='bbox 465 1245 581 1292; x_wconf 76' lang='lat' dir='ltr'>Eryx</span> <span class='ocrx_word' id='word_1_92' title='bbox 596 1242 662 1280; x_wconf 81' lang='lat' dir='ltr'>hic</span> <span class='ocrx_word' id='word_1_93' title='bbox 682 1243 866 1293; x_wconf 81' lang='lat' dir='ltr'><strong>pugilatu</strong></span> <span class='ocrx_word' id='word_1_94' title='bbox 882 1242 1030 1280; x_wconf 73' lang='lat' dir='ltr'>nobilis</span> <span class='ocrx_word' id='word_1_95' title='bbox 1043 1269 1054 1289; x_wconf 89' lang='lat'><strong><em>‚</em></strong></span> <span class='ocrx_word' id='word_1_96' title='bbox 1072 1244 1240 1280; x_wconf 85' lang='lat' dir='ltr'>Veneris</span> <span class='ocrx_word' id='word_1_97' title='bbox 1257 1256 1278 1280; x_wconf 89' lang='lat' dir='ltr'>e</span> <span class='ocrx_word' id='word_1_98' title='bbox 1292 1246 1392 1281; x_wconf 87' lang='lat' dir='ltr'>Buta</span> <span class='ocrx_word' id='word_1_99' title='bbox 1406 1240 1514 1280; x_wconf 85' lang='lat' dir='ltr'>filius</span> <span class='ocrx_word' id='word_1_100' title='bbox 1533 1242 1599 1296; x_wconf 85' lang='lat' dir='ltr'>(v.</span> <span class='ocrx_word' id='word_1_101' title='bbox 1623 1245 1711 1296; x_wconf 81' lang='lat' dir='ltr'>Hy-</span> 
     </span>
     <span class='ocr_line' id='line_1_12' title="bbox 196 1309 1712 1363; baseline -0.001 -14"><span class='ocrx_word' id='word_1_102' title='bbox 196 1313 277 1363; x_wconf 86' lang='lat' dir='ltr'>gin.</span> <span class='ocrx_word' id='word_1_103' title='bbox 300 1312 326 1350; x_wconf 88' lang='lat' dir='ltr'>f.</span> <span class='ocrx_word' id='word_1_104' title='bbox 350 1311 453 1358; x_wconf 86' lang='lat'><strong>260,</strong></span> <span class='ocrx_word' id='word_1_105' title='bbox 478 1310 573 1347; x_wconf 86' lang='lat' dir='ltr'>alios</span> <span class='ocrx_word' id='word_1_106' title='bbox 601 1323 663 1360; x_wconf 87' lang='lat' dir='ltr'>ap.</span> <span class='ocrx_word' id='word_1_107' title='bbox 695 1309 854 1348; x_wconf 89' lang='lat' dir='ltr'>Cluver.</span> <span class='ocrx_word' id='word_1_108' title='bbox 879 1309 987 1349; x_wconf 86' lang='lat' dir='ltr'>Sicil.</span> <span class='ocrx_word' id='word_1_109' title='bbox 1006 1317 1086 1348; x_wconf 87' lang='lat' dir='ltr'>ant.</span> <span class='ocrx_word' id='word_1_110' title='bbox 1111 1322 1152 1360; x_wconf 91' lang='lat' dir='ltr'>p.</span> <span class='ocrx_word' id='word_1_111' title='bbox 1175 1310 1258 1360; x_wconf 86' lang='lat'>269</span> <span class='ocrx_word' id='word_1_112' title='bbox 1279 1309 1416 1362; x_wconf 89' lang='lat' dir='ltr'>sqq.)‚</span> <span class='ocrx_word' id='word_1_113' title='bbox 1440 1311 1618 1348; x_wconf 83' lang='lat' dir='ltr'>etiamin</span> <span class='ocrx_word' id='word_1_114' title='bbox 1634 1323 1712 1348; x_wconf 87' lang='lat' dir='ltr'>nu-</span> 
     </span>
     <span class='ocr_line' id='line_1_13' title="bbox 194 1377 1711 1429; baseline 0.001 -14"><span class='ocrx_word' id='word_1_115' title='bbox 194 1380 269 1415; x_wconf 84' lang='lat' dir='ltr'>mis</span> <span class='ocrx_word' id='word_1_116' title='bbox 289 1381 595 1428; x_wconf 83' lang='lat' dir='ltr'>Segestanorum</span> <span class='ocrx_word' id='word_1_117' title='bbox 612 1378 770 1416; x_wconf 77' lang='lat' dir='ltr'>obvius.</span> <span class='ocrx_word' id='word_1_118' title='bbox 787 1391 826 1415; x_wconf 84' lang='lat' dir='ltr'>v.</span> <span class='ocrx_word' id='word_1_119' title='bbox 846 1378 1064 1415; x_wconf 84' lang='lat' dir='ltr'>Burmann.</span> <span class='ocrx_word' id='word_1_120' title='bbox 1086 1377 1136 1414; x_wconf 87' lang='lat' dir='ltr'>ad</span> <span class='ocrx_word' id='word_1_121' title='bbox 1154 1378 1192 1417; x_wconf 84' lang='lat' dir='ltr'>N</span> <span class='ocrx_word' id='word_1_122' title='bbox 1195 1379 1353 1416; x_wconf 81' lang='lat' dir='ltr'>umism.</span> <span class='ocrx_word' id='word_1_123' title='bbox 1369 1378 1446 1417; x_wconf 85' lang='lat' dir='ltr'>Sic.</span> <span class='ocrx_word' id='word_1_124' title='bbox 1463 1390 1503 1427; x_wconf 86' lang='lat' dir='ltr'>p.</span> <span class='ocrx_word' id='word_1_125' title='bbox 1525 1377 1606 1427; x_wconf 82' lang='lat'>396</span> <span class='ocrx_word' id='word_1_126' title='bbox 1624 1391 1711 1429; x_wconf 85' lang='lat' dir='ltr'><strong>sqq.</strong></span> 
     </span>
     <span class='ocr_line' id='line_1_14' title="bbox 198 1445 1713 1498; baseline 0 -14"><span class='ocrx_word' id='word_1_127' title='bbox 198 1450 246 1484; x_wconf 91' lang='lat' dir='ltr'>In</span> <span class='ocrx_word' id='word_1_128' title='bbox 268 1448 539 1498; x_wconf 75' lang='lat' dir='ltr'>Erycinorum</span> <span class='ocrx_word' id='word_1_129' title='bbox 575 1446 709 1482; x_wconf 85' lang='lat' dir='ltr'>numis</span> <span class='ocrx_word' id='word_1_130' title='bbox 739 1445 846 1495; x_wconf 87' lang='lat' dir='ltr'>apud</span> <span class='ocrx_word' id='word_1_131' title='bbox 878 1449 1065 1484; x_wconf 87' lang='lat' dir='ltr'>Parutam</span> <span class='ocrx_word' id='word_1_132' title='bbox 1095 1454 1134 1482; x_wconf 86' lang='lat' dir='ltr'>et</span> <span class='ocrx_word' id='word_1_133' title='bbox 1156 1446 1383 1484; x_wconf 90' lang='lat' dir='ltr'>Pelerinum</span> <span class='ocrx_word' id='word_1_134' title='bbox 1411 1447 1496 1496; x_wconf 86' lang='lat' dir='ltr'>ipsc</span> <span class='ocrx_word' id='word_1_135' title='bbox 1518 1446 1713 1484; x_wconf 82' lang='lat' dir='ltr'>Hercules</span> 
     </span>
     <span class='ocr_line' id='line_1_15' title="bbox 199 1511 1714 1564; baseline 0 -13"><span class='ocrx_word' id='word_1_136' title='bbox 199 1527 411 1551; x_wconf 87' lang='lat' dir='ltr'>occurrere</span> <span class='ocrx_word' id='word_1_137' title='bbox 430 1512 601 1549; x_wconf 83' lang='lat' dir='ltr'>videtur.</span> <span class='ocrx_word' id='word_1_138' title='bbox 628 1511 748 1561; x_wconf 88' lang='lat' dir='ltr'>Quod</span> <span class='ocrx_word' id='word_1_139' title='bbox 774 1513 819 1548; x_wconf 89' lang='lat' dir='ltr'>in</span> <span class='ocrx_word' id='word_1_140' title='bbox 845 1521 981 1549; x_wconf 83' lang='lat' dir='ltr'>monte</span> <span class='ocrx_word' id='word_1_141' title='bbox 999 1515 1129 1563; x_wconf 83' lang='lat' dir='ltr'><strong>Eryce</strong></span> <span class='ocrx_word' id='word_1_142' title='bbox 1152 1513 1230 1550; x_wconf 83' lang='lat' dir='ltr'>fuit</span> <span class='ocrx_word' id='word_1_143' title='bbox 1245 1513 1441 1564; x_wconf 87' lang='lat' dir='ltr'>templum</span> <span class='ocrx_word' id='word_1_144' title='bbox 1461 1515 1630 1551; x_wconf 78' lang='lat' dir='ltr'>Veneris</span> <span class='ocrx_word' id='word_1_145' title='bbox 1647 1526 1714 1550; x_wconf 87' lang='lat' dir='ltr'>an-</span> 
     </span>
     <span class='ocr_line' id='line_1_16' title="bbox 201 1577 1714 1632; baseline -0.001 -14"><span class='ocrx_word' id='word_1_146' title='bbox 201 1582 470 1632; x_wconf 77' lang='lat' dir='ltr'>tiquissimum</span> <span class='ocrx_word' id='word_1_147' title='bbox 485 1607 495 1626; x_wconf 89' lang='lat'><strong><em>,</em></strong></span> <span class='ocrx_word' id='word_1_148' title='bbox 516 1587 563 1615; x_wconf 88' lang='lat' dir='ltr'>ut</span> <span class='ocrx_word' id='word_1_149' title='bbox 586 1577 636 1614; x_wconf 83' lang='lat' dir='ltr'>ad</span> <span class='ocrx_word' id='word_1_150' title='bbox 656 1577 892 1615; x_wconf 84' lang='lat' dir='ltr'>Phoenicum</span> <span class='ocrx_word' id='word_1_151' title='bbox 912 1580 1090 1617; x_wconf 80' lang='lat' dir='ltr'>Astartes</span> <span class='ocrx_word' id='word_1_152' title='bbox 1107 1579 1340 1630; x_wconf 73' lang='lat' dir='ltr'>religionem</span> <span class='ocrx_word' id='word_1_153' title='bbox 1355 1608 1366 1627; x_wconf 85' lang='lat'>,</span> <span class='ocrx_word' id='word_1_154' title='bbox 1387 1593 1472 1617; x_wconf 92' lang='lat' dir='ltr'>non</span> <span class='ocrx_word' id='word_1_155' title='bbox 1489 1588 1569 1617; x_wconf 86' lang='lat' dir='ltr'>tam</span> <span class='ocrx_word' id='word_1_156' title='bbox 1587 1580 1689 1617; x_wconf 87' lang='lat' dir='ltr'>male</span> <span class='ocrx_word' id='word_1_157' title='bbox 1701 1610 1714 1628; x_wconf 82' lang='lat'>,</span> 
     </span>
     <span class='ocr_line' id='line_1_17' title="bbox 201 1644 1716 1700; baseline -0.002 -13"><span class='ocrx_word' id='word_1_158' title='bbox 201 1658 246 1687; x_wconf 91' lang='lat' dir='ltr'>ut</span> <span class='ocrx_word' id='word_1_159' title='bbox 266 1649 391 1686; x_wconf 84' lang='lat' dir='ltr'>multa</span> <span class='ocrx_word' id='word_1_160' title='bbox 418 1648 490 1684; x_wconf 83' lang='lat' dir='ltr'>alia</span> <span class='ocrx_word' id='word_1_161' title='bbox 503 1674 514 1693; x_wconf 88' lang='lat'><strong>,</strong></span> <span class='ocrx_word' id='word_1_162' title='bbox 540 1659 561 1682; x_wconf 86' lang='lat' dir='ltr'>a</span> <span class='ocrx_word' id='word_1_163' title='bbox 576 1644 774 1684; x_wconf 87' lang='lat' dir='ltr'>Bocharto</span> <span class='ocrx_word' id='word_1_164' title='bbox 792 1647 985 1683; x_wconf 73' lang='lat' dir='ltr'>referatur</span> <span class='ocrx_word' id='word_1_165' title='bbox 1002 1647 1017 1698; x_wconf 91' lang='lat'>(</span> <span class='ocrx_word' id='word_1_166' title='bbox 1032 1647 1220 1684; x_wconf 81' lang='lat' dir='ltr'>Canaan.</span> <span class='ocrx_word' id='word_1_167' title='bbox 1241 1651 1304 1689; x_wconf 59' lang='lat'>11¹,</span> <span class='ocrx_word' id='word_1_168' title='bbox 1332 1649 1371 1700; x_wconf 83' lang='lat'>1)</span> <span class='ocrx_word' id='word_1_169' title='bbox 1386 1677 1396 1695; x_wconf 89' lang='lat'>‚</span> <span class='ocrx_word' id='word_1_170' title='bbox 1413 1647 1569 1698; x_wconf 80' lang='lat' dir='ltr'>vulgari</span> <span class='ocrx_word' id='word_1_171' title='bbox 1585 1657 1716 1687; x_wconf 86' lang='lat' dir='ltr'>tamen</span> 
     </span>
     <span class='ocr_line' id='line_1_18' title="bbox 202 1713 1716 1762; baseline 0.001 -10"><span class='ocrx_word' id='word_1_172' title='bbox 202 1718 303 1753; x_wconf 79' lang='lat' dir='ltr'>fama</span> <span class='ocrx_word' id='word_1_173' title='bbox 320 1715 514 1762; x_wconf 84' lang='lat' dir='ltr'>Trojanos</span> <span class='ocrx_word' id='word_1_174' title='bbox 534 1714 760 1752; x_wconf 86' lang='lat' dir='ltr'>conditores</span> <span class='ocrx_word' id='word_1_175' title='bbox 785 1713 930 1750; x_wconf 56' lang='lat' dir='ltr'>habere</span> <span class='ocrx_word' id='word_1_176' title='bbox 957 1714 1172 1752; x_wconf 86' lang='lat' dir='ltr'>ferebatur.</span> <span class='ocrx_word' id='word_1_177' title='bbox 1196 1715 1303 1752; x_wconf 85' lang='lat' dir='ltr'>Hinc</span> <span class='ocrx_word' id='word_1_178' title='bbox 1321 1714 1425 1752; x_wconf 85' lang='lat' dir='ltr'>nihil</span> <span class='ocrx_word' id='word_1_179' title='bbox 1445 1716 1605 1753; x_wconf 85' lang='lat' dir='ltr'><strong>suavius</strong></span> <span class='ocrx_word' id='word_1_180' title='bbox 1627 1730 1716 1754; x_wconf 84' lang='lat' dir='ltr'>ver-</span> 
     </span>
     <span class='ocr_line' id='line_1_19' title="bbox 205 1781 1712 1834; baseline 0 -12"><span class='ocrx_word' id='word_1_181' title='bbox 205 1785 314 1822; x_wconf 81' lang='lat' dir='ltr'>sibus</span> <span class='ocrx_word' id='word_1_182' title='bbox 340 1784 422 1833; x_wconf 70' lang='lat'>759</span> <span class='ocrx_word' id='word_1_183' title='bbox 449 1796 534 1833; x_wconf 89' lang='lat' dir='ltr'><strong>sqq.</strong></span> <span class='ocrx_word' id='word_1_184' title='bbox 552 1810 562 1828; x_wconf 88' lang='lat'><strong>,</strong></span> <span class='ocrx_word' id='word_1_185' title='bbox 583 1781 731 1833; x_wconf 85' lang='lat' dir='ltr'>quibus</span> <span class='ocrx_word' id='word_1_186' title='bbox 752 1785 916 1819; x_wconf 87' lang='lat' dir='ltr'>AEneam</span> <span class='ocrx_word' id='word_1_187' title='bbox 936 1794 1052 1818; x_wconf 79' lang='lat' dir='ltr'>suum</span> <span class='ocrx_word' id='word_1_188' title='bbox 1078 1790 1195 1832; x_wconf 89' lang='lat' dir='ltr'>poeta</span> <span class='ocrx_word' id='word_1_189' title='bbox 1221 1791 1423 1820; x_wconf 86' lang='lat' dir='ltr'>auctorem</span> <span class='ocrx_word' id='word_1_190' title='bbox 1439 1784 1578 1834; x_wconf 88' lang='lat' dir='ltr'>templi</span> <span class='ocrx_word' id='word_1_191' title='bbox 1597 1785 1712 1832; x_wconf 85' lang='lat' dir='ltr'>facit,</span> 
     </span>
     <span class='ocr_line' id='line_1_20' title="bbox 203 1847 1718 1900; baseline 0 -11"><span class='ocrx_word' id='word_1_192' title='bbox 203 1852 277 1889; x_wconf 82' lang='lat' dir='ltr'>etsi</span> <span class='ocrx_word' id='word_1_193' title='bbox 307 1851 356 1888; x_wconf 86' lang='lat' dir='ltr'>de</span> <span class='ocrx_word' id='word_1_194' title='bbox 386 1851 465 1887; x_wconf 90' lang='lat' dir='ltr'>hoc</span> <span class='ocrx_word' id='word_1_195' title='bbox 497 1850 739 1900; x_wconf 88' lang='lat' dir='ltr'>scriptorum</span> <span class='ocrx_word' id='word_1_196' title='bbox 757 1847 856 1885; x_wconf 87' lang='lat' dir='ltr'>fides</span> <span class='ocrx_word' id='word_1_197' title='bbox 882 1849 1066 1885; x_wconf 80' lang='lat' dir='ltr'>omnium</span> <span class='ocrx_word' id='word_1_198' title='bbox 1087 1862 1171 1886; x_wconf 90' lang='lat' dir='ltr'>non</span> <span class='ocrx_word' id='word_1_199' title='bbox 1195 1851 1397 1888; x_wconf 85' lang='lat' dir='ltr'>convenit.</span> <span class='ocrx_word' id='word_1_200' title='bbox 1425 1853 1560 1888; x_wconf 87' lang='lat' dir='ltr'>Potest</span> <span class='ocrx_word' id='word_1_201' title='bbox 1585 1860 1718 1889; x_wconf 89' lang='lat' dir='ltr'>tamen</span> 
     </span>
     <span class='ocr_line' id='line_1_21' title="bbox 204 1913 1718 1969; baseline 0.001 -14"><span class='ocrx_word' id='word_1_202' title='bbox 204 1920 332 1956; x_wconf 87' lang='lat' dir='ltr'>teneri</span> <span class='ocrx_word' id='word_1_203' title='bbox 346 1946 357 1965; x_wconf 82' lang='lat'><strong>,</strong></span> <span class='ocrx_word' id='word_1_204' title='bbox 379 1916 490 1968; x_wconf 87' lang='lat' dir='ltr'>quod</span> <span class='ocrx_word' id='word_1_205' title='bbox 510 1926 550 1954; x_wconf 87' lang='lat' dir='ltr'>et</span> <span class='ocrx_word' id='word_1_206' title='bbox 571 1915 775 1954; x_wconf 81' lang='lat' dir='ltr'>Diodorus</span> <span class='ocrx_word' id='word_1_207' title='bbox 793 1915 821 1953; x_wconf 92' lang='lat' dir='ltr'>l.</span> <span class='ocrx_word' id='word_1_208' title='bbox 851 1917 909 1952; x_wconf 86' lang='lat' dir='ltr'>IV</span> <span class='ocrx_word' id='word_1_209' title='bbox 925 1915 1001 1952; x_wconf 88' lang='lat' dir='ltr'>sub</span> <span class='ocrx_word' id='word_1_210' title='bbox 1028 1913 1100 1954; x_wconf 89' lang='lat' dir='ltr'>fin.</span> <span class='ocrx_word' id='word_1_211' title='bbox 1118 1944 1129 1963; x_wconf 90' lang='lat'>‚</span> <span class='ocrx_word' id='word_1_212' title='bbox 1148 1916 1218 1966; x_wconf 86' lang='lat' dir='ltr'>qui</span> <span class='ocrx_word' id='word_1_213' title='bbox 1240 1915 1424 1953; x_wconf 85' lang='lat' dir='ltr'><strong>classicus</strong></span> <span class='ocrx_word' id='word_1_214' title='bbox 1442 1916 1492 1954; x_wconf 89' lang='lat' dir='ltr'>de</span> <span class='ocrx_word' id='word_1_215' title='bbox 1517 1919 1647 1969; x_wconf 80' lang='lat' dir='ltr'>Eryce</span> <span class='ocrx_word' id='word_1_216' title='bbox 1662 1919 1718 1956; x_wconf 92' lang='lat' dir='ltr'>lo-</span> 
     </span>
     <span class='ocr_line' id='line_1_22' title="bbox 204 1982 1718 2037; baseline -0.001 -13"><span class='ocrx_word' id='word_1_217' title='bbox 204 2000 274 2024; x_wconf 90' lang='lat' dir='ltr'>cus</span> <span class='ocrx_word' id='word_1_218' title='bbox 302 1995 382 2033; x_wconf 82' lang='lat' dir='ltr'>cst,</span> <span class='ocrx_word' id='word_1_219' title='bbox 413 1984 573 2037; x_wconf 80' lang='lat' dir='ltr'>prodit,</span> <span class='ocrx_word' id='word_1_220' title='bbox 606 1985 721 2022; x_wconf 81' lang='lat' dir='ltr'>novis</span> <span class='ocrx_word' id='word_1_221' title='bbox 747 1983 885 2020; x_wconf 88' lang='lat' dir='ltr'>saltem</span> <span class='ocrx_word' id='word_1_222' title='bbox 913 1982 1126 2020; x_wconf 85' lang='lat' dir='ltr'>decoribus</span> <span class='ocrx_word' id='word_1_223' title='bbox 1161 1983 1356 2035; x_wconf 88' lang='lat' dir='ltr'>templum</span> <span class='ocrx_word' id='word_1_224' title='bbox 1383 1983 1433 2021; x_wconf 84' lang='lat' dir='ltr'>ab</span> <span class='ocrx_word' id='word_1_225' title='bbox 1456 1986 1577 2022; x_wconf 85' lang='lat' dir='ltr'>AEnea</span> <span class='ocrx_word' id='word_1_226' title='bbox 1597 1984 1718 2023; x_wconf 77' lang='lat' dir='ltr'>fuisse</span> 
     </span>
     <span class='ocr_line' id='line_1_23' title="bbox 205 2051 1717 2101; baseline -0.002 -8"><span class='ocrx_word' id='word_1_227' title='bbox 205 2064 414 2101; x_wconf 84' lang='lat' dir='ltr'>ornatum;</span> <span class='ocrx_word' id='word_1_228' title='bbox 436 2063 475 2091; x_wconf 89' lang='lat' dir='ltr'>et</span> <span class='ocrx_word' id='word_1_229' title='bbox 496 2054 600 2090; x_wconf 89' lang='lat' dir='ltr'>inter</span> <span class='ocrx_word' id='word_1_230' title='bbox 623 2052 937 2090; x_wconf 82' lang='lat' dir='ltr'>manifestissima</span> <span class='ocrx_word' id='word_1_231' title='bbox 953 2055 1085 2090; x_wconf 86' lang='lat' dir='ltr'>AEneae</span> <span class='ocrx_word' id='word_1_232' title='bbox 1105 2052 1147 2088; x_wconf 90' lang='lat' dir='ltr'>in</span> <span class='ocrx_word' id='word_1_233' title='bbox 1163 2052 1337 2090; x_wconf 84' lang='lat' dir='ltr'>Siciliam</span> <span class='ocrx_word' id='word_1_234' title='bbox 1360 2051 1552 2090; x_wconf 84' lang='lat' dir='ltr'>adventus</span> <span class='ocrx_word' id='word_1_235' title='bbox 1569 2052 1717 2091; x_wconf 77' lang='lat' dir='ltr'>indicia</span> 
     </span>
     <span class='ocr_line' id='line_1_24' title="bbox 206 2110 1714 2174; baseline -0.001 -14"><span class='ocrx_word' id='word_1_236' title='bbox 206 2137 226 2160; x_wconf 80' lang='lat' dir='ltr'>a</span> <span class='ocrx_word' id='word_1_237' title='bbox 246 2124 415 2173; x_wconf 72' lang='lat' dir='ltr'>Dionys,</span> <span class='ocrx_word' id='word_1_238' title='bbox 434 2125 477 2169; x_wconf 82' lang='lat' dir='ltr'>I,</span> <span class='ocrx_word' id='word_1_239' title='bbox 508 2121 559 2159; x_wconf 83' lang='lat'>53</span> <span class='ocrx_word' id='word_1_240' title='bbox 579 2128 822 2158; x_wconf 85' lang='lat' dir='ltr'>memoratur</span> <span class='ocrx_word' id='word_1_241' title='bbox 853 2122 919 2163; x_wconf 74' lang='grc' dir='ltr'>τῆς</span> <span class='ocrx_word' id='word_1_242' title='bbox 943 2115 1142 2163; x_wconf 65' lang='grc' dir='ltr'>Αἰνειάδος</span> <span class='ocrx_word' id='word_1_243' title='bbox 1175 2110 1392 2173; x_wconf 66' lang='grc' dir='ltr'>Ᾱφροὸίτης</span> <span class='ocrx_word' id='word_1_244' title='bbox 1412 2118 1429 2157; x_wconf 82' lang='grc' dir='ltr'>ὁ</span> <span class='ocrx_word' id='word_1_245' title='bbox 1456 2118 1610 2174; x_wconf 74' lang='grc' dir='ltr'><strong>βωμὸς,</strong></span> <span class='ocrx_word' id='word_1_246' title='bbox 1633 2123 1714 2158; x_wconf 82' lang='lat' dir='ltr'>Ve-</span> 
     </span>
     <span class='ocr_line' id='line_1_25' title="bbox 208 2187 1714 2239; baseline -0.003 -10"><span class='ocrx_word' id='word_1_247' title='bbox 208 2193 312 2229; x_wconf 88' lang='lat' dir='ltr'>neris</span> <span class='ocrx_word' id='word_1_248' title='bbox 345 2189 528 2228; x_wconf 79' lang='lat' dir='ltr'>AEneadis</span> <span class='ocrx_word' id='word_1_249' title='bbox 557 2202 621 2226; x_wconf 78' lang='lat' dir='ltr'>ara</span> <span class='ocrx_word' id='word_1_250' title='bbox 649 2190 691 2226; x_wconf 88' lang='lat' dir='ltr'>in</span> <span class='ocrx_word' id='word_1_251' title='bbox 722 2191 851 2239; x_wconf 82' lang='lat' dir='ltr'>Eryce</span> <span class='ocrx_word' id='word_1_252' title='bbox 882 2197 1031 2226; x_wconf 90' lang='lat' dir='ltr'>monte.</span> <span class='ocrx_word' id='word_1_253' title='bbox 1063 2187 1184 2238; x_wconf 85' lang='lat' dir='ltr'>Quod</span> <span class='ocrx_word' id='word_1_254' title='bbox 1213 2201 1310 2226; x_wconf 83' lang='lat' dir='ltr'>vero</span> <span class='ocrx_word' id='word_1_255' title='bbox 1336 2190 1512 2236; x_wconf 86' lang='lat' dir='ltr'>mireris,</span> <span class='ocrx_word' id='word_1_256' title='bbox 1540 2201 1623 2226; x_wconf 89' lang='lat' dir='ltr'>non</span> <span class='ocrx_word' id='word_1_257' title='bbox 1647 2188 1714 2226; x_wconf 74' lang='lat' dir='ltr'>de-</span> 
     </span>
     <span class='ocr_line' id='line_1_26' title="bbox 211 2255 1717 2308; baseline -0.001 -14"><span class='ocrx_word' id='word_1_258' title='bbox 211 2260 319 2295; x_wconf 80' lang='lat' dir='ltr'>fuere</span> <span class='ocrx_word' id='word_1_259' title='bbox 350 2258 418 2308; x_wconf 82' lang='lat' dir='ltr'>qui</span> <span class='ocrx_word' id='word_1_260' title='bbox 447 2260 609 2295; x_wconf 82' lang='lat' dir='ltr'>AEneam</span> <span class='ocrx_word' id='word_1_261' title='bbox 628 2257 797 2292; x_wconf 86' lang='lat' dir='ltr'>Veneris</span> <span class='ocrx_word' id='word_1_262' title='bbox 824 2255 1010 2306; x_wconf 75' lang='lat' dir='ltr'>Erycinae</span> <span class='ocrx_word' id='word_1_263' title='bbox 1028 2256 1187 2306; x_wconf 85' lang='lat' dir='ltr'>signum</span> <span class='ocrx_word' id='word_1_264' title='bbox 1216 2269 1351 2293; x_wconf 90' lang='lat' dir='ltr'>secum</span> <span class='ocrx_word' id='word_1_265' title='bbox 1374 2264 1587 2307; x_wconf 83' lang='lat' dir='ltr'>asportasse</span> <span class='ocrx_word' id='word_1_266' title='bbox 1612 2268 1717 2293; x_wconf 89' lang='lat' dir='ltr'>com-</span> 
     </span>
     <span class='ocr_line' id='line_1_27' title="bbox 207 2321 1717 2373; baseline -0.001 -13"><span class='ocrx_word' id='word_1_267' title='bbox 207 2326 533 2369; x_wconf 82' lang='lat' dir='ltr'>miniscerentur3</span> <span class='ocrx_word' id='word_1_268' title='bbox 554 2324 588 2359; x_wconf 87' lang='lat' dir='ltr'>si</span> <span class='ocrx_word' id='word_1_269' title='bbox 607 2335 698 2359; x_wconf 80' lang='lat' dir='ltr'>vera</span> <span class='ocrx_word' id='word_1_270' title='bbox 716 2330 809 2359; x_wconf 86' lang='lat' dir='ltr'>sunt</span> <span class='ocrx_word' id='word_1_271' title='bbox 821 2350 832 2368; x_wconf 85' lang='lat'>‚</span> <span class='ocrx_word' id='word_1_272' title='bbox 851 2334 940 2372; x_wconf 87' lang='lat' dir='ltr'>quae</span> <span class='ocrx_word' id='word_1_273' title='bbox 961 2322 1120 2360; x_wconf 82' lang='lat' dir='ltr'>Solinus</span> <span class='ocrx_word' id='word_1_274' title='bbox 1138 2321 1258 2359; x_wconf 85' lang='lat' dir='ltr'>habet</span> <span class='ocrx_word' id='word_1_275' title='bbox 1276 2336 1310 2361; x_wconf 91' lang='lat' dir='ltr'>c.</span> <span class='ocrx_word' id='word_1_276' title='bbox 1335 2336 1356 2360; x_wconf 84' lang='lat'><em>2</em></span> <span class='ocrx_word' id='word_1_277' title='bbox 1372 2352 1383 2370; x_wconf 87' lang='lat'><strong><em>‚</em></strong></span> <span class='ocrx_word' id='word_1_278' title='bbox 1404 2336 1445 2373; x_wconf 91' lang='lat' dir='ltr'>p.</span> <span class='ocrx_word' id='word_1_279' title='bbox 1470 2323 1518 2359; x_wconf 83' lang='lat'>13</span> <span class='ocrx_word' id='word_1_280' title='bbox 1537 2323 1567 2359; x_wconf 95' lang='lat' dir='ltr'>E</span> <span class='ocrx_word' id='word_1_281' title='bbox 1586 2334 1596 2360; x_wconf 69' lang='grc' dir='ltr'>ε</span> <span class='ocrx_word' id='word_1_282' title='bbox 1617 2335 1717 2373; x_wconf 78' lang='lat' dir='ltr'>agro</span> 
     </span>
     <span class='ocr_line' id='line_1_28' title="bbox 212 2387 1716 2439; baseline 0.001 -14"><span class='ocrx_word' id='word_1_283' title='bbox 212 2390 471 2426; x_wconf 78' lang='lat' dir='ltr'>Laurenci—</span> <span class='ocrx_word' id='word_1_284' title='bbox 485 2388 551 2425; x_wconf 83' lang='lat' dir='ltr'>ubi</span> <span class='ocrx_word' id='word_1_285' title='bbox 560 2417 572 2434; x_wconf 88' lang='lat'>‚</span> <span class='ocrx_word' id='word_1_286' title='bbox 598 2389 692 2425; x_wconf 86' lang='lat' dir='ltr'>dum</span> <span class='ocrx_word' id='word_1_287' title='bbox 714 2389 968 2426; x_wconf 79' lang='lat' dir='ltr'>simulacrum</span> <span class='ocrx_word' id='word_1_288' title='bbox 982 2417 994 2434; x_wconf 92' lang='lat'><strong><em>,</em></strong></span> <span class='ocrx_word' id='word_1_289' title='bbox 1028 2389 1138 2439; x_wconf 84' lang='lat' dir='ltr'>quod</span> <span class='ocrx_word' id='word_1_290' title='bbox 1155 2403 1285 2427; x_wconf 82' lang='lat' dir='ltr'>secum</span> <span class='ocrx_word' id='word_1_291' title='bbox 1305 2402 1358 2426; x_wconf 78' lang='lat' dir='ltr'>ex</span> <span class='ocrx_word' id='word_1_292' title='bbox 1377 2387 1514 2426; x_wconf 84' lang='lat' dir='ltr'>Sicilia</span> <span class='ocrx_word' id='word_1_293' title='bbox 1540 2388 1716 2426; x_wconf 74' lang='lat' dir='ltr'>advexe-</span> 
     </span>
     <span class='ocr_line' id='line_1_29' title="bbox 210 2456 1715 2507; baseline -0.001 -14"><span class='ocrx_word' id='word_1_294' title='bbox 210 2466 297 2502; x_wconf 80' lang='lat' dir='ltr'>rat,</span> <span class='ocrx_word' id='word_1_295' title='bbox 321 2456 481 2494; x_wconf 71' lang='lat' dir='ltr'>dedicat</span> <span class='ocrx_word' id='word_1_296' title='bbox 500 2456 647 2494; x_wconf 83' lang='lat' dir='ltr'>Veneri</span> <span class='ocrx_word' id='word_1_297' title='bbox 662 2456 807 2502; x_wconf 85' lang='lat' dir='ltr'>matri,</span> <span class='ocrx_word' id='word_1_298' title='bbox 832 2470 922 2507; x_wconf 81' lang='lat' dir='ltr'>quoe</span> <span class='ocrx_word' id='word_1_299' title='bbox 939 2456 1067 2494; x_wconf 80' lang='lat' dir='ltr'>Frutis</span> <span class='ocrx_word' id='word_1_300' title='bbox 1087 2457 1240 2496; x_wconf 79' lang='lat' dir='ltr'>dicitur.</span> <span class='ocrx_word' id='word_1_301' title='bbox 1259 2456 1467 2496; x_wconf 87' lang='lat' dir='ltr'>Salmasius</span> <span class='ocrx_word' id='word_1_302' title='bbox 1480 2484 1491 2502; x_wconf 90' lang='lat'><strong>,</strong></span> <span class='ocrx_word' id='word_1_303' title='bbox 1510 2469 1599 2505; x_wconf 83' lang='lat' dir='ltr'>quae</span> <span class='ocrx_word' id='word_1_304' title='bbox 1617 2457 1715 2504; x_wconf 79' lang='lat' dir='ltr'>Ery-</span> 
     </span>
    </p>
   </div>
   <div class='ocr_carea' id='block_1_6' title="bbox 207 2522 1718 2644">
    <p class='ocr_par' dir='ltr' id='par_1_6' title="bbox 207 2522 1718 2644">
     <span class='ocr_line' id='line_1_30' title="bbox 212 2522 1718 2576; baseline -0.001 -14"><span class='ocrx_word' id='word_1_305' title='bbox 212 2525 267 2562; x_wconf 81' lang='lat' dir='ltr'>cis</span> <span class='ocrx_word' id='word_1_306' title='bbox 287 2524 430 2560; x_wconf 71' lang='lat' dir='ltr'>dicitur</span> <span class='ocrx_word' id='word_1_307' title='bbox 445 2525 565 2575; x_wconf 78' lang='lat' dir='ltr'>legit3</span> <span class='ocrx_word' id='word_1_308' title='bbox 583 2525 698 2562; x_wconf 88' lang='lat' dir='ltr'>male.</span> <span class='ocrx_word' id='word_1_309' title='bbox 726 2537 765 2562; x_wconf 75' lang='lat' dir='ltr'>v.</span> <span class='ocrx_word' id='word_1_310' title='bbox 784 2526 810 2562; x_wconf 89' lang='lat' dir='ltr'>J</span> <span class='ocrx_word' id='word_1_311' title='bbox 813 2537 868 2562; x_wconf 93' lang='lat' dir='ltr'>os.</span> <span class='ocrx_word' id='word_1_312' title='bbox 888 2524 1058 2576; x_wconf 84' lang='lat' dir='ltr'>Scaliger</span> <span class='ocrx_word' id='word_1_313' title='bbox 1079 2525 1127 2562; x_wconf 87' lang='lat' dir='ltr'>ad</span> <span class='ocrx_word' id='word_1_314' title='bbox 1144 2527 1303 2563; x_wconf 84' lang='lat' dir='ltr'>Festum</span> <span class='ocrx_word' id='word_1_315' title='bbox 1321 2525 1364 2561; x_wconf 89' lang='lat' dir='ltr'>in</span> <span class='ocrx_word' id='word_1_316' title='bbox 1386 2522 1571 2561; x_wconf 79' lang='lat' dir='ltr'>Fmtinal</span> <span class='ocrx_word' id='word_1_317' title='bbox 1581 2553 1592 2569; x_wconf 92' lang='lat'>‚</span> <span class='ocrx_word' id='word_1_318' title='bbox 1618 2532 1718 2561; x_wconf 65' lang='lat' dir='ltr'>cem-</span> 
     </span>
     <span class='ocr_line' id='line_1_31' title="bbox 207 2591 1204 2644; baseline 0 -14"><span class='ocrx_word' id='word_1_319' title='bbox 207 2593 321 2643; x_wconf 81' lang='lat' dir='ltr'>plum</span> <span class='ocrx_word' id='word_1_320' title='bbox 341 2591 505 2627; x_wconf 81' lang='lat' dir='ltr'>Veneris</span> <span class='ocrx_word' id='word_1_321' title='bbox 521 2592 671 2637; x_wconf 82' lang='lat' dir='ltr'>Frucis,</span> <span class='ocrx_word' id='word_1_322' title='bbox 693 2605 744 2630; x_wconf 90' lang='lat' dir='ltr'>sc.</span> <span class='ocrx_word' id='word_1_323' title='bbox 771 2605 792 2629; x_wconf 92' lang='lat' dir='ltr'>a</span> <span class='ocrx_word' id='word_1_324' title='bbox 810 2594 929 2637; x_wconf 82' lang='lat' dir='ltr'>Frus,</span> <span class='ocrx_word' id='word_1_325' title='bbox 958 2592 1204 2644; x_wconf 82' lang='lat' dir='ltr'>undesruor.</span> 
     </span>
    </p>
   </div>
   <div class='ocr_carea' id='block_1_7' title="bbox 207 2669 1718 2789">
    <p class='ocr_par' dir='ltr' id='par_1_7' title="bbox 207 2669 1718 2789">
     <span class='ocr_line' id='line_1_32' title="bbox 268 2669 1718 2722; baseline 0.001 -15"><span class='ocrx_word' id='word_1_326' title='bbox 268 2672 373 2707; x_wconf 86' lang='lat' dir='ltr'>Bene</span> <span class='ocrx_word' id='word_1_327' title='bbox 404 2670 519 2705; x_wconf 77' lang='lat' dir='ltr'>etiam</span> <span class='ocrx_word' id='word_1_328' title='bbox 550 2670 726 2716; x_wconf 87' lang='lat' dir='ltr'>Acestae,</span> <span class='ocrx_word' id='word_1_329' title='bbox 747 2670 824 2707; x_wconf 90' lang='lat' dir='ltr'>hoc</span> <span class='ocrx_word' id='word_1_330' title='bbox 848 2677 927 2716; x_wconf 87' lang='lat' dir='ltr'>est,</span> <span class='ocrx_word' id='word_1_331' title='bbox 954 2671 1143 2720; x_wconf 80' lang='lat' dir='ltr'>Segestae,</span> <span class='ocrx_word' id='word_1_332' title='bbox 1175 2669 1403 2720; x_wconf 86' lang='lat' dir='ltr'>primordiis</span> <span class='ocrx_word' id='word_1_333' title='bbox 1429 2670 1550 2719; x_wconf 84' lang='lat' dir='ltr'>hujus</span> <span class='ocrx_word' id='word_1_334' title='bbox 1578 2671 1718 2722; x_wconf 78' lang='lat' dir='ltr'>templi</span> 
     </span>
     <span class='ocr_line' id='line_1_33' title="bbox 207 2735 1717 2789; baseline 0.001 -14"><span class='ocrx_word' id='word_1_335' title='bbox 207 2737 321 2789; x_wconf 78' lang='lat' dir='ltr'>origo</span> <span class='ocrx_word' id='word_1_336' title='bbox 352 2735 631 2787; x_wconf 78' lang='lat' dir='ltr'>subjungitur3</span> <span class='ocrx_word' id='word_1_337' title='bbox 662 2749 753 2773; x_wconf 84' lang='lat' dir='ltr'>nam</span> <span class='ocrx_word' id='word_1_338' title='bbox 779 2737 923 2775; x_wconf 85' lang='lat' dir='ltr'>mansit</span> <span class='ocrx_word' id='word_1_339' title='bbox 946 2736 988 2773; x_wconf 86' lang='lat' dir='ltr'>in</span> <span class='ocrx_word' id='word_1_340' title='bbox 1011 2738 1310 2788; x_wconf 84' lang='lat' dir='ltr'>Segestanorum</span> <span class='ocrx_word' id='word_1_341' title='bbox 1341 2737 1494 2776; x_wconf 84' lang='lat' dir='ltr'>ditione</span> <span class='ocrx_word' id='word_1_342' title='bbox 1517 2739 1634 2776; x_wconf 80' lang='lat' dir='ltr'>etiam</span> <span class='ocrx_word' id='word_1_343' title='bbox 1668 2737 1717 2776; x_wconf 82' lang='lat' dir='ltr'>ad</span> 
     </span>
    </p>
   </div>
  </div>
 </body>
</html>
