1767 3054
151 69 226 104 152

773 72 1012 112 AENEIDOS

143 139 417 186 Pulsatusve
442 156 635 203 parens,
661 152 707 187 et
731 142 857 188 fraus
884 143 1055 189 innexa
1077 143 1255 201 clienti;

145 219 242 260 Aut
267 214 350 276 qui
370 214 545 263 divitiis
571 217 657 263 soli
677 217 937 264 incubuere
959 219 1178 281 repertis,

1576 227 1636 258 610

145 290 245 333 Nec
265 300 446 350 partem
465 306 664 351 posuere
689 293 806 349 suis3
828 309 931 354 quae
954 293 1158 339 maxima
1181 291 1322 338 turba
1346 302 1436 349 est;

147 362 336 424 Quique
358 363 420 409 ob
448 363 731 410 adulterium
749 367 880 424 caesi3
907 367 1083 428 quique
1108 382 1236 412 arma
1259 365 1408 412 secuti

146 436 319 497 Impia,
341 453 428 484 nec
451 440 591 484 veriti
617 439 918 486 dominorum
941 441 1101 486 fallere
1122 440 1333 496 dextras,

148 648 277 678 menta
306 640 412 677 fuere
442 643 625 679 sanctitas
654 640 787 680 ἱκετῶν
820 651 858 680 et

151 694 264 743 ξένων·
281 726 291 744 ,
308 696 349 736 τὲ
370 697 485 752 ἄγος,
506 696 598 752 ἀραὶ
616 709 653 736 et
671 691 858 752 Ερυννὺες,

147 755 285 806 religio
315 757 550 806 sepulturae,
577 759 858 804 terminorum,

149 820 187 848 et
199 813 469 861 jurisjurandi.
490 815 571 852 Nec
595 815 704 851 aliter
723 816 766 851 in
784 818 860 853 De-

150 869 283 920 calogo
318 883 339 906 a
366 873 479 907 Mose
514 872 675 920 prodito
709 872 859 909 factum

149 926 307 964 videas:
338 929 532 964 atrociora
567 937 719 965 tantum
751 929 859 982 flagi-

148 985 201 1019 tia
233 985 266 1020 is
290 986 467 1035 attingit,
500 998 521 1021 a
539 986 684 1035 quibus
710 988 782 1036 qui
799 1001 859 1024 va-

152 1049 236 1087 cet,
271 1054 412 1091 parum
457 1042 586 1080 adhuc
620 1043 667 1080 ad
715 1044 858 1082 hones-

149 1106 266 1135 tatem
282 1099 491 1149 profecisse
511 1101 627 1138 nobis
647 1101 774 1139 videri
790 1116 860 1153 po-

149 1163 235 1194 test.
254 1158 310 1194 At
327 1159 442 1195 Maro
463 1172 512 1195 ex
530 1159 862 1210 philosophorum

149 1215 304 1264 scriptis
335 1228 452 1252 suum
484 1219 692 1253 Tartarum
717 1221 861 1255 consti-

150 1272 226 1308 tuit
239 1299 249 1317 ‚
277 1271 461 1323 idemque
477 1275 668 1311 scelerum
683 1303 693 1320 ,
715 1276 861 1325 quibus

148 1329 341 1379 supplicia
367 1332 410 1367 in
441 1345 487 1368 eo
508 1334 721 1370 constituta
744 1343 856 1377 sunt,

149 1399 356 1425 recensum
390 1388 482 1426 facit
519 1390 654 1440 paullo
691 1391 856 1440 amplio-

150 1456 258 1489 rem3
293 1456 578 1483 commemorat
617 1449 859 1498 impietatem

151 1513 241 1550 erga
266 1514 334 1539 eos
348 1531 358 1549 ‚
387 1504 532 1553 quibus
552 1505 705 1553 pietatis
724 1519 860 1543 sensus

151 1556 340 1606 debetur,
361 1572 518 1605 avaros,
546 1560 665 1599 duros
686 1571 724 1599 et
741 1563 861 1599 inhu-

151 1628 311 1663 manOS,
352 1617 549 1656 adulteros
567 1648 577 1665 ,
627 1620 860 1670 perduelles,

151 1674 212 1710 Ex
263 1675 352 1712 vitae
395 1675 644 1726 philosophia
691 1678 861 1728 profecit

150 1732 304 1768 Auctor
332 1733 559 1770 Telemachi
587 1733 657 1773 lib.
692 1736 857 1780 XVIII,

152 1801 192 1837 p.
234 1791 310 1826 130
343 1792 498 1841 egregio
525 1791 640 1829 loco!
682 1793 858 1842 Ingratos

149 1846 238 1893 ille,
273 1848 505 1895 mendaces,
537 1849 758 1886 adulatores
786 1861 859 1886 no-

150 1906 287 1943 minat.
309 1905 455 1942 Filium
472 1907 640 1957 impium
660 1905 676 1957 (
692 1915 737 1943 ut
755 1920 857 1945 verS.

153 1961 264 2013 609)
298 1964 415 2000 etiam
445 1967 691 2016 Polygnotus
721 1965 763 2001 in
791 1977 859 2001 sua

152 2020 284 2057 tabula
321 2031 594 2070 expresserat:
622 2036 661 2060 v.
694 2025 859 2060 Pausan.

152 2081 215 2124 X,
253 2078 321 2115 28.
353 2078 580 2116 Pulsatusve
602 2093 777 2130 parens,
818 2079 859 2118 h.

152 2136 315 2173 omnino
332 2135 432 2172 male
449 2136 609 2174 habitus
622 2166 632 2184 ‚
651 2137 861 2176 mulcatus.

153 2194 222 2229 Est
248 2190 358 2230 αἰκία
387 2192 546 2247 γονέων.
583 2198 689 2233 Ante
723 2195 859 2232 oculos

153 2258 236 2286 erat
252 2251 362 2288 Plato
389 2251 438 2288 de
457 2254 530 2290 LL.
553 2254 612 2291 IX
634 2252 708 2290 sub
726 2251 796 2290 fin.
817 2266 858 2303 p.

155 2313 238 2356 940
270 2309 301 2346 C
329 2309 390 2346 ed.
421 2310 500 2349 Frf.
539 2310 673 2361 Steph.
701 2324 741 2361 p.
778 2310 856 2349 881

153 2366 206 2401 D.
223 2363 407 2415 Ecfiaus
433 2368 584 2405 innexa
603 2367 760 2415 clienti,
785 2382 860 2419 pro

154 2434 209 2458 vu
229 2423 332 2467 flari,
362 2423 490 2471 illata,
530 2426 591 2461 nti
609 2424 762 2477 fraude
796 2426 863 2463 ali-

156 2479 245 2531 quis
271 2477 485 2530 illaqueari
511 2482 670 2521 dicitur.
697 2485 862 2534 Compa-

157 2543 238 2574 rata
270 2539 349 2585 jam
384 2537 431 2574 ab
461 2540 748 2588 Interpretibus
780 2544 862 2578 Lex

158 2595 239 2632 XII
270 2595 395 2632 Tabb.
428 2598 625 2632 Patronus
660 2596 695 2633 .ςί
728 2597 865 2635 clienti

152 2651 339 2700 fraudem
360 2651 500 2703 saxic,
542 2665 655 2689 sacer
679 2663 783 2701 esto,
824 2663 862 2692 et

159 2712 291 2748 Horat.
322 2711 360 2748 11
390 2710 516 2748 Carm.
554 2710 628 2756 18,
667 2713 718 2748 23
753 2725 859 2763 seqq.

924 642 1142 680 Incubuere
1158 656 1172 679 .·
1194 644 1266 681 Ge.
1292 645 1354 689 ΙΙ,
1377 643 1453 690 507
1493 643 1638 680 Condit

925 714 1017 751 opes
1048 699 1172 745 alius,
1212 699 1444 751 desbssoque
1475 699 1639 738 incubat

926 772 1037 796 auro.
1072 759 1291 808 Argutatus
1318 765 1451 794 tamen
1483 758 1526 794 in
1557 758 1636 796 hoc

925 829 1085 866 quoque
1100 825 1213 852 vetus
1231 815 1518 852 Grammaticus
1529 816 1638 866 apud

926 875 1107 912 Servium
1138 873 1324 910 Urbanus
1356 884 1366 909 τ
1395 884 1525 909 rarum
1555 886 1637 910 esse

924 932 1000 969 hoc
1016 932 1218 980 inquiens,
1240 939 1285 967 ut
1303 938 1492 980 patronus
1516 930 1636 968 clien-

926 998 1006 1026 tem
1033 989 1163 1034 fallat,
1196 1001 1323 1038 quum
1356 988 1476 1038 magis
1507 996 1636 1038 patro-

926 1060 998 1084 nos
1034 1046 1233 1096 decipiant
1262 1045 1486 1094 frequenter
1513 1045 1634 1082 clien-

927 1112 1006 1150 tes;
1057 1103 1192 1141 eadem
1225 1102 1367 1149 judicii
1405 1102 1634 1152 iniquitate,

928 1175 1007 1212 qua
1022 1162 1148 1199 nostri
1165 1161 1345 1198 homines
1372 1160 1433 1196 uti
1450 1159 1578 1197 solent
1593 1162 1636 1198 in

929 1220 1113 1271 agricolas
1145 1227 1184 1256 et
1213 1230 1400 1268 paganos.
1431 1218 1608 1267 Repertis
1625 1247 1635 1265 ‚

927 1291 1001 1327 pro
1020 1278 1141 1328 partis
1155 1304 1165 1323 ,
1189 1278 1334 1326 paratis
1347 1304 1357 1322 ,
1383 1276 1539 1325 accipe3
1562 1289 1636 1313 1100

927 1335 1026 1382 5111'5,
1057 1335 1231 1385 cognatis
1260 1342 1298 1370 et
1329 1331 1540 1380 affinibus,
1561 1346 1636 1383 po-

927 1387 1036 1431 suere
1046 1400 1206 1443 parcem
1220 1420 1230 1437 ‚
1255 1404 1306 1428 ex
1326 1388 1448 1428 ἔθεντο
1464 1418 1475 1436 ,
1495 1398 1637 1428 statue-

926 1459 1021 1487 runt
1034 1480 1045 1496 ‚
1066 1449 1315 1494 tribuerunt,
1340 1449 1418 1484 nisi
1431 1449 1556 1484 mavis
1577 1461 1634 1485 es-

927 1521 966 1544 se
1004 1521 1099 1558 pro,
1140 1519 1344 1556 seponere.
1381 1504 1447 1542 Ad
1480 1513 1635 1542 senten-

928 1566 1022 1601 tiam
1060 1564 1268 1615 praeclaros
1312 1563 1463 1600 Horatii
1501 1575 1635 1600 versus

927 1622 1062 1659 laudat
1096 1622 1254 1660 Servius
1288 1622 1327 1657 II
1364 1623 1542 1658 Sermon.
1585 1633 1633 1667 2,

931 1681 1032 1725 1033
1055 1679 1154 1715 adde
1185 1677 1355 1714 eundem
1383 1678 1402 1712 I
1438 1679 1560 1715 Serm.
1590 1690 1632 1723 1,

929 1737 979 1783 75
1010 1749 1132 1786 seqq.‚
1169 1735 1221 1778 84
1251 1748 1331 1784 seq.
1356 1736 1405 1771 Et
1433 1746 1635 1771 commen-

925 1793 992 1830 dat
1017 1802 1144 1844 poetae
1168 1791 1364 1839 judicium
1380 1791 1466 1829 haec
1493 1792 1536 1827 in
1554 1792 1635 1828 vita

925 1851 1134 1889 hominum
1167 1849 1414 1895 observatio,
1447 1861 1527 1886 esse
1551 1848 1634 1899 ple-

924 1921 1094 1958 rumque
1115 1920 1193 1955 eos,
1212 1908 1283 1956 qui
1297 1915 1458 1957 repente
1476 1919 1634 1956 magnas

925 1966 1080 2003 divitias
1101 1966 1338 2015 consequuti
1354 1972 1466 2011 sunt,
1487 1962 1644 2009 duros,>

927 2032 965 2061 et
988 2037 1124 2061 avaros
1145 2024 1186 2060 in
1218 2035 1334 2068 suOS,
1368 2022 1445 2059 hoc
1463 2029 1521 2058 est
1547 2034 1635 2073 erga

928 2090 1114 2133 cognatos
1133 2089 1302 2132 egentes.
1323 2079 1381 2116 Ob
1397 2078 1636 2116 adulterium

928 2139 1024 2176 caesi
1036 2138 1191 2190 gravius
1207 2138 1342 2188 posuit
1358 2150 1431 2188 pro
1451 2136 1636 2174 adulteris

925 2198 1169 2248 simpliciter.
1188 2198 1248 2233 De
1269 2195 1354 2247 lege
1382 2197 1408 2233 J
1411 2195 1490 2232 ulia
1512 2192 1635 2243 (anni

929 2256 1006 2302 737
1034 2255 1049 2305 )
1085 2254 1254 2304 cogitare
1289 2251 1471 2290 nondum
1502 2250 1635 2301 potuit

926 2313 1131 2363 Virgilius.
1145 2312 1280 2348 Potuit
1297 2319 1425 2347 tamen
1436 2309 1516 2355 jam
1534 2313 1631 2352 tum,

929 2383 1020 2407 cum
1042 2369 1222 2414 vivebat,
1253 2381 1315 2406 res
1350 2364 1522 2403 consiliis
1553 2364 1631 2413 agi-

928 2429 1014 2464 tari.
1046 2428 1175 2464 Arma
1202 2425 1348 2475 impia,
1379 2421 1485 2458 haud
1511 2419 1631 2457 dubie

929 2485 1126 2522 bellorum
1155 2482 1353 2525 civilium;
1386 2478 1434 2516 de
1456 2479 1504 2516 iis
1530 2479 1630 2514 acci-

927 2541 1116 2591 piendum
1129 2566 1139 2585 ‚
1163 2539 1233 2588 qui
1253 2537 1386 2588 patriae
1404 2535 1554 2573 bellum
1569 2536 1630 2571 in-

926 2599 1071 2643 ferunt,
1089 2608 1173 2632 non
1187 2596 1258 2644 qni
1272 2594 1518 2644 propulsant.
1532 2593 1632 2631 Con-

928 2655 1066 2692 cidunt
1091 2654 1220 2702 itaque
1247 2652 1371 2690 Servii
1389 2651 1632 2699 aliorumque

927 2721 1075 2758 metus,
1103 2722 1152 2747 ne
1175 2710 1218 2747 in
1247 2709 1468 2761 Augustum
1499 2713 1646 2758 peccet.
