1767 3054
178 152 253 177 102

802 138 1042 177 AENEIDOS

171 213 424 274 Contingat
434 229 447 270 3
471 209 640 257 doceas
666 210 777 266 iter,
805 222 851 256 et
875 227 1007 256 sacra
1028 210 1147 258 ostia
1168 212 1357 274 pandas.

171 289 311 335 Illum
331 304 418 352 ego
442 304 528 351 per
548 288 781 344 flammas,
807 298 855 332 et
875 287 1000 334 mille
1023 289 1269 350 sequentia
1297 289 1410 345 tela,
1448 299 1468 319 s

1614 309 1670 328 110

176 364 343 427 Eripui
363 365 435 410 his
461 363 693 421 humeris,
715 362 968 424 medioque
990 378 1049 408 ex
1072 362 1208 409 hoste
1231 365 1410 426 reccpi;

174 444 280 500 Ille,
302 457 459 487 mcum
482 441 730 486 comitatus
755 439 868 493 iter,
894 439 1044 483 maria
1067 441 1225 484 omnia
1247 456 1429 485 mecum
1444 475 1456 496 ,

173 523 330 579 Atque
355 516 504 561 omnis
526 514 775 576 pelagique
799 511 950 558 minas
976 512 1175 575 coelique
1199 514 1382 561 ferebat

174 591 440 647 Invalidus,
463 589 588 634 vires
611 588 736 633 ultra
757 597 1028 650 sortemque
1049 601 1261 637 senectae.

175 665 325 722 Quin,
351 674 403 709 ut
428 674 472 709 te
496 664 695 725 supplex
720 671 955 724 peterem,
981 673 1026 709 et
1052 673 1134 709 tua
1157 663 1316 711 limina
1338 665 1538 720 adirem,

1614 675 1671 704 115

172 739 304 786 Idem
325 756 464 787 orans
486 737 707 784 mandata
726 736 883 783 dabat.
912 738 1150 800 Gnatique
1176 740 1442 802 patrisque,

174 815 332 872 Alma,
354 829 546 877 precor,
572 813 817 872 miserere3
843 822 977 874 potes
1001 829 1204 875 namque
1225 815 1406 873 omnia3
1424 830 1509 860 nec
1531 826 1574 860 te

174 889 507 951 Nequidquam
530 889 647 935 lucis
669 891 845 934 Hecate
862 888 1075 951 praefecit
1094 889 1318 949 Avemis3

175 965 226 1011 Si
250 964 407 1027 potuit
431 963 586 1010 Manis
607 980 842 1010 arcessere
866 964 1078 1027 conjugis
1105 964 1351 1026 Orpheus,

175 1039 394 1085 Threicia
418 1039 564 1085 fretus
585 1038 768 1084 cithara
789 1038 1054 1101 fidibusque
1080 1041 1265 1086 canoris
1288 1059 1297 1085 :

1616 1060 1674 1079 ¹20

176 1114 228 1159 Si
248 1113 442 1159 fratrem
467 1113 633 1158 Pollux
657 1114 836 1160 alterna
856 1123 1010 1159 morte
1035 1114 1262 1171 redemit,

176 1347 276 1380 usu,
294 1347 374 1384 quo
412 1334 643 1384 simpliciter
672 1334 723 1371 ad
752 1347 893 1384 aquam

134 1386 420 1442 “stagnantem
439 1391 543 1428 illud
560 1400 752 1442 spectaret
773 1404 781 1430 :
802 1389 894 1429 ἀνει-

176 1445 300 1498 χυθεὶς
322 1447 511 1501 ποταμός·
547 1450 618 1486 etsi
646 1463 695 1486 ne
719 1451 775 1486 sic
807 1450 893 1499 qui-

176 1507 289 1552 dem,
328 1516 419 1555 post
455 1509 587 1544 omnia
625 1508 720 1551 ista,
750 1507 892 1551 video,

175 1563 273 1614 quid
289 1562 477 1613 impediat
500 1563 543 1599 in
559 1564 726 1600 Marone
745 1564 895 1613 accipe-

175 1635 217 1658 re
234 1621 420 1672 paludem
437 1619 673 1658 Acherontis
688 1619 812 1671 refusi
825 1633 895 1657 seu

176 1678 426 1731 stagnantis,
450 1687 633 1729 respectu
666 1678 895 1730 Acherusiae

178 1736 227 1774 ad
265 1738 431 1782 Cumas,
452 1736 500 1773 de
531 1749 610 1786 qua
646 1736 766 1773 verba
802 1744 894 1772 sunt

178 1795 406 1845 Geographi
442 1805 450 1831 :
496 1783 713 1845 [Ἀχερουσία
754 1789 866 1845 λίμντ,
881 1820 891 1837 ,

179 1849 363 1902 &visas-13
381 1864 435 1894 τις
455 1846 680 1905 τεναγώδης
701 1848 892 1894 θαλάσσης

177 1910 306 1948 Strab.
320 1912 370 1956 V,
383 1924 422 1960 p.
439 1910 519 1954 243
534 1911 583 1946 D.
599 1911 700 1946 Mox
712 1922 826 1945 sacra
839 1922 893 1945 os-

175 1967 260 2012 tia,
282 1976 327 2004 ut
344 1970 506 2005 Homer.
528 1966 634 2014 θεῖα,
656 1974 694 2004 et
712 1966 784 2004 inf.
806 1967 885 2013 573

177 2025 288 2076 (non
303 2034 351 2062 ut
376 2024 538 2076 Serv.),
562 2027 676 2073 cujus
703 2037 793 2062 voe.
814 2026 888 2075 sig-

175 2081 358 2120 nificatus
394 2083 579 2120 latissime
605 2090 733 2133 patet,
765 2091 811 2119 ut
846 2083 889 2118 in

176 2142 320 2178 nostris
355 2141 501 2192 linguis
534 2140 635 2178 nihil
667 2141 740 2187 sit,
778 2139 889 2190 quod

175 2199 264 2234 satis
293 2198 540 2249 respondeat.

243 2268 257 2291 1
272 2268 287 2291 1
301 2269 333 2293 1.
362 2256 514 2293 Revelli
538 2257 667 2306 Bigot.
694 2256 743 2291 In
760 2255 893 2305 recepi

176 2314 343 2363 argutati
377 2322 470 2350 sunt
505 2323 656 2351 veteres
686 2314 891 2350 Gramma-

175 2370 255 2407 tici.
288 2383 325 2407 v.
362 2373 470 2408 Serv.
502 2380 540 2408 et
568 2375 760 2421 Pompon.
797 2370 886 2409 Sab.

176 2426 252 2465 Sed
290 2427 497 2477 recipimus
533 2437 572 2465 et
609 2441 888 2479 recuperamus

175 2497 259 2522 non
286 2485 406 2523 modo
439 2487 598 2532 amissa,
627 2485 696 2523 sed
723 2499 767 2523 ea
787 2499 887 2536 quo-

174 2554 274 2591 que,
312 2554 400 2592 quae
428 2555 478 2579 ne
511 2545 776 2580 amitteremus
806 2555 886 2580 me-

172 2599 368 2637 tuendum
396 2608 489 2637 erat.
519 2622 575 2628 —
614 2608 705 2645 114.
736 2600 886 2637 Invali-

959 1334 1102 1372 sortius
1131 1346 1250 1384 quam
1272 1346 1347 1384 pro
1367 1334 1513 1371 virium
1529 1341 1568 1370 et
1588 1342 1676 1370 aeta-

960 1394 1008 1429 tis
1027 1391 1148 1429 modo
1167 1400 1205 1428 et
1228 1390 1363 1442 gradu.

1023 1461 1041 1486 1
1054 1449 1117 1486 16.
1154 1448 1359 1486 Mandata
1399 1447 1545 1493 dabat,
1584 1461 1670 1499 sup.

959 1509 996 1544 V
1010 1534 1021 1553 ,
1045 1507 1140 1553 735.
1158 1508 1260 1544 Mox
1276 1508 1428 1544 Hecate
1440 1519 1453 1542 .·
1469 1519 1561 1543 nam
1580 1519 1668 1556 sup.

961 1578 1000 1602 v.
1038 1565 1090 1602 35
1125 1563 1263 1600 Pkoebi
1298 1563 1515 1613 Triviaeque
1543 1576 1673 1600 sacer-

960 1620 1044 1658 dos.
1062 1642 1120 1649 —
1145 1634 1161 1658 1
1174 1634 1223 1672 ‚¹9
1238 1649 1248 1668 ,
1280 1634 1372 1659 120.
1389 1622 1474 1658 Aut
1493 1621 1676 1671 supplen-

961 1677 1056 1715 dum
1077 1679 1245 1715 alterum
1260 1678 1485 1715 membrum
1503 1689 1514 1716 τ
1534 1677 1678 1728 quidni

960 1745 1001 1772 ec
1017 1734 1117 1772 mihi
1133 1733 1246 1771 aaire
1266 1733 1412 1786 inferos
1432 1734 1554 1771 liceat
1565 1740 1587 1772 :²
1604 1745 1672 1772 aut

955 1791 1156 1844 jungenda
1176 1804 1185 1829 :
1204 1792 1455 1829 miserere—
1466 1791 1502 1828 si
1508 1792 1642 1842 potuit
1653 1808 1669 1837 ;

958 1850 1154 1900 siquidem
1177 1863 1216 1900 p.
1247 1850 1389 1902 (statii
1408 1851 1670 1888 imitationem

958 1916 1150 1945 notarunt
1173 1907 1267 1946 Silv.
1287 1910 1350 1954 V,
1378 1909 1400 1945 3
1416 1935 1427 1954 ,
1451 1921 1530 1956 271
1556 1909 1671 1960 sqq.)

956 1967 1090 2003 Frecus
1110 1979 1123 2001 .·
1141 1978 1216 2016 pro
1230 1993 1241 2011 ,
1271 1978 1380 2003 usus.
1410 1967 1668 2003 Homericum

954 2021 1146 2067 πεποιθὼς
1160 2051 1171 2072 ‚
1191 2020 1344 2067 πίσυνος
1357 2050 1368 2068 ,
1386 2024 1483 2061 etin
1498 2023 1572 2061 hac
1586 2024 1669 2074 ipsa

955 2095 997 2119 re
1021 2081 1146 2132 Orph.
1168 2082 1264 2132 Arg.
1292 2087 1344 2125 42
1363 2071 1540 2134 ἡμετέρῃ
1560 2078 1670 2118 πίσυ-

956 2152 1015 2183 νος
1034 2136 1171 2193 κιθάρῃ
1185 2167 1196 2186 ,
1230 2139 1360 2189 simpl.
1382 2151 1457 2190 pro
1471 2167 1482 2186 ‚
1515 2151 1591 2190 ope
1614 2140 1668 2176 ci-

957 2198 1092 2236 tharae.

1020 2268 1096 2294 121
1113 2283 1124 2302 ,
1166 2267 1259 2293 122.
1289 2256 1344 2292 Ut
1371 2266 1463 2292 cum
1482 2253 1664 2297 Castore,

957 2315 1028 2364 qui
1059 2312 1218 2350 mortali
1255 2320 1365 2362 patre
1377 2339 1388 2358 ,
1429 2309 1638 2361 Tyndareo
1653 2340 1663 2356 ‚

953 2379 1070 2408 natus
1087 2378 1170 2408 erat
1182 2398 1192 2416 ‚
1216 2368 1546 2407 immortalitatem
1564 2380 1665 2404 com-

955 2429 1174 2466 municaret
1189 2427 1332 2465 Pollux
1349 2427 1451 2463 Jove
1466 2432 1576 2474 patre
1591 2438 1661 2462 na-

955 2495 1017 2523 tus
1029 2513 1040 2532 ‚
1061 2486 1138 2523 hoc
1157 2497 1178 2521 a
1197 2484 1270 2521 diis
1293 2489 1560 2532 consequutus
1579 2490 1659 2528 est,

954 2551 999 2580 ut
1011 2571 1023 2590 ‚
1059 2542 1214 2592 quoties
1245 2541 1330 2590 ipse
1359 2538 1409 2576 ad
1441 2538 1590 2577 inferos
1621 2553 1661 2577 se

952 2599 1203 2644 contulisset,
1222 2597 1332 2635 fratri
1354 2596 1460 2647 apud
1483 2595 1576 2634 deos
1598 2598 1659 2634 in-

170 2655 243 2693 dus
272 2659 337 2695 Jo.
363 2657 567 2696 Schrader.
603 2660 777 2696 otiosum
802 2671 884 2695 esse
949 2657 1064 2694 terim
1080 2656 1227 2692 versari
1243 2655 1392 2692 liceret.
1412 2655 1518 2692 Hinc
1539 2654 1656 2691 alter-

168 2722 275 2751 ratus
294 2715 446 2753 emend.
469 2715 709 2765 Impavidus.
728 2718 881 2752 Verum
947 2715 1008 2751 nis
1038 2712 1147 2751 sedes
1170 2721 1341 2750 mutatae.
1373 2711 1521 2750 Fabula
1551 2713 1657 2749 varie

168 2772 358 2811 Anchises
375 2772 544 2820 ferebat,
565 2775 636 2811 etsi
652 2771 850 2810 invalidus
866 2801 876 2820 ,
946 2783 966 2808 a
985 2772 1110 2823 poetis
1135 2779 1291 2809 tractata
1316 2782 1356 2808 et
1376 2777 1526 2808 ornata.
1550 2771 1656 2808 Fun·
