1767 3054
644 86 795 123 LIBER
825 85 919 121 VII.

1451 100 1531 138 279

35 167 152 210 Tam
177 162 322 226 magis
346 160 424 206 illa
449 158 673 214 fremen5‚
694 170 741 204 et
764 155 978 204 tristibus
1003 157 1150 203 effera
1175 158 1396 219 flammis,

40 241 196 297 Quam
218 235 362 298 magis
383 233 534 280 effuso
559 232 842 280 crudescunt
866 232 1092 295 sanguine
1117 248 1300 296 pugnae.

39 318 102 360 At
127 314 275 359 levem
300 309 518 372 clypeum
541 307 737 355 sublatis
762 307 986 354 cornibus
1011 311 1065 353 Io

36 392 170 433 Auro
191 383 468 447 insignibat,
489 383 585 446 jam
607 383 716 430 setis
736 382 910 442 obsita,
930 383 1028 446 jam
1047 382 1159 440 bos,
1474 404 1533 434 790

34 466 379 524 Argumentum
403 460 590 522 ingens,
612 471 658 505 et
682 470 837 506 custos
860 458 1057 521 virginis
1080 462 1257 520 Argus,

33 535 300 598 Caelataque
322 551 507 581 amnem
527 534 728 581 fundens
751 545 885 598 pater
905 533 1109 580 Inachus
1133 549 1267 579 urna.

34 611 308 673 Insequitur
331 609 521 657 nimbus
546 610 782 673 peditum,
808 610 1115 673 clypeataque
1140 608 1250 654 totis

34 688 238 749 Agmina
261 686 518 733 densantur
538 686 736 748 campis,
759 685 1030 748 Argivaque
1054 683 1228 747 pubes,

32 766 366 825 Auruncaeque
391 779 580 820 manus,
603 761 791 818 Rutuli,
812 771 1091 822 veteresque
1112 758 1294 816 Sicani,
1473 770 1531 812 79⁵

28 837 89 883 Et
114 839 331 884 Sacranae
355 837 500 894 acies,
526 847 572 882 et
596 835 713 898 picti
739 845 871 882 scuta
894 833 1091 881 Labici:

32 910 128 967 Qui
153 911 318 970 saltus,
344 909 593 967 Tiberine,
617 921 747 968 tuos,
769 925 1049 972 sacrumque
1066 908 1259 956 Numici

29 985 164 1032 Litus
188 997 344 1042 arant,
367 986 664 1045 Rutulosque
688 997 909 1030 exercent
931 999 1124 1029 vomere
1144 983 1299 1040 collis,

30 1061 356 1123 Circaeumque
377 1058 567 1122 jugu1n3
593 1059 698 1120 quis
721 1060 907 1121 Jupiter
926 1063 1151 1105 Anxurus
1177 1059 1302 1104 arvis

33 1237 182 1289 triplici
201 1237 327 1289 juba,
375 1234 519 1287 ἔχευσαι
552 1237 651 1290 τρεῖς
683 1233 750 1275 'm'-

32 1308 149 1347 φευς,
183 1308 303 1346 quam
335 1293 568 1347 τρυφάλειαν
603 1295 749 1332 dictam

32 1353 178 1391 volunt
202 1366 276 1403 pro
308 1350 527 1406 τριφά).εια.
559 1375 617 1383 -—-
650 1353 745 1400 787.

33 1411 116 1448 Illa
153 1410 369 1457 Chimaera3
394 1423 478 1448 non
510 1411 640 1462 galea,
676 1411 749 1447 etsi

33 1467 170 1518 paullo
206 1467 359 1506 durius.
377 1489 435 1497 —-
457 1468 537 1517 789
558 1481 665 1518 seqq.
698 1470 747 1505 In

32 1525 163 1576 clipeo
192 1538 375 1575 expressa
401 1527 446 1563 Io
474 1538 565 1562 cum
594 1524 745 1562 Inacho

31 1582 156 1620 fluxio
174 1597 184 1629 ;
206 1596 298 1619 nam
320 1582 369 1620 ab
394 1583 472 1621 hoc
493 1582 664 1620 ducebat
679 1596 744 1634 ge-

31 1653 107 1679 nus
137 1642 300 1678 Turnus
325 1653 413 1691 sup.
433 1655 536 1679 vers.
561 1643 637 1689 371
662 1653 743 1691 seq.

31 1697 206 1735 Sublatis
227 1697 407 1736 cornibus
434 1701 481 1736 Io
510 1707 647 1736 ornate
669 1711 744 1749 pro

29 1759 76 1794 Io
101 1764 268 1792 cornuta
285 1766 294 1793 :
314 1765 591 1808 argumentum
627 1758 746 1794 etiam

28 1816 72 1851 in
103 1814 266 1863 gemmis
292 1826 521 1862 expressum
552 1813 619 1863 (v,
653 1814 745 1864 Lip-

28 1878 131 1922 pert.
153 1870 315 1917 Dactyl.
339 1869 444 1906 Mill.
466 1872 505 1906 11
519 1897 530 1915 ‚
561 1883 577 1907 1
595 1898 606 1914 ,
638 1869 744 1919 18):

29 1927 131 1965 male
147 1939 222 1976 pro
240 1926 402 1972 ablatis,
425 1926 588 1971 demtis,
620 1925 746 1965 cerda

28 1994 69 2023 et
97 1984 146 2021 al.
178 1985 330 2021 Locum
359 1997 550 2034 perquam
577 1983 745 2020 similem

25 2041 192 2080 laudant
212 2043 346 2091 Intpp.
368 2054 418 2078 ex
434 2044 591 2091 Europa
606 2068 616 2087 ‚
633 2039 744 2090 quod

27 2099 188 2139 Moschi
220 2107 277 2135 est
304 2098 427 2149 Idylh
452 2100 513 2145 11,
536 2111 636 2135 vem.
660 2099 710 2142 43
727 2124 738 2143 ,

27 2166 97 2203 44.
113 2177 172 2186 —-
192 2169 288 2206 790.
308 2155 547 2207 Insignabat
568 2155 738 2193 Dorvill.

24 2214 176 2268 Insigni
205 2213 288 2250 ibat
318 2213 440 2251 Goth.
474 2226 552 2251 sec.
589 2212 740 2250 obstita

27 2276 145 2313 Rom.
165 2274 259 2309 Jam
293 2271 349 2307 bis
380 2271 475 2309 alter
503 2273 662 2322 Menag.

77 2332 173 2381 793.
185 2327 535 2379 Nimbuspedicnm
550 2327 658 2380 νέφος
671 2341 740 2366 πε-

25 2387 100 2433 ζῶν
114 2389 160 2427 11.
171 2382 210 2434 ὃ,
226 2395 307 2434 274
321 2397 358 2425 et
371 2387 419 2425 al.
435 2387 583 2438 Argiva
593 2386 741 2437 pubes:

25 2447 197 2498 pertinet
213 2444 263 2482 ad
274 2447 467 2498 originem
483 2445 611 2484 Turni
628 2454 664 2481 et
677 2458 739 2483 co-

24 2504 143 2542 tonos
169 2505 364 2556 Argivos,
393 2505 464 2555 qui
493 2516 584 2540 cum
605 2505 739 2540 Danae

27 2561 76 2598 ad
100 2562 251 2600 Italiam
270 2571 472 2601 venerant.
499 2561 682 2599 Aurunci
698 2561 737 2598 h.

24 2619 52 2657 l.
74 2627 169 2656 sunt
185 2621 257 2671 qui
283 2621 338 2656 cis
356 2621 478 2658 Lirim
492 2619 736 2657 habitabant.

27 2676 215 2723 Sicanos,
250 2678 325 2715 int.
354 2678 540 2728 reliquias
572 2691 622 2714 ex
659 2679 733 2722 iis,

23 2746 114 2786 quae
143 2733 193 2772 ad
217 2734 395 2774 Tiberim
418 2737 464 2774 in
492 2734 738 2775 Rutulorum

815 1237 965 1276 finibus
998 1235 1219 1276 consedisse
1250 1233 1467 1274 videntur:
1502 1237 1530 1275 l.

814 1298 900 1343 XI,
919 1310 959 1335 v,
980 1298 1076 1344 317.
1100 1294 1274 1332 Sacrani
1297 1294 1533 1331 Ardeatium

816 1366 955 1405 agmen
980 1353 1139 1390 xidetur
1166 1353 1284 1389 fuisse
1313 1364 1333 1388 e
1352 1364 1444 1388 vere
1473 1365 1532 1388 sa-

817 1423 886 1448 cro
918 1420 1079 1457 natum,
1110 1418 1178 1447 aut
1207 1418 1316 1447 certo
1349 1409 1531 1455 numini,

814 1469 916 1506 forte
940 1471 1097 1520 Magnae
1121 1467 1241 1504 deum
1269 1467 1410 1514 matri,
1440 1479 1531 1504 con-

813 1534 1033 1573 secratum,
1023 1540 1031 1548 ·
1064 1525 1235 1563 obscura
1260 1525 1367 1562 enim
1394 1525 1452 1561 rei
1475 1533 1533 1561 est

810 1585 1014 1622 memoria.
1030 1585 1274 1634 Sacrumque
1291 1578 1462 1620 Numicc‘
1469 1581 1533 1619 Li-

812 1651 903 1680 tus:
922 1643 1083 1693 proprie
1110 1643 1194 1692 ipse
1217 1641 1428 1680 Numicius
1450 1651 1531 1676 am-

811 1702 875 1738 nis
901 1713 1027 1748 sacer,
1059 1694 1139 1743 δῖος
1171 1721 1230 1728 -
1251 1711 1347 1749 799.
1366 1699 1531 1735 Axums

812 1759 958 1795 rectius
985 1757 1107 1794 scribi
1134 1765 1225 1807 post
1246 1758 1438 1793 'L'rsinum
1455 1767 1530 1805 pu-

813 1815 922 1851 tabat
942 1815 1154 1859 Heinsius,
1186 1814 1375 1863 quoniam
1401 1813 1457 1849 sic
1485 1811 1530 1848 in

814 1871 932 1909 codd.
949 1870 1035 1909 Silii
1052 1873 1174 1916 VIII,
1201 1871 1308 1915 333,
1329 1877 1367 1907 et
1385 1871 1428 1906 in
1451 1881 1528 1907 nu-

812 1942 879 1965 mo
901 1929 1028 1979 gentis
1050 1927 1183 1964 Vibiae
1212 1939 1467 1976 expressum;
1487 1934 1528 1963 et

812 1987 905 2034 quia
934 1988 979 2022 ΖΞ
968 1986 1022 2027 ῦς
1057 1973 1200 2036 Αξυρος
1224 1984 1357 2021 dictus
1385 1985 1435 2021 sit
1454 1983 1525 2020 im-

812 2041 949 2079 berbts.
986 2041 1063 2080 Sed
1095 2042 1163 2078 illa
1203 2041 1444 2093 etymologia
1476 2041 1528 2078 ad

807 2100 1154 2151 grammaticorum
1185 2112 1310 2150 nugas
1333 2107 1390 2136 est
1416 2098 1525 2137 able-

807 2157 933 2208 ganda
947 2170 957 2203 ;
979 2169 1071 2194 nam
1082 2157 1272 2194 Volscum
1287 2169 1434 2194 nomen
1443 2159 1525 2195 An-

806 2228 886 2252 xur
902 2223 983 2261 est;
1002 2223 1086 2251 tum
1100 2242 1111 2260 ‚
1139 2214 1293 2252 literam
1317 2228 1342 2251 n
1366 2213 1524 2252 excide-

806 2285 849 2310 re
868 2274 911 2310 in
927 2273 1057 2309 numis
1072 2280 1111 2309 et
1128 2273 1251 2310 titulis
1265 2300 1276 2318 ‚
1294 2272 1396 2310 nihil
1411 2274 1522 2310 novi.

806 2352 864 2359 —
894 2335 1045 2368 Anxur
1077 2331 1318 2368 Volscorum
1358 2332 1522 2368 nomine

806 2389 966 2439 Jupiter
985 2387 1225 2438 appellatus,
1255 2389 1373 2439 pueri
1395 2387 1523 2427 forma

805 2447 850 2483 in
868 2446 1000 2483 numis
1029 2448 1227 2493 occurrit3
1245 2454 1290 2483 ut
1313 2445 1410 2484 adeo
1429 2459 1522 2484 cum

805 2505 956 2552 Vejove
975 2506 1193 2555 comparari
1208 2505 1332 2555 possit
1344 2533 1355 2551 ,
1373 2504 1422 2541 de
1437 2517 1519 2555 quo

807 2561 924 2600 ovid.
958 2563 1059 2600 Fast.
1093 2563 1179 2609 111,
1209 2563 1287 2609 437
1318 2575 1376 2614 sq.
1409 2561 1520 2600 Idem

806 2619 899 2656 urbi
933 2621 1113 2668 Anxuri,
1147 2633 1244 2658 mox
1270 2622 1519 2667 Tarracinae,

804 2690 954 2716 nomen
987 2676 1137 2715 dedisse
1173 2677 1368 2716 videtur:
1404 2680 1518 2727 cujus

804 2748 895 2788 ager
925 2735 966 2775 h.
993 2735 1021 2775 1.
1049 2749 1121 2790 per
1139 2749 1257 2785 arva,
1280 2735 1392 2788 queis
1410 2737 1517 2788 Jupi-
