1767 3054
210 232 291 269 368
781 231 1056 270 EXCURSUS
1089 231 1127 268 II

207 307 305 353 rint,
338 314 382 343 ut
414 309 578 352 Seneca,
598 307 717 343 Herc.
741 304 816 342 sur.
844 305 926 342 658
949 317 1049 355 sqq.,
1070 304 1203 342 Valer.
1232 304 1357 342 Flacc.
1378 303 1449 341 lib.
1472 304 1511 351 Ι,
1532 302 1606 342 sub
1633 298 1704 340 fin.

209 376 287 423 827
309 388 394 425 sqq.
424 387 532 411 nunc
557 387 640 411 non
670 385 866 410 curamuS.
896 373 1082 409 Tentavit
1104 373 1185 420 jam
1210 371 1314 409 idem
1342 373 1533 423 Spencius
1552 379 1592 408 et
1616 372 1708 409 Jor-

207 442 334 486 tinus,
360 441 460 478 Diss.
486 443 564 486 VI,
593 454 634 490 p.
663 440 759 484 258,
780 447 924 489 praeter
946 439 1042 475 alios
1064 440 1197 490 Intpp.
1228 440 1431 478 Nonnulla
1449 440 1594 476 iterum
1614 445 1711 475 trac-

207 510 304 546 tavit
322 507 583 546 W'ernsdorff.
604 510 711 544 Poet.
731 507 830 544 min.
852 515 945 544 tom.
966 508 1026 552 II,
1046 508 1212 544 Excurs.
1233 509 1386 545 XVIII.
1405 509 1482 545 Res
1499 520 1625 557 quum
1640 518 1711 556 per

208 588 248 612 se
280 587 364 611 non
398 574 550 610 inutilis
581 586 662 610 esse
695 581 827 623 potest
856 572 904 609 ad
934 580 1061 624 poetae
1082 569 1468 623 interpretationem,
1504 583 1588 611 tum
1610 585 1706 610 vero

209 642 325 678 etiam
346 639 392 675 iis
411 647 519 689 grata
539 652 620 676 esse
640 637 777 684 debet,
799 639 870 688 qui
889 640 1029 676 Dantis
1050 638 1275 686 Inferum,
1297 640 1440 690 partim
1455 653 1506 676 ex
1522 641 1712 687 Marone,

209 720 290 757 quo
320 707 353 742 is
384 705 483 743 duce
511 707 652 752 utitur,
678 718 926 756 expressum,
953 714 1038 744 tum
1066 706 1183 743 etiam
1204 706 1373 743 aliorum
1394 714 1601 756 poetarum
1625 691 1716 744 loeti

209 786 436 825 comparare
467 774 624 812 volunt.
654 776 714 811 Ita
742 774 861 812 Silius
881 775 1005 822 XIII,
1037 774 1118 812 526
1148 787 1234 826 sqq,
1266 783 1388 812 totam
1406 773 1624 812 inferorum
1644 774 1711 812 de-

208 844 465 893 scriptionem
482 843 669 889 variavit‚
688 841 824 880 decem
843 843 983 892 portis,
1001 851 1040 880 et
1054 843 1189 899 sQQ'J,
1204 843 1386 893 put0,in
1400 842 1448 879 iis
1465 843 1711 889 constitutis,

208 918 255 946 ut
274 910 449 947 Platonis
471 909 612 946 circuli
631 918 720 947 ante
738 909 877 947 oculos
896 909 1016 947 fuisse
1033 900 1264 957 videantur3
1284 908 1391 947 unde
1408 911 1525 947 etiam
1541 910 1712 962 Servius,

208 976 256 1013 ad
281 990 317 1014 v.
343 976 445 1023 426,
467 989 560 1014 suos
580 989 725 1014 novem
756 976 924 1015 circulos
953 975 1114 1014 duxisse
1134 975 1306 1024 videtur,
1331 977 1404 1014 etsi
1430 975 1557 1013 alieno
1581 989 1603 1013 a
1621 977 1713 1014 Vir-

207 1043 291 1094 gilii
315 1051 446 1080 mente
479 1053 719 1082 commento.
751 1045 865 1083 Certe
895 1056 1041 1081 novem
1074 1044 1215 1081 Dantis
1243 1042 1441 1081 anfractus
1471 1041 1519 1079 ad
1539 1042 1714 1081 Platonis

207 1109 446 1161 Virgiliique
466 1110 632 1148 ductum
648 1112 821 1161 junctim
850 1110 1075 1149 adumbrati
1091 1118 1198 1149 sunt.
1217 1110 1320 1150 Nam
1341 1109 1482 1152 Silium
1499 1108 1549 1148 ab
1567 1121 1614 1146 eo
1632 1108 1714 1147 lec-

208 1185 293 1213 tum
319 1189 400 1213 esse
420 1176 579 1216 dubito.

263 1245 339 1280 Via
356 1245 519 1295 quidem
534 1248 662 1297 prima
680 1260 751 1297 per
769 1247 999 1298 speluncam
1012 1274 1023 1295 ‚
1040 1260 1137 1286 mox
1153 1248 1361 1286 immensas
1376 1258 1449 1297 per
1464 1244 1580 1283 silvas
1592 1273 1604 1293 ,
1626 1244 1716 1282 cali·

205 1313 346 1361 ginoso
371 1313 496 1361 coelo,
520 1314 691 1352 ducebat
714 1314 762 1352 ad
780 1328 960 1354 amnem.

265 1383 314 1417 In
330 1381 465 1431 primo
489 1382 584 1419 Orci
600 1382 712 1419 aditu
728 1380 986 1435 (προάστειον
1005 1382 1153 1421 dixeris
1165 1412 1176 1430 ‚
1193 1390 1322 1433 poetae
1337 1379 1577 1418 vestibulum
1597 1378 1682 1432 est)
1698 1409 1708 1426 ‚

209 1450 386 1498 citraque
417 1449 713 1497 Acherontem,
743 1453 908 1498 Luctus,
948 1452 1086 1499 Curae,
1123 1450 1274 1496 Morbi,
1315 1452 1525 1495 Senectus,
1556 1450 1708 1494 Metus,

210 1517 375 1561 Fames,
405 1517 601 1566 Egestas,
625 1519 789 1563 Letum,
816 1517 970 1562 Labor,
1004 1520 1151 1568 Sopor,
1177 1517 1290 1555 mala
1320 1516 1503 1561 Gaudia,
1526 1515 1709 1560 Bellum,

209 1580 475 1627 Eumenides,
508 1582 729 1620 Discordia:
761 1583 894 1621 sedem
921 1584 1067 1621 habere
1095 1584 1286 1622 dicuntur
1315 1598 1355 1622 v.
1381 1583 1605 1632 273—281
1635 1583 1713 1620 ele-

210 1657 325 1699 gante
344 1648 509 1699 myth03
531 1651 619 1698 quis
637 1651 741 1686 enim
768 1663 851 1687 non
873 1650 1067 1701 intelligat
1087 1663 1168 1686 esse
1185 1650 1269 1687 haec
1290 1651 1418 1697 Mala,
1440 1649 1586 1700 quibus
1601 1651 1714 1687 Mors

209 1716 417 1752 arcessitur
430 1743 440 1762 ,
462 1728 630 1766 quaeque
653 1717 759 1753 illam
776 1718 839 1754 vel
858 1716 1097 1754 antecedunt
1112 1717 1177 1753 vel
1198 1717 1467 1754 comitantur?

267 1786 316 1822 In
336 1782 467 1820 medio
489 1783 679 1829 Somnia,
700 1785 743 1821 in
759 1784 871 1822 ulmo
896 1783 1142 1830 nidulantia‚
1163 1783 1214 1820 ad
1231 1784 1397 1821 Homeri
1416 1782 1592 1821 ductum.
1612 1785 1715 1834 Quae

207 1863 300 1887 cum
332 1857 451 1887 nocte
472 1851 685 1897 conjuncta
708 1858 825 1897 sunt,
846 1850 984 1888 eadem
1010 1863 1103 1887 cum
1122 1849 1221 1887 locis
1247 1849 1385 1886 inferis
1399 1876 1410 1896 ‚
1434 1850 1496 1887 uti
1514 1862 1606 1886 cum
1626 1850 1711 1899 ipsa

206 1926 334 1955 morte
348 1944 359 1963 ,
380 1917 594 1965 conjuncta
610 1925 716 1955 sunt.
736 1917 837 1955 Cum
853 1925 985 1955 autem
1003 1916 1133 1955 Hades
1147 1905 1265 1961 Ᾰΐὸης
1278 1944 1289 1963 ,
1309 1918 1472 1968 proprie
1485 1943 1496 1963 ,
1518 1915 1587 1967 qui
1607 1917 1715 1955 cerni

208 1986 364 2037 nequit,
400 1986 533 2023 locum
563 1985 681 2022 faciat
706 1986 777 2032 iis,
809 1997 899 2035 quae
928 1986 1072 2022 mentis
1100 1997 1203 2022 vana
1233 1981 1412 2035 fingendi
1431 1984 1472 2021 vi
1498 1983 1713 2036 excogitari

206 2061 400 2104 possunt:
422 2060 598 2089 monstra
627 2053 994 2102 antiquissimorum
1022 2061 1162 2090 vatum
1187 2051 1252 2091 hic
1283 2051 1546 2091 collocantur.
1573 2053 1712 2103 Itaque

207 2120 303 2157 hinc
324 2119 416 2156 inde
431 2119 516 2156 haec
532 2119 620 2157 loca
638 2127 774 2156 teuent
797 2119 1006 2165 Centauri,
1029 2119 1174 2169 Scylla·
1185 2147 1198 2165 ,
1220 2117 1419 2167 Briareus,
1435 2119 1594 2168 Hydra,
1621 2118 1711 2157 Chi-

206 2200 351 2232 moera,
384 2187 608 2238 Gorgones,
642 2185 859 2237 Harpyiae,
895 2187 1081 2236 Geryon,
1105 2185 1287 2224 versibus
1299 2186 1386 2224 v282
1411 2207 1471 2217 ·--
1490 2187 1587 2236 289.
1611 2188 1708 2224 Om-

204 2255 305 2291 nino
337 2253 416 2291 hoc
449 2254 627 2304 proclive
657 2254 755 2302 fuit,
790 2263 998 2306 poetarum
1028 2267 1099 2292 seu
1126 2255 1350 2305 sapientum
1381 2255 1532 2292 animos
1560 2255 1606 2290 in
1632 2253 1710 2292 hoc

203 2319 431 2369 phantasma
460 2322 662 2358 incurrere
675 2348 685 2368 ,
709 2330 756 2359 ut
773 2322 816 2359 in
835 2321 945 2360 aditu
972 2320 1022 2359 ad
1042 2320 1285 2360 Umbrarum
1302 2321 1413 2370 loca,
1437 2319 1708 2372 phantasmata

202 2387 275 2422 ista
297 2395 335 2423 et
354 2396 531 2424 monstra
556 2387 811 2426 collocarent.

260 2456 500 2491 Perventum
520 2464 579 2492 est
597 2455 645 2492 ad
666 2469 826 2494 amnem
842 2469 856 2492 :
877 2468 996 2506 quem
1016 2455 1099 2501 384
1118 2457 1280 2508 Stygem
1291 2483 1304 2501 ,
1334 2453 1416 2504 295
1440 2451 1707 2490 Acherontem

202 2529 332 2558 vocat.
358 2523 532 2559 Petitum
556 2531 613 2560 est
632 2522 862 2574 phantasma
890 2523 969 2561 hoc
996 2537 1017 2560 a
1037 2525 1165 2576 regnis
1193 2536 1238 2560 ac
1266 2521 1506 2573 provinciiS‚
1537 2532 1706 2570 quarum

201 2583 302 2623 fines
320 2598 391 2636 per
407 2599 545 2638 magna
561 2588 725 2627 flumina
745 2598 951 2642 reguntur.
971 2593 1034 2628 Ex
1047 2591 1270 2641 priscorum
1288 2595 1495 2638 poetarum
1516 2588 1707 2637 opinione

203 2655 385 2692 Oceanus
402 2661 596 2691 terrarum
615 2657 754 2694 orbem
772 2670 883 2695 more
900 2658 1025 2695 amnis
1048 2656 1224 2693 ambiens
1249 2655 1292 2692 in
1314 2653 1552 2692 occidentali
1568 2662 1702 2706 parte,

207 2719 307 2758 Solis
335 2718 574 2767 occidentis,
597 2723 757 2771 Noctis,
782 2725 942 2771 Somni,
963 2722 1087 2769 aedes,
1110 2729 1197 2759 tum
1215 2720 1418 2772 Elysium,
1442 2720 1600 2758 tandem
1627 2719 1706 2758 adi-

199 2795 286 2822 tum
305 2784 353 2823 ad
374 2786 463 2822 loca
488 2786 614 2823 infera
639 2789 868 2827 continebat
892 2788 1026 2841 (conf.
1051 2791 1198 2838 Opusc.
1223 2795 1252 2825 t.
1277 2789 1320 2835 I,
1338 2799 1427 2838 pag.
1451 2788 1530 2838 397
1553 2784 1700 2838 seqq):

199 2853 364 2893 flumine
393 2862 523 2894 antem
549 2857 651 2894 circa
679 2859 830 2896 Orcum
858 2856 1005 2905 ducto,
1024 2854 1151 2893 aditus
1172 2867 1256 2894 non
1278 2863 1385 2904 erat,
1410 2856 1488 2894 nisi
1507 2856 1601 2896 navi
1622 2863 1701 2893 tra·
