1767 3054
165 180 215 216 56
786 186 1026 223 AENEIDOS

161 253 443 299 Lustravcre
463 253 511 299 in
537 253 696 315 equis;
722 253 906 316 signum
932 256 1135 301 clamore
1158 258 1332 317 paratis

159 325 385 385 Epytides
411 327 548 389 longe
575 327 728 385 dedit,
757 327 1058 390 insonuitque
1083 329 1280 392 flagello.

161 399 255 444 Olli
281 399 549 448 discurrere
573 419 733 464 pares,
756 414 896 464 atque
922 404 1106 464 agmina
1131 405 1252 451 terni
1599 416 1658 446 580

159 472 377 521 Diductis
403 477 585 522 solvere
611 476 791 533 choris,
817 492 1076 538 rursusque
1096 480 1252 525 vocati

159 551 448 597 Convertere
472 552 595 609 vias,
615 551 878 614 infestaque
905 553 995 598 tela
1020 553 1184 599 tulere.

158 623 272 668 Inde
296 624 410 671 alios
435 626 600 671 ineunt
626 642 790 673 cursus
815 627 1024 688 aliosque
1048 643 1267 673 recursus

157 695 382 743 Adversis
408 699 593 760 spatiis,
618 700 904 761 alternisque
931 700 1128 747 orbibus
1152 700 1291 746 orbes

157 773 436 833 Inpediunt,
464 791 727 836 pugnaeque
752 776 876 821 cient
897 776 1148 822 simulacra
1167 775 1254 822 sub
1281 777 1443 835 armis3
1597 788 1656 818 58⁵

155 848 215 891 Et
239 863 363 892 nunc
387 857 517 909 terga
543 849 653 910 fuga
671 849 874 907 nudant,
899 867 1024 896 nunc
1049 850 1229 912 spicula
1248 861 1439 896 vertunt

157 1028 341 1067 cundiam
389 1033 559 1082 exprimi
603 1041 731 1082 puteS.
771 1034 873 1070 Mox

156 1100 221 1124 eos
243 1090 370 1140 cogita
388 1089 509 1140 longo
528 1089 667 1127 ordine
687 1089 871 1127 inceden-

156 1154 214 1181 tes
234 1158 420 1197 eampum
438 1148 481 1183 in
499 1147 636 1184 orbem
653 1147 809 1186 obiisse.

215 1204 296 1241 580
313 1233 322 1251 ‚
343 1206 365 1242 5
373 1205 392 1241 8
406 1218 438 1243 1.
462 1205 651 1242 Deductis
675 1206 867 1256 scriptum

154 1263 198 1297 in
227 1264 343 1300 Rom.
374 1262 547 1309 Medic„
587 1272 625 1300 et
657 1264 729 1310 aL,
766 1264 869 1301 forte

155 1318 312 1356 doctius
345 1333 419 1370 pro
458 1321 584 1358 ductis
622 1321 867 1371 simpliciter.

156 1376 232 1414 Sed
251 1377 298 1414 de
324 1378 569 1416 aberratione
594 1381 684 1416 satis
702 1388 868 1418 constat.

155 1434 257 1472 Vide
289 1435 409 1473 modo
437 1450 476 1474 v,
511 1437 594 1487 569
626 1437 799 1474 delectus
826 1439 868 1474 in

153 1492 292 1530 eodem
334 1492 531 1533 Mediceo.
583 1498 708 1534 Porro
749 1494 869 1531 ternis

153 1551 269 1589 codd.
290 1553 392 1590 Pier.
416 1565 507 1589 cum
535 1561 707 1603 quatuor
727 1554 865 1590 Heius.

153 1618 191 1645 et
232 1622 315 1646 uno
350 1612 486 1648 Burm.
519 1624 563 1647 ac
609 1610 730 1648 Goth.
762 1623 839 1648 see.
854 1639 864 1656 ,

152 1666 261 1717 quod
285 1667 455 1705 malebat
477 1670 639 1707 Pierius.
670 1667 747 1707 Sed
766 1668 867 1705 bene

151 1733 288 1762 monet
309 1727 497 1763 Heinsius
511 1755 521 1773 ‚
541 1725 756 1777 legendum
772 1734 868 1763 tunc

152 1795 261 1820 esse:
290 1782 459 1834 agmina
494 1784 612 1820 ternis
641 1783 808 1820 Diducti
835 1797 866 1821 s.

151 1838 280 1876 choris
292 1854 308 1884 ;
332 1854 405 1877 nec
441 1840 541 1877 vidit
579 1841 731 1878 Pierius
768 1841 872 1877 terni

152 1899 269 1934 etiam
281 1899 581 1948 exquisitiorem
590 1899 809 1935 orationem
819 1899 869 1936 ef-

149 1953 619 2006 ficere.—580'sq.Hunc
628 1956 763 1994 locum
775 1970 869 1994 cum

150 2014 361 2062 subjuncta
397 2015 692 2065 comparatione
727 2028 747 2051 e
776 2015 867 2065 pnl-

151 2071 354 2109 cherrimis
367 2086 447 2110 esse
459 2081 560 2122 puto
579 2071 710 2109 vivida
723 2071 771 2109 ad
783 2085 867 2109 sen-

151 2143 238 2166 sum
262 2131 611 2180 repraesentatione
639 2132 696 2167 rei
717 2130 765 2166 ad
785 2131 866 2167 elo-

151 2188 293 2236 quium
325 2186 513 2226 difficilis.
546 2191 774 2237 Occupatus
792 2188 868 2224 fuit

150 2244 193 2280 in
231 2243 307 2281 hoc
336 2245 433 2282 ludo
476 2245 712 2283 declarando
749 2254 866 2295 atque

151 2302 269 2338 etiam
291 2301 526 2340 delineando
540 2305 612 2340 Ge.
623 2306 746 2340 Henr.
761 2302 868 2340 No'lz-

152 2358 231 2395 den
250 2360 413 2412 noster(
424 2361 467 2397 in
486 2361 765 2397 Erkla'renden
780 2363 865 2397 An-

155 2417 396 2470 merkungen
435 2430 508 2454 zur
539 2417 680 2455 AEneis
706 2431 719 2454 .·
744 2418 863 2456 Class.

155 2476 373 2526 Encyclop.
398 2478 440 2513 P.
460 2476 524 2521 V,
551 2475 630 2513 vol.
662 2477 698 2521 1,
719 2489 758 2526 p.
783 2476 861 2513 332

155 2544 211 2580 sq.
223 2531 251 2581 ).
270 2535 394 2569 Pares
409 2533 499 2570 loco
511 2562 521 2579 ‚
543 2533 682 2571 ordine
701 2532 838 2570 eodem
850 2562 860 2579 ‚

155 2595 200 2624 ut
218 2602 305 2639 sup.
323 2605 362 2628 v.
380 2603 395 2627 1
410 2598 472 2635 14.
495 2591 616 2628 Terni
633 2599 763 2627 tamen
774 2590 813 2628 h.
829 2605 862 2629 e.

156 2647 277 2682 ternis
295 2647 458 2686 diversis
475 2649 635 2695 turmis,
658 2661 754 2698 quas
778 2648 865 2685 cho-

156 2716 219 2739 ros
240 2704 430 2755 appellat,
467 2706 482 2758 (
499 2719 744 2757 quarumque
768 2705 862 2744 duo-

153 2760 282 2798 decim
321 2775 488 2813 quaeqne
520 2765 735 2811 juvenum,
771 2777 864 2814 qua-

155 2821 275 2857 ternis
296 2819 396 2858 forte
419 2823 581 2860 catervis
595 2850 605 2869 ‚
621 2821 863 2873 erat)disce-

940 1033 1065 1079 dunt3
1084 1042 1151 1070 aut
1164 1061 1174 1079 ,
1195 1034 1298 1070 terni
1321 1034 1469 1083 quique
1486 1033 1654 1070 incesse-

938 1099 1056 1137 runt,
1076 1092 1130 1127 ita
1150 1099 1195 1127 ut
1217 1089 1428 1127 duodecim
1447 1099 1575 1127 essent
1592 1103 1653 1127 ca·

938 1157 1057 1185 tervae
1072 1177 1082 1195 ,
1119 1149 1240 1184 trium
1276 1160 1524 1198 unaquaeque
1558 1161 1655 1198 pue·

936 1219 1086 1244 rorum.
1105 1207 1205 1242 Mox
1222 1207 1368 1242 iterum
1389 1214 1560 1251 coeunt,
1581 1219 1655 1242 vo-

936 1263 1030 1310 cati,
1045 1276 1066 1299 a
1079 1263 1423 1301 ducibus.—582.
1440 1265 1653 1300 Instructa-

937 1335 1012 1372 que
1029 1320 1178 1359 Medic.
1199 1323 1301 1359 Pier.
1317 1321 1474 1358 Dedere
1496 1322 1610 1359 Witt.
1631 1334 1654 1358 a

936 1392 988 1417 m.
1008 1392 1141 1430 pr.—
1162 1377 1317 1430 Infesta
1338 1379 1422 1415 tela
1444 1379 1586 1424 tulere,
1607 1387 1655 1416 ut

937 1437 1028 1474 alias
1038 1435 1152 1488 ferre
1172 1436 1290 1488 signa
1313 1435 1459 1489 infesta
1473 1465 1484 1481 ,
1506 1435 1652 1474 inferre

936 1495 1000 1532 vel
1033 1504 1191 1540 tenere,
1226 1494 1396 1540 habere,
1429 1507 1575 1545 gerere.
1599 1494 1648 1532 cf.

934 1554 1053 1590 etiam
1077 1554 1238 1600 Burm.;
1266 1566 1361 1590 mox
1398 1567 1436 1590 v.
1466 1553 1547 1596 584
1566 1552 1652 1589 Ad-

936 1610 1050 1648 versis
1075 1609 1236 1661 spatii5‚
1260 1610 1300 1648 h.
1331 1624 1364 1648 e.
1400 1610 1546 1662 quibus
1575 1611 1652 1659 ipsi

935 1668 1090 1705 adversi
1119 1669 1159 1707 h.
1189 1682 1222 1706 e.
1248 1668 1359 1705 obvii
1384 1669 1557 1706 invicem
1575 1667 1651 1704 sibi

936 1727 1028 1763 facti
1051 1727 1196 1764 iterum
1217 1724 1433 1762 deflectunt
1461 1739 1502 1762 se
1517 1753 1527 1772 ,
1551 1733 1590 1763 et
1606 1726 1650 1762 in

935 1797 1062 1822 novos
1082 1797 1202 1835 gyros
1220 1783 1461 1821 discurrunt.
1480 1804 1539 1811 -—-
1553 1783 1648 1826 584.

935 1841 1092 1879 Aversis
1110 1841 1264 1879 Zulich.
1286 1840 1470 1877 adversos
1481 1841 1562 1879 Erf.
1582 1841 1650 1878 ad-

936 1899 1034 1936 versi
1061 1908 1151 1950 post
1194 1900 1394 1937 Pierianos
1431 1898 1649 1936 nonnullos

934 1959 1031 1996 Exc.
1070 1959 1206 1994 Bnrm.
1220 1985 1230 2004 ‚
1263 1955 1372 2006 quod
1407 1955 1553 2006 probat
1587 1957 1650 1993 vit

934 2014 1196 2052 doctissimus.
1235 2012 1491 2064 Alternisque
1509 2014 1647 2051 Heius.
1703 2044 1706 2047 .

933 2075 1094 2124 recepit,
1110 2074 1228 2119 Pier.,
1243 2080 1343 2122 puto
1353 2099 1363 2118 ‚
1380 2069 1646 2122 obsequutns',

933 2140 970 2168 et
988 2132 1092 2182 parti
1111 2129 1296 2167 codicum
1308 2157 1319 2175 ‚
1342 2128 1516 2179 qnorum
1537 2130 1648 2179 prin-

933 2202 1024 2239 ceps
1037 2192 1252 2226 Romanus.
1267 2189 1322 2224 At
1329 2186 1534 2224 Medjceus
1553 2199 1645 2223 cum

933 2247 1071 2284 ceteris
1084 2246 1337 2295 alternosque
1347 2272 1357 2291 ,
1377 2255 1460 2294 quo
1471 2245 1646 2281 variatur

933 2306 1075 2342 oratio.
1088 2325 1146 2332 -
1157 2301 1335 2341 Alternis
1365 2300 1516 2337 orbibus
1535 2300 1645 2338 orbes

934 2361 1164 2412 Impediunt
1184 2359 1372 2410 praeclare
1385 2386 1395 2405 ,
1413 2370 1505 2394 cum
1526 2359 1644 2395 variis

932 2419 1104 2456 flexibus
1124 2417 1299 2455 subeunt
1315 2429 1355 2452 se
1383 2416 1556 2453 invicem
1574 2416 1644 2453 sal-

931 2478 1101 2514 tantium
1130 2474 1311 2520 ordines,
1331 2486 1450 2523 seque
1477 2474 1645 2511 miscent

932 2543 971 2571 et
991 2533 1210 2583 implicant.
1225 2553 1285 2559 ——
1298 2531 1393 2568 585.
1412 2532 1547 2568 Dictio
1565 2533 1642 2569 Lu-

933 2593 1102 2629 cretiana
1118 2589 1229 2626 facile
1249 2590 1473 2641 agnoscitur
1489 2601 1540 2626 ex
1557 2589 1640 2637 ejus

929 2648 1001 2687 lib.
1039 2648 1078 2684 ΙΙ
1092 2675 1102 2693 ,
1131 2647 1179 2683 de
1211 2660 1345 2683 rerum
1376 2653 1537 2692 natura,
1573 2658 1640 2683 vv.

932 2714 980 2752 41
1005 2714 1044 2742 et
1063 2707 1143 2750 324
1163 2704 1260 2741 belli
1282 2703 1499 2741 simulacra
1524 2702 1640 2740 ciere.

929 2785 986 2792 —
1001 2763 1076 2800 Sub
1093 2761 1227 2808 armis,
1245 2771 1292 2799 ut
1312 2774 1414 2812 saepe
1429 2759 1534 2811 apud
1548 2771 1642 2810 poe-

930 2830 1008 2859 tam
1030 2833 1104 2872 pro
1117 2848 1128 2865 ‚
1153 2819 1381 2860 armaei.--
1392 2818 1487 2856 586.
1505 2820 1616 2870 Fuga
1629 2843 1640 2864 ,
