1767 3054
203 117 281 167 298

826 118 1067 157 AENEIDOS

202 185 639 249 Amphitryoniadae
659 202 827 249 magno
853 188 1066 249 divisque
1091 187 1272 234 ferebat

202 264 325 305 Ante
350 259 517 306 urbem
541 261 589 306 in
613 261 719 307 luco
745 280 754 306 :
778 262 924 308 Pallas
948 262 1060 309 huic
1083 263 1204 309 filius
1226 278 1341 319 una,

205 336 312 380 Una
336 349 496 381 omnes
516 337 743 398 juvenum
769 337 936 398 primi,
960 353 1235 400 pauperque
1258 347 1443 384 senatus
1637 344 1694 374 ¹05

204 412 332 456 Tura
351 409 548 468 dabant,
575 412 855 473 tepidusque
880 427 1024 457 cruor
1047 412 1258 458 fumabat
1278 412 1337 458 ad
1361 426 1478 457 aras.
1539 452 1542 453 ⁷

203 486 269 530 Ut
297 486 439 531 celsas
463 485 627 531 videre
651 495 798 542 rates,
824 496 965 547 atque
989 486 1112 532 inter
1135 503 1337 548 opacum

203 557 375 603 Adlabi
399 575 562 605 nemus
576 594 588 618 ‚
609 569 657 604 et
679 559 829 605 tacitis
851 560 1126 605 incumbere
1149 561 1288 606 remis
1308 580 1322 618 3

203 633 464 678 Terrentur
488 631 593 678 visu
614 631 796 691 subito,
822 633 1074 694 cunctique
1097 633 1271 679 relictis

202 706 502 767 Consurgunt
524 708 695 753 mensis
717 726 726 752 :
754 707 909 753 audax
932 723 1051 769 quos
1075 723 1296 770 rumpere
1321 706 1467 753 Pallas
1635 725 1692 744 110

203 783 347 827 Sacra
369 792 520 839 vetat,
547 792 779 844 raptoque
802 782 930 827 volat
950 782 1043 828 telo
1064 780 1234 827 obvius
1259 781 1384 843 ipse;

201 857 259 900 Et
279 857 446 917 procul
472 874 496 903 e
518 857 699 903 tumulo
723 875 733 901 :
761 878 780 898 «
802 861 828 903 J
833 873 1028 914 uvenes,
1051 873 1156 919 quae
1183 871 1348 902 caussa
1370 853 1557 917 subegit

200 932 391 991 Ignotas
415 942 595 977 tentare
615 931 743 977 vias?
765 935 874 989 Quo
898 931 1116 977 tenditis?
1137 931 1306 992 inquit.

202 1004 298 1060 Qui
323 1006 496 1066 genus?
521 1007 658 1051 Unde
682 1006 852 1052 domo?
877 1009 1103 1051 Pacemne
1123 1004 1219 1051 huc
1243 1004 1390 1065 fertis,
1415 1020 1474 1051 an
1498 1005 1653 1050 arma?
1675 1024 1694 1043 »

200 1081 320 1124 Tum
345 1089 482 1140 pater
503 1082 673 1126 AEneas
694 1080 844 1142 puppi
867 1080 933 1126 sic
958 1080 1083 1125 fatur
1107 1079 1166 1125 ab
1189 1080 1303 1138 alta,

1634 1088 1693 1119 115

199 1151 517 1212 Paciferaeque
539 1168 682 1196 manu
706 1168 890 1197 ramum
914 1152 1164 1214 praetendit
1187 1153 1323 1197 olivae
1344 1170 1357 1196 ε

199 1245 219 1265 «
241 1225 531 1288 Trojugenas
556 1241 611 1272 ac
634 1226 726 1272 tela
747 1226 880 1272 vides
902 1226 1093 1274 inimica
1114 1225 1316 1283 Latinis,

194 1433 302 1458 sacra
318 1420 526 1460 facientem
536 1423 691 1469 incidit,
703 1426 836 1475 negari
848 1438 912 1462 ne-

196 1479 284 1526 quit
305 1489 314 1514 :
339 1481 456 1515 etiam
478 1493 528 1516 ex
556 1482 756 1518 Pisistrato
775 1484 911 1520 Nesto-

194 1536 247 1570 ris
267 1532 352 1570 filio
376 1536 500 1572 Pallas
518 1536 723 1573 subnatus.
738 1538 803 1574 Ad
819 1540 910 1575 talia

194 1590 478 1628 attendendum
507 1600 565 1628 est
587 1594 644 1637 ei,
673 1595 743 1642 qui
772 1594 820 1630 de
840 1609 909 1632 sex

191 1648 458 1697 posteriorum
494 1649 669 1686 AEneidis
713 1649 908 1688 librorum

192 1707 415 1754 praestantia
442 1713 480 1742 et
514 1705 562 1742 de
595 1714 722 1756 poetae
747 1708 908 1758 ingenio

191 1763 452 1810 pronuntiare
475 1763 585 1809 vult3
610 1777 660 1800 ne
698 1776 906 1813 argumen-

192 1819 222 1854 ti
257 1820 393 1867 inopia
425 1819 556 1856 fraudi
587 1821 638 1856 sit
670 1821 830 1870 ingenio
868 1831 907 1859 et

192 1877 265 1912 arti
280 1884 421 1925 poetae.
441 1897 500 1905 ·—·
522 1878 614 1914 103.
634 1877 800 1914 Herculi
816 1891 906 1915 cum

191 1934 330 1970 ceteris
360 1933 448 1971 (1115.
481 1933 563 1971 vid.
599 1937 708 1973 Serv.
731 1957 789 1963 -—
811 1937 904 1974 105.

189 1993 353 2039 Pauper
375 1999 549 2028 senatus,
566 1991 771 2041 Explicuit
789 1993 906 2030 Silius

190 2049 210 2083 Ι
223 2074 233 2092 ,
256 2048 339 2096 609
364 2057 554 2097 castaque
573 2048 709 2085 beatos
734 2053 906 2099 Pauper-

191 2111 276 2140 tate
294 2107 447 2141 Patres.
474 2105 524 2141 cf.
556 2105 675 2143 eund.
709 2108 793 2152 VI,
821 2107 902 2144 631

189 2174 276 2210 sqq.
290 2182 348 2189 —-
365 2161 458 2198 108.
482 2161 627 2198 Tacitis
654 2163 791 2208 remis,
816 2164 920 2201 nul-e

189 2217 274 2254 lum
298 2230 491 2269 aquarum
511 2220 721 2269 strepitum
744 2233 906 2258 moven-

191 2274 320 2322 tibus3
341 2276 386 2312 in
414 2287 526 2312 amne
552 2276 711 2326 placido
729 2288 738 2314 :
759 2286 804 2314 ut
821 2291 906 2316 mo-

190 2330 242 2367 do
273 2345 329 2369 vs.
359 2332 526 2382 86-—89
547 2332 733 2371 vidimus.
753 2356 811 2363 —
834 2338 906 2372 Ta-

190 2387 284 2423 eicos
301 2392 415 2426 Rom.
446 2398 485 2426 et
511 2389 576 2426 alii
594 2392 693 2429 Pier.
716 2404 807 2428 cum
828 2393 904 2430 Co-

190 2444 261 2481 lot.
280 2453 319 2480 et
334 2447 497 2493 Medio,
517 2447 625 2497 quod
643 2462 693 2485 ex
712 2450 905 2499 interpre-

191 2501 338 2538 tatione
383 2505 619 2552 profectum.
659 2508 906 2556 Exquisitior

189 2558 316 2595 forma
332 2560 461 2596 tacitis
479 2560 594 2597 remis
606 2588 616 2607 ‚
634 2564 715 2600 sive
734 2571 780 2600 ut
800 2565 906 2614 ipsos

189 2614 329 2653 tacitos
342 2615 484 2653 adnare
497 2617 612 2664 dicat,
624 2621 704 2656 sive
716 2628 762 2656 ut
770 2621 820 2656 sit
831 2634 905 2670 pro

191 2671 331 2717 tacite,
351 2673 466 2710 nullo
500 2682 567 2710 aut
593 2677 739 2726 exiguo
776 2677 905 2715 unda-

189 2742 281 2767 rum
298 2731 561 2782 strepitu.-1
575 2744 591 2769 1
604 2744 639 2770 1.
660 2734 787 2771 Sacra
810 2743 906 2773 sunt

976 1426 1017 1464 h.
1036 1424 1065 1463 1.
1093 1423 1228 1462 eadem
1254 1434 1344 1474 quae
1362 1420 1483 1459 modo
1518 1433 1691 1465 mensae,

976 1483 1099 1520 scilic.
1133 1481 1259 1532 epulae
1286 1492 1486 1516 sacrorum
1500 1506 1511 1525 ‚
1546 1479 1694 1529 quibus

975 1547 1135 1590 peracto
1156 1536 1348 1575 sacrificio
1372 1544 1456 1573 tum
1478 1535 1667 1574 vacabant
1681 1563 1692 1582 ,

976 1608 1150 1646 quasque
1196 1608 1293 1631 mox
1323 1595 1544 1630 instaurant
1585 1606 1661 1640 172
1678 1621 1689 1640 ‚

982 1666 998 1689 1
1009 1666 1026 1699 7
1037 1653 1074 1690 5.
1091 1654 1210 1688 Vetat
1222 1679 1232 1697 ‚
1250 1650 1334 1687 scil.
1355 1651 1452 1699 quia¹
1470 1662 1578 1686 sacra
1605 1658 1690 1687 tur-

973 1709 1066 1746 bare
1090 1717 1129 1745 et
1149 1710 1437 1757 interrumpere
1465 1707 1572 1744 nefas
1595 1716 1690 1745 erat.

974 1767 1024 1804 cf.
1050 1766 1122 1803 inf.
1155 1766 1248 1812 173.
1267 1785 1325 1792 ——
1347 1776 1363 1800 1
1376 1769 1439 1808 14.
1473 1763 1552 1813 Qui
1564 1777 1690 1816 genus

975 1823 1023 1860 ab
1042 1824 1179 1860 Heius.
1197 1835 1218 1858 e
1236 1821 1336 1858 libb.
1356 1817 1453 1864 τίνες
1474 1820 1624 1872 (κατὰ)
1644 1820 1687 1859 τὸ

973 1879 1106 1934 γένος;
1130 1877 1244 1916 πόθεν
1273 1875 1453 1930 πάτρας,
1477 1891 1550 1928 pro
1573 1876 1690 1922 ποίας

972 1934 1126 1990 πάτρας
1137 1950 1147 1982 ;
1160 1936 1306 1986 vulgo:
1323 1936 1409 1984 Quo
1426 1947 1592 1986 genere,
1608 1949 1691 1985 qua

969 2003 1089 2045 gente
1100 1993 1190 2030 estis
1203 1998 1224 2030 :²
1236 1993 1301 2030 alii
1316 1990 1414 2041 quis.
1428 1993 1567 2030 Franc.
1586 1992 1694 2042 Quid

970 2064 1013 2102 g.
1035 2054 1152 2089 Rom.
1171 2051 1212 2087 in
1234 2061 1364 2086 arma.
1381 2049 1692 2099 ÷Comparant

974 2107 1118 2158 Odyss.
1145 2120 1170 2144 σι
1184 2135 1194 2155 ,
1222 2119 1301 2154 170
1321 2113 1360 2142 et
1375 2104 1424 2142 al.
1442 2117 1482 2142 v.
1508 2105 1692 2144 Cerdam.

971 2186 1030 2193 -—-
1045 2177 1062 2200 1
1075 2177 1091 2201 1
1101 2164 1138 2202 5.
1156 2163 1297 2214 Puppi.
1318 2162 1474 2200 Scilicet
1484 2189 1496 2209 ,
1511 2175 1637 2212 quum
1648 2176 1688 2201 v.

979 2234 1055 2259 101
1080 2234 1225 2271 proras
1258 2218 1539 2264 advertissent,
1564 2227 1611 2256 ut
1639 2219 1688 2257 ad

971 2278 1065 2315 litus
1084 2278 1339 2324 accederent,
1360 2289 1457 2313 mox
1475 2277 1567 2312 navi
1588 2275 1688 2313 inbi-

972 2335 1055 2373 bita
1070 2344 1109 2372 et
1123 2338 1166 2373 in
1182 2337 1352 2387 puppim
1362 2341 1469 2370 retro
1485 2333 1603 2369 remis
1623 2346 1685 2371 ac-

973 2401 1011 2430 ta
1025 2420 1035 2439 ‚
1051 2395 1220 2444 puppim
1241 2390 1504 2431 obvertebant
1520 2389 1644 2428 litori.

1035 2463 1051 2487 1
1065 2464 1081 2487 1
1091 2464 1129 2498 7.
1151 2451 1249 2488 Tela
1266 2447 1432 2487 inimica
1441 2446 1598 2483 Latinis
1609 2461 1686 2486 me-

971 2517 1100 2545 morat
1117 2515 1280 2558 propter
1305 2520 1344 2544 v.
1370 2505 1422 2541 55
1436 2530 1448 2549 ,
1469 2502 1523 2540 Hi
1539 2503 1686 2543 bellum

972 2564 1127 2601 assidue
1150 2564 1296 2600 ducunt
1322 2575 1410 2599 cum
1430 2569 1553 2612 gente
1575 2563 1686 2600 Lati-

973 2635 1041 2660 na.
1059 2622 1164 2659 Hinc
1182 2633 1341 2670 quoque
1357 2627 1484 2657 metus
1502 2630 1686 2670 conspec-

971 2680 1020 2715 tis
1050 2679 1143 2715 viris
1173 2679 1330 2714 armatis
1356 2679 1484 2726 major
1509 2688 1590 2713 esse
1621 2676 1686 2715 de-

971 2735 1060 2773 buit
1086 2748 1124 2774 v,
1154 2747 1248 2785 109.
1280 2735 1463 2774 Graviter
1486 2742 1525 2774 et
1552 2733 1653 2773 illud
1670 2748 1683 2775 z
