1767 3054
116 112 193 151 192

734 101 978 141 AENEIDOS

112 175 155 218 Ν
159 187 211 217 ec
231 185 351 233 puer
375 168 517 216 Iliaca
538 169 787 232 quisquam
809 171 867 218 de
888 184 1024 234 gente
1049 173 1240 220 Latinos

113 249 166 291 In
194 256 375 292 tantum
395 261 478 308 spe
498 245 628 291 tollet
652 261 764 291 avos
779 265 791 304 ;
818 263 903 292 nec
927 248 1126 294 Romula
1151 250 1389 311 quondam

113 321 223 367 Ello
247 337 296 368 se
321 332 502 368 tantum
523 321 658 367 tellus
680 322 879 383 jactabit
901 323 1103 386 alumno.

112 398 220 441 Heu
244 396 416 457 pietas,
438 396 532 441 heu
557 396 870 457 priscastffles,
891 397 1161 460 invictaque
1180 398 1306 445 bello

112 474 342 517 Dextera!
366 487 460 516 non
482 472 548 517 illi
567 488 615 517 sc
636 472 886 533 quisquam
906 473 1082 535 inpune
1103 474 1283 519 tulisset

1549 486 1608 516 880

113 545 298 592 Obvius
323 556 527 603 armato,
548 562 630 591 seu
652 562 799 608 quum
824 547 968 609 pedes
987 548 1077 594 iret
1099 548 1149 593 in
1173 548 1378 608 hostem,

114 621 209 664 Seu
234 619 494 680 spumantis
515 619 624 681 equi
648 619 832 666 foderet
853 619 1114 667 calcaribus
1136 615 1304 669 armos.

113 696 244 750 Heu,
266 693 530 739 miserande
552 699 692 756 puer!
716 695 754 740 si
774 711 869 756 qua
893 695 988 740 fata
1010 711 1176 757 aspera
1202 711 1414 758 rumpas,

115 772 188 814 Tu
211 769 463 816 Marcellus
489 770 595 815 cris.
619 769 842 816 Manibus
870 770 977 816 date
997 770 1094 817 lilia
1118 770 1267 834 plenis
1289 788 1298 814 :

116 847 386 907 Purpureos
410 861 627 907 spargam
647 846 810 902 flores,
837 847 1135 907 animamque
1157 847 1342 908 nepotis

1551 857 1612 888 885

115 922 156 964 H
164 919 201 964 is
229 918 391 964 saltem
413 919 710 965 adcumulem
734 919 889 977 donis,
912 932 957 965 et
982 921 1152 982 fungar
1175 921 1304 965 inani

114 997 329 1039 Munere.
357 1014 376 1033 »
403 994 481 1040 Sic
502 1006 602 1040 tota
622 995 796 1056 passim
821 996 1014 1056 regione
1038 1007 1271 1056 vagantur

112 1068 248 1114 Aeris
272 1067 322 1112 in
341 1069 518 1130 campis
542 1068 669 1125 latis,
695 1080 836 1131 atque
859 1069 1016 1114 omnia
1038 1069 1253 1115 lustrant.

114 1248 224 1285 Serv.
251 1243 298 1281 ad
314 1258 353 1282 v.
377 1244 480 1290 8623
498 1243 620 1281 funus
636 1252 767 1281 autem
788 1245 832 1280 in

115 1305 264 1353 Campo
292 1304 440 1340 Martio
462 1302 608 1339 sactum
624 1311 679 1339 est
699 1303 834 1353 ingen-

114 1363 145 1399 ti
159 1374 251 1398 cum
262 1369 462 1412 apparatu,
479 1375 518 1397 v,
531 1360 628 1398 ibid.
643 1360 737 1407 875.
761 1362 834 1396 Tu·

116 1420 265 1456 mulum
311 1427 508 1456 recentem
523 1446 534 1462 ‚
581 1418 833 1455 Mausoleum

115 1478 289 1527 Augusti
314 1478 357 1513 in
378 1477 526 1525 Campo
545 1477 692 1512 Martio
708 1475 758 1511 ad
778 1475 831 1510 ri-

116 1549 207 1587 pam
218 1534 393 1579 Tiberis,
409 1533 518 1582 quod
528 1543 640 1570 sexto
652 1546 724 1570 suo
741 1544 834 1569 con-

116 1594 246 1631 sulatu
264 1592 340 1644 (U.
361 1592 404 1629 C.
428 1593 508 1638 726
524 1591 538 1641 )
570 1599 832 1628 exstruxerat.

117 1655 268 1690 Sueton
289 1663 323 1688 c.
363 1662 452 1686 100.
483 1651 531 1687 cf.
555 1649 694 1686 Strabo
715 1651 772 1694 V,
792 1661 832 1698 p.

120 1710 216 1747 236.
240 1711 360 1747 Nunc
390 1707 489 1754 876,
514 1709 617 1754 877,
648 1720 722 1756 pro
747 1706 835 1743 vul-

117 1769 200 1819 gari
222 1779 230 1804 ε
255 1767 297 1802 iu
318 1773 465 1802 tantam
484 1778 593 1816 spem
613 1765 726 1801 tollet
745 1777 836 1810 e0s3

118 1834 266 1862 tantam
296 1823 344 1860 de
373 1836 413 1860 se
439 1837 547 1874 spem
576 1822 714 1868 facie13
735 1830 780 1858 ut
799 1831 837 1858 et

118 1884 191 1921 Gr.
227 1878 371 1919 ἐλπίσιν
410 1878 594 1935 ἐπαίρειν.
634 1903 692 1909 --
733 1881 835 1929 879,

120 1942 216 1978 880.
239 1941 402 1991 Egregia
419 1941 593 1977 inversio
606 1967 616 1985 ‚
637 1938 733 1976 dum
749 1946 841 1989 post

116 1999 184 2036 illa
198 2026 208 2044 ‚
231 2000 431 2034 neminem
453 2001 727 2036 Romanorum
747 2009 839 2034 cum

118 2060 205 2107 ipso
241 2068 355 2106 posse
393 2056 632 2106 comparari,
673 2068 839 2105 pergen-

121 2115 219 2164 dum
244 2122 327 2150 erat
348 2125 357 2150 :
385 2127 465 2150 non
489 2112 659 2164 jactabit
688 2126 729 2149 se
754 2121 841 2149 catz-

122 2181 203 2208 tum
223 2171 304 2208 ullo
322 2171 404 2208 alio
427 2171 593 2208 alumno
617 2174 744 2209 Roma
764 2183 839 2207 nec

121 2231 264 2282 pietate
278 2257 288 2274 ‚
309 2242 383 2266 nec
401 2228 480 2266 fide
495 2257 504 2275 ,
522 2242 595 2266 nec
609 2231 770 2266 virtute.
782 2250 840 2257 —

125 2288 203 2322 881
223 2314 233 2331 ,
257 2287 352 2324 882.
380 2288 607 2337 Comparari
634 2286 732 2323 solet
762 2286 839 2325 Od.

124 2358 157 2389 ι,
192 2351 269 2392 49,
303 2345 376 2389 50,
403 2345 473 2381 sed
503 2345 680 2382 ornatior
708 2346 842 2395 Virgi-

121 2401 213 2439 lius.
227 2422 283 2428 —
299 2401 394 2438 883.
414 2402 557 2452 Siqua
576 2403 640 2438 via
657 2415 701 2438 ac
722 2404 841 2440 ratio-

123 2456 309 2509 ne,fata
329 2471 511 2508 rumpas,
541 2460 715 2496 satorum
738 2460 844 2496 ordi-

123 2529 215 2553 nem
246 2515 484 2561 dissolvere,
504 2525 582 2552 tam
613 2516 760 2553 durum
787 2518 842 2554 fa·

124 2583 210 2611 tum
238 2573 412 2623 effugere
441 2573 514 2609 tibi
546 2574 685 2617 liceat,
717 2582 763 2610 ut
794 2575 844 2611 ad

123 2633 183 2669 M.
200 2629 381 2669 Marcelli
394 2658 404 2673 ‚
418 2629 457 2667 b.
477 2632 628 2668 Punico
646 2633 683 2666 II
697 2659 707 2675 ‚
726 2631 816 2668 clari
831 2660 841 2678 ,

125 2701 274 2726 nomen
302 2700 345 2724 ac
372 2687 535 2738 gloriam
564 2700 603 2723 es
635 2697 844 2737 perventu—

126 2759 205 2785 rus,
225 2748 382 2785 Nomen
400 2753 530 2782 autem
542 2757 625 2782 non
642 2746 717 2781 nisi
739 2746 782 2782 in
802 2744 845 2782 fi-

898 1258 949 1283 ne
979 1245 1141 1282 demum
1181 1255 1442 1284 memoratum
1455 1274 1466 1293 ,
1499 1244 1618 1296 pleno

896 1305 977 1351 jam
1014 1313 1246 1354 erumpente
1289 1305 1410 1341 animi
1451 1303 1615 1343 affectu.

899 1362 970 1398 Illa
1003 1362 1159 1406 884——
1182 1362 1263 1399 886
1282 1391 1292 1408 ,
1329 1361 1512 1399 manibus
1550 1364 1619 1400 da-

901 1429 938 1456 te
957 1419 1047 1456 lilia
1066 1429 1140 1458 etc.
1169 1420 1357 1458 Molliora
1377 1421 1480 1458 forte
1498 1430 1617 1468 sunt,

899 1490 1017 1528 quam
1035 1491 1109 1528 pro
1125 1477 1311 1515 Anchisae
1328 1477 1460 1514 herois
1481 1491 1617 1528 perso-

899 1546 950 1572 na
972 1543 1011 1571 et
1030 1535 1296 1585 temporibu53
1315 1535 1526 1585 virgiliani
1545 1549 1617 1587 po-

901 1595 978 1630 tius
1002 1594 1075 1629 aevi
1090 1592 1270 1630 habenda
1291 1593 1379 1630 talis
1395 1593 1528 1631 luctus
1548 1603 1619 1632 tes·

901 1650 1011 1688 tandi
1032 1651 1235 1702 elegantia.
1268 1653 1368 1688 Sunt
1397 1659 1530 1689 tamen
1547 1666 1619 1703 per

902 1722 942 1746 se
961 1707 1400 1758 pulcher1·ima.-—885.
1421 1709 1620 1746 Animam

903 1767 1149 1803 accumulem
1169 1766 1298 1805 donis.
1328 1768 1433 1804 Nota
1465 1767 1623 1819 elegan-

903 1826 955 1861 tia
971 1837 1045 1874 pro
1067 1824 1242 1874 vulgari,
1270 1824 1395 1869 dona,
1414 1823 1533 1863 flores
1547 1854 1558 1872 ,
1577 1827 1620 1862 in

904 1883 1072 1918 animam
1094 1882 1308 1920 cumulem.
1333 1883 1463 1920 Inani
1483 1895 1621 1920 mune-

905 1953 967 1985 re,
990 1952 1037 1976 eo
1070 1952 1209 1986 sensu,
1227 1953 1309 1990 quo
1339 1939 1412 1978 lib.
1439 1943 1521 1986 XI,
1543 1941 1618 1988 51,

908 1999 975 2035 52.
995 1998 1124 2034 Duxit
1140 1996 1236 2034 hinc
1255 2011 1414 2035 versum
1435 1998 1622 2049 pulcher-

904 2057 1051 2092 rimum
1079 2056 1224 2093 Statius
1254 2055 1418 2106 Epiced.
1443 2057 1568 2094 Patris
1584 2059 1623 2094 V

905 2114 999 2151 Silv.
1043 2114 1087 2159 3,
1128 2113 1209 2150 285
1243 2115 1304 2150 Ite
1339 2111 1526 2166 (Venite)
1559 2113 1626 2166 pii

905 2174 1073 2215 Manes,
1127 2169 1371 2222 Graiumque
1426 2170 1620 2208 examina

906 2238 1073 2272 vatum,
1118 2228 1415 2288 Illustremques
1439 2228 1619 2266 animam

908 2285 1082 2324 Lethaeis
1099 2286 1274 2338 spargite
1293 2285 1418 2324 sertis.

970 2345 1213 2394 887—893.
1241 2343 1360 2382 Aeris
1381 2342 1423 2380 in
1454 2341 1618 2392 campis.

909 2403 991 2439 Etsi
1011 2415 1138 2439 aerem
1159 2403 1204 2439 in
1224 2401 1360 2452 Elysio
1374 2400 1521 2450 spirare
1538 2413 1621 2437 non

910 2459 1053 2497 dubito
1067 2473 1077 2506 ;
1094 2472 1219 2510 quum
1235 2466 1375 2494 tamen-
1387 2456 1493 2493 aeris
1518 2471 1622 2494 cam-

903 2517 953 2567 pi
965 2517 1154 2554 insolenti
1167 2513 1289 2552 modo
1305 2513 1502 2560 dicantur,
1519 2528 1622 2565 spre-

910 2576 960 2610 tis
1003 2573 1362 2621 Grammaticorum
1396 2571 1501 2622 apud
1536 2575 1622 2610 Ser-

911 2632 1022 2667 vium
1041 2630 1202 2680 argutiis
1219 2656 1230 2676 ,
1253 2637 1393 2679 putare
1429 2628 1623 2666 malebam

911 2699 1037 2738 graece
1063 2686 1239 2732 dictum,
1270 2698 1344 2736 pro
1373 2686 1472 2724 locis
1490 2686 1622 2738 caligi-

909 2745 1032 2790 nosis,
1046 2743 1125 2782 hoc
1142 2751 1200 2781 est
1217 2743 1364 2781 inferis.
1381 2745 1445 2783 Sic
1462 2741 1624 2798 ἀῆρ,τἰε-

1752 507 1767 702 ξ

1752 721 1767 870 ’ἐ
