1767 3054
167 149 219 185 ‹ts›
793 147 1038 186 AENEIDOS

169 246 186 264 «
210 226 235 268 J
242 220 431 284 uppiter
456 219 778 282 omnipotens,
799 220 835 266 si
857 220 1067 266 nondum
1089 235 1259 266 exosus
1283 219 1342 266 ad
1366 235 1512 266 unum

168 296 422 359 Trojanos,
449 297 487 341 si
512 296 627 358 quid
652 297 800 359 pietas
826 295 1021 357 antiqua
1044 295 1229 342 labores

169 370 381 433 Respicit
402 371 657 428 humanos,
681 369 740 415 da
765 370 999 415 flammam
1024 370 1228 417 evadere
1251 370 1385 418 classi

170 448 330 502 Nune,
357 449 516 501 Pater,
541 455 587 489 et.
611 445 763 490 tenuis
789 449 1028 491 Teucrum
1054 462 1126 492 res
1151 446 1280 507 eripe
1307 447 1426 505 leto,
1612 454 1673 494 690

170 519 257 565 Vel
279 531 353 576 tu,
379 518 509 580 quod
531 528 769 581 superest,
792 518 964 565 infesto
986 519 1180 566 fulmine
1204 521 1370 577 morti,

172 594 223 639 Si
248 608 457 649 mereor,
481 593 698 649 demitte,
721 603 898 652 tuaque
922 592 1000 636 hie
1024 591 1175 640 obrue
1201 593 1380 639 dextra.
1405 614 1422 633 υ

171 669 263 713 Vix
288 668 389 713 haec
412 667 650 725 ediderat,
676 683 823 729 quum
848 667 1010 713 effusis
1035 666 1270 715 imbribus
1294 680 1395 715 atra

172 748 446 806 Tempestas
465 745 564 791 sine
588 759 721 789 more
742 743 880 802 furit,
906 744 1181 806 tonitruque
1203 745 1478 791 tremiscunt

171 821 338 866 Ardua
363 832 598 866 terrarum
623 832 669 866 et
695 821 871 883 campi3
899 821 995 867 ruit
1020 820 1195 867 aethere
1217 831 1317 867 toto
1615 831 1676 871 695

172 894 413 941 Turbidus
438 895 592 941 imber
613 911 757 957 aqua,
783 895 1033 958 densisque
1057 896 1340 958 nigerrimus
1364 895 1554 953 austri53

173 970 532 1032 Implenturque
554 987 698 1032 super
721 987 930 1034 puppes;
957 971 1179 1017 semiusta
1198 971 1473 1017 madescunt

175 1043 372 1090 Robora
397 1061 405 1087 :
430 1045 681 1091 restinctus
709 1044 860 1091 donec
884 1061 1036 1108 vapor
1060 1046 1234 1104 omnis,
1259 1057 1305 1092 et
1330 1061 1513 1101 omnes,

177 1122 398 1176 Quatuor
424 1120 626 1179 amissis,
647 1132 844 1168 servatae
866 1138 892 1168 a
916 1132 1047 1185 peste
1069 1122 1253 1169 carinae.

173 1292 401 1344 prodigium
415 1322 425 1340 ,
446 1302 485 1331 et
508 1307 642 1331 caussa
667 1294 811 1333 idonea
829 1308 893 1346 ap-

172 1350 381 1401 ponenda,
397 1365 470 1388 cur
498 1351 628 1389 imber
653 1352 802 1390 effusus
836 1355 894 1390 in-

176 1408 316 1445 cendia
334 1410 617 1459 exstingueret.

234 1466 333 1504 683.
365 1466 501 1503 Pietas
532 1468 572 1505 h.
608 1467 635 1505 l.
669 1469 891 1514 miseratio,

174 1536 254 1574 qua
293 1525 467 1561 miserias
514 1525 706 1563 humanas
743 1540 894 1563 numen

173 1582 347 1631 respicit.
376 1583 481 1618 Mox
516 1581 638 1618 lecum
672 1582 788 1619 docte
818 1596 893 1633 pro

175 1638 333 1676 excidio
359 1648 397 1676 et
414 1640 594 1677 interitu.
620 1641 756 1677 Burm.
776 1641 895 1677 nimis

174 1705 311 1747 argute
332 1708 340 1734 :
363 1698 456 1747 quia
479 1696 679 1734 debebant
717 1699 818 1735 verti
852 1700 895 1734 in

177 1754 373 1804 nymphas
387 1783 397 1800 ,
418 1767 507 1804 quae
538 1757 641 1791 mori
670 1768 755 1793 non
775 1755 893 1792 debe-

175 1812 286 1848 bant.
336 1813 462 1861 Atqui
505 1811 553 1849 de
592 1811 670 1850 hoc
711 1814 894 1864 prodigio

176 1872 319 1906 AEneas
347 1870 518 1920 cogitare
540 1883 625 1907 non
646 1879 814 1921 poterat.
837 1892 896 1900 —-

179 1927 277 1975 689.
296 1926 453 1964 Classes
469 1927 623 1965 Zulieh.
643 1937 682 1965 et
699 1928 815 1967 codd.
834 1929 898 1965 ali-

177 1993 279 2034 quot
298 1986 399 2022 Pier.
418 1984 554 2022 classis
574 1987 639 2023 alii
657 1986 739 2024 duo
761 1989 895 2025 Burni.

179 2055 270 2079 cum
289 2042 411 2080 Goth.
436 2051 524 2081 tert.
543 2044 710 2081 classem
736 2046 856 2083 Wall.
878 2058 899 2082 a

181 2114 232 2137 ιιι.
255 2113 332 2137 see.
362 2100 444 2138 vid.
478 2100 526 2137 ad
551 2101 622 2140 lib.
656 2105 736 2149 VI,
761 2103 811 2150 67
828 2132 839 2148 ,
861 2113 899 2141 et

177 2157 263 2194 haec
288 2166 416 2196 recte:
438 2158 506 2196 sed
523 2167 561 2196 et
579 2159 785 2211 vulgatum
797 2161 898 2198 bene

183 2216 359 2264 —691,
390 2217 487 2265 692.
513 2219 599 2255 Aut
633 2231 694 2255 me
732 2218 898 2256 fulmine

182 2271 255 2309 feri
274 2284 283 2310 :
302 2273 387 2310 scil.
411 2287 461 2310 ne
483 2276 651 2311 exitium
672 2276 750 2314 hoc
768 2276 899 2327 adspi-

184 2330 296 2366 ciam.
334 2330 471 2368 Rebus
504 2333 689 2370 omnibus
725 2335 897 2381 amissis,

184 2388 303 2425 classe
333 2389 490 2436 amissa,
530 2389 631 2426 nihil
670 2401 898 2441 supererat,

185 2458 304 2495 quam
325 2454 371 2483 ut
392 2456 626 2485 moreretur.

245 2503 342 2551 694.
372 2506 628 2542 Tremescunt
652 2505 732 2543 fere
765 2519 901 2544 omnes

187 2559 303 2597 codd.
320 2589 330 2607 ,
353 2569 398 2597 ut
417 2562 522 2600 alibi.
544 2577 582 2600 v.
612 2563 663 2600 ad
691 2564 775 2609 III,
801 2564 899 2609 648.

184 2619 441 2656 Fremescunt
460 2622 687 2671 Hugen.—-
703 2621 800 2658 Sine
823 2635 903 2659 mo-

189 2688 254 2720 re,
274 2677 502 2715 immodjee.
525 2679 622 2716 Satis
652 2679 904 2717 illustrarunt

194 2731 266 2769 viri
285 2733 394 2771 docti
418 2748 456 2772 v.
487 2747 521 2772 e.
541 2734 743 2773 Drakenb.
769 2737 816 2773 ad
844 2739 902 2775 Si-

191 2790 288 2828 lium
311 2793 414 2840 XII,
437 2800 532 2843 449.
555 2793 656 2831 Mihi
677 2792 834 2832 videtur
849 2796 902 2831 ita

959 1296 1177 1334 reddidisse
1193 1304 1310 1347 poeta
1325 1295 1489 1333 obvium
1500 1294 1604 1332 illud
1617 1306 1677 1344 ap.

960 1356 1130 1392 Aratum
1156 1354 1329 1404 aliosque
1355 1365 1365 1390 :
1392 1351 1433 1390 οὐ
1455 1349 1560 1390 κατὰ
1590 1350 1677 1389 κόσ-

961 1425 1029 1464 μῦν
1054 1411 1094 1450 h.
1121 1426 1154 1450 e.
1183 1409 1373 1465 ἀμέτρως.
1404 1412 1460 1448 At
1482 1411 1642 1449 Servius
1669 1423 1678 1448 :

960 1469 1046 1507 sine
1055 1471 1241 1520 exemplo
1254 1471 1549 1520 interpretatur,
1560 1468 1678 1518 quem

961 1528 1041 1565 fere
1057 1537 1280 1577 sequuntur
1305 1528 1385 1564 alii.
1402 1548 1460 1555 ——
1473 1526 1570 1576 695.
1596 1527 1678 1562 Me-

961 1583 1122 1634 diceus(
1135 1597 1157 1620 a
1170 1597 1222 1622 m.
1237 1585 1324 1634 pr.)
1341 1596 1432 1620 cum
1447 1584 1530 1620 aliis
1542 1613 1552 1630 ,
1563 1585 1676 1620 etiam

961 1642 1066 1678 binis
1091 1641 1212 1679 Goth.
1239 1651 1278 1679 et
1295 1641 1378 1679 Erf.
1393 1669 1404 1688 ,
1429 1641 1681 1693 distinguunt

962 1708 1001 1736 et
1016 1700 1183 1749 legunt:
1218 1699 1362 1736 Ardua
1391 1707 1584 1735 terrarum
1598 1727 1609 1744 ,
1642 1707 1682 1735 ec

962 1755 1115 1806 campis
1133 1755 1316 1809 (Hagen.
1347 1765 1387 1793 ec
1401 1769 1544 1807 campo
1561 1756 1678 1809 )ruit.

963 1815 1068 1851 Male
1086 1822 1125 1850 et
1148 1816 1294 1863 jejune.
1317 1815 1480 1860 Saltem,
1499 1817 1532 1852 si
1550 1816 1607 1854 sic
1624 1813 1681 1851 di-

962 1873 1160 1922 stinguas,
1189 1871 1401 1923 legendum
1433 1883 1443 1909 Ξ
1476 1881 1517 1909 ec
1549 1873 1685 1923 campi

963 1929 1041 1966 ruit
1054 1943 1214 1980 aequore
1235 1938 1316 1968 coto
1333 1928 1526 1968 Turbidus
1545 1931 1679 1969 imber.

965 1989 1012 2024 In
1037 1986 1159 2025 Goth.
1182 1988 1247 2026 alt.
1268 2002 1373 2026 aere.
1389 2009 1447 2017 —-
1466 1989 1563 2039 696.
1588 1991 1678 2026 Tur.

966 2045 1090 2082 imber
1102 2045 1218 2096 aquis
1242 2046 1386 2085 Hamb.
1401 2047 1509 2084 alter.
1529 2059 1681 2098 aquam

965 2107 1077 2154 Reg„
1107 2105 1159 2140 ita
1184 2105 1258 2141 erit
1282 2115 1291 2141 :
1315 2104 1393 2141 ruit
1419 2118 1571 2156 aquam
1589 2134 1599 2150 ,
1636 2113 1682 2140 ut

966 2161 1043 2197 ruit
1073 2163 1198 2199 active
1233 2165 1424 2213 capiatur.
1448 2163 1499 2201 cf.
1527 2163 1601 2200 inf.
1632 2161 1681 2198 ad

965 2221 1057 2266 VII,
1072 2220 1140 2265 63,
1153 2229 1192 2257 et
1209 2220 1288 2258 hoc
1303 2222 1467 2270 MasviC.
1481 2219 1678 2265 exhibuit,

966 2276 1202 2315 observante
1244 2280 1379 2316 Burm.
1395 2305 1407 2321 ‚
1445 2279 1515 2328 qm’
1560 2276 1676 2314 codd.

966 2336 1191 2372 auctoritati
1220 2335 1492 2385 obtemperare
1516 2335 1654 2372 maluit
1670 2364 1680 2379 ,

966 2393 1035 2441 qui
1067 2405 1178 2442 aqua
1212 2405 1355 2443 magno
1387 2405 1583 2430 consensu
1612 2393 1681 2429 ha-

967 2449 1077 2487 bent.
1106 2451 1163 2486 Ita
1199 2462 1358 2500 quoque
1380 2463 1490 2501 aqua
1525 2459 1563 2488 et
1592 2463 1682 2487 aus-

967 2506 1037 2543 tris
1073 2519 1285 2544 numerum
1333 2510 1556 2546 suaviorem
1598 2506 1682 2545 effi-

968 2564 1103 2611 ciunt,
1128 2577 1246 2614 quam
1261 2566 1293 2602 si
1311 2578 1460 2615 aquam
1479 2566 1544 2604 vel
1566 2566 1682 2616 aquis

969 2629 1079 2658 esset.
1108 2622 1157 2658 In
1179 2624 1295 2661 Witt.
1313 2623 1544 2662 distinctum
1566 2631 1649 2661 erat
1669 2636 1680 2661 ε

969 2688 1161 2716 terrarum
1172 2708 1183 2724 ‚
1205 2689 1244 2717 ec
1255 2680 1389 2732 campi
1403 2680 1675 2725 ruit—imber,

969 2750 1077 2786 aqua
1095 2737 1304 2790 densisque
1334 2754 1374 2778 n.
1395 2753 1435 2779 a.
1456 2761 1513 2769 —-
1531 2738 1679 2777 Densis

969 2793 1112 2832 austris
1144 2809 1219 2846 pro
1248 2798 1416 2846 nimbis,
1440 2811 1540 2849 quos
1558 2798 1679 2836 austri
