1767 3054
763 116 914 152 LIBER
948 118 980 150 Y
989 142 996 150 .
1578 115 1598 149 8
1613 126 1623 148 ι

133 201 269 244 Nunc
294 195 483 241 dextros
505 191 687 238 solvere
707 188 860 247 sinus;
890 205 981 233 una
1006 186 1154 233 ardua
1181 198 1400 249 torquerit

133 276 343 326 Cornua,
367 267 744 327 detorquentque
766 280 776 306 ε
806 265 962 308 serunt
986 279 1071 307 sna
1095 261 1285 307 flamina
1309 262 1514 308 classen..

133 347 352 405 Princeps
371 352 479 388 ante
503 339 654 385 omnis
675 337 872 383 densum
895 337 1143 382 Palinurus
1168 334 1338 398 agebat

134 425 312 483 Agmen
335 436 343 461 ε
371 415 430 462 ad
452 414 580 460 hunc
603 413 682 459 alii
706 428 896 458 cursum
920 410 1205 458 contendere
1224 411 1356 472 jussi.

134 497 330 554 Jamque
355 491 453 537 sere
477 488 678 535 mediam
704 486 807 533 coeli
826 488 935 533 Nox
959 485 1156 533 humida
1180 496 1353 532 metam
1574 500 1589 522 κ·
1606 497 1633 523 ²5

135 567 427 630 Contigerat3
453 564 638 628 placida
661 564 876 610 laxarant
898 561 1110 609 membra
1134 563 1293 624 quiete

137 642 238 691 Sub
263 642 404 689 remis
429 640 519 687 fusi
544 656 628 702 per
651 640 771 686 dura
790 638 954 686 sedilia
973 648 1128 684 nautae
1151 656 1161 682 ε

139 724 298 778 Quum
317 717 433 764 levis
458 716 662 763 aetheriis
688 716 905 778 delapsus
927 718 1131 762 Somnus
1155 711 1215 758 ab
1236 712 1372 758 astris

139 799 264 841 Aera
289 793 488 839 dimovit
512 790 836 847 tenebrosum,
863 800 909 836 et
933 788 1128 852 dispulit
1152 786 1367 843 umbras,

139 872 228 925 Te,
248 868 489 924 Palinure,
515 878 698 928 peten53
722 865 810 912 tibi
830 865 1011 913 somnia
1036 864 1188 911 tristia
1212 874 1406 926 portans
1576 872 1634 905 *ια

141 1044 178 1073 et
201 1035 276 1086 ipsi
298 1033 501 1071 interdum
522 1033 671 1084 pedum
693 1036 854 1072 nomine

141 1092 348 1138 declarati,
373 1094 542 1143 puppim
572 1105 706 1130 versus
730 1092 854 1130 addu-

143 1158 290 1188 cuntur
305 1164 315 1195 ;
333 1158 371 1186 et
390 1158 510 1187 vento
528 1149 690 1200 quidem
714 1164 854 1188 secun-

144 1209 197 1245 do
209 1220 230 1244 a
242 1209 370 1258 puppi
380 1209 551 1258 spirante
561 1236 570 1254 ‚
583 1208 633 1245 ad
643 1217 855 1260 utrumque

145 1267 246 1303 latus
284 1264 468 1311 adducti,
495 1266 579 1303 vela
607 1266 656 1303 ad
693 1275 856 1304 ventum

145 1320 425 1373 excipiendum
437 1324 654 1373 expandun
660 1333 686 1370 t,
698 1333 742 1361 ut
753 1333 857 1362 utro-

146 1394 222 1434 que
234 1381 341 1431 pede
369 1394 529 1418 currere
558 1381 756 1419 diceretur
792 1395 857 1419 na

147 1441 229 1485 vis3
252 1439 308 1477 sic
327 1447 365 1476 et
391 1451 452 1489 ap.
475 1439 665 1489 Apollon.
691 1442 754 1487 ΙΙ,
775 1443 858 1536 9i32

146 1497 279 1536 velum
319 1495 354 1540 ἐς
384 1509 434 1533 πε
418 1491 513 1540 ’ςὸα
538 1494 776 1552 ἀμφοτέρους

147 1550 351 1601 tenditur3
384 1556 447 1591 sin
487 1564 653 1602 xre-utun,
689 1559 761 1594 etsi
801 1570 859 1593 se-

148 1611 325 1659 cundus,
348 1612 537 1663 obliquus
573 1622 704 1651 tamen
737 1623 859 1661 esset,

147 1670 211 1708 vel
232 1669 352 1708 modo
371 1684 391 1707 3
415 1670 576 1717 dextra,
600 1672 722 1709 modo
759 1686 779 1709 3
810 1674 861 1710 si-

146 1730 267 1766 nistra
278 1729 456 1780 spiraret,
470 1741 550 1765 uno
563 1729 671 1779 pede
683 1743 753 1767 seu
766 1730 861 1768 fune

146 1786 316 1832 intento,
330 1786 521 1836 angulum
538 1787 616 1824 veli
634 1788 862 1825 inferiorem

148 1841 269 1880 modo
284 1842 335 1879 ab
349 1843 423 1880 hac
436 1871 447 1889 ‚
468 1843 588 1881 modo
608 1845 657 1881 ab
672 1845 739 1882 illa
755 1854 865 1895 parte

149 1899 359 1950 explicant.
382 1899 462 1937 vid.
488 1901 632 1939 Catull.
664 1903 747 1946 lv,
773 1915 821 1939 21
846 1916 856 1946 ;

150 1957 251 1995 Plin.
270 1958 332 2002 11,
354 1963 421 2003 47,
439 1969 469 1995 s.
492 1957 558 1999 48'-
573 1959 720 1994 Facere
731 1968 861 1995 autem

143 2014 290 2065 pedem
305 2043 315 2058 ‚
349 2022 392 2050 ut
415 2013 561 2064 facere
595 2014 717 2059 vela,
745 2028 863 2065 expe-

151 2072 255 2118 dire,
274 2084 425 2122 parare.
456 2069 619 2109 Fundus
638 2073 693 2108 rei
714 2073 757 2109 in
778 2074 862 2110 110-

151 2142 260 2167 mero
276 2128 420 2180 Odyss.
435 2142 458 2166 ν.
474 2158 484 2176 ,
501 2129 552 2166 35
571 2126 651 2166 Aizi
664 2125 741 2183 γὰρ
756 2125 865 2168 πόδα

151 2185 234 2230 νηὸς
256 2185 412 2247 ἐνώμςον·
437 2201 557 2237 quem
580 2187 628 2224 de
650 2187 746 2224 velis
762 2190 864 2225 acci-

150 2243 341 2296 piendum
364 2258 446 2282 esse
474 2246 543 2281 vix
571 2244 751 2292 dubites,
773 2259 865 2283 cum

152 2303 254 2341 AEoli
280 2301 475 2340 beneficio
496 2305 675 2354 naviget3
696 2303 785 2341 vide
809 2304 865 2341 ibi

153 2374 190 2397 v.
215 2361 269 2397 25
288 2374 373 2411 sqq.
399 2363 487 2398 Hoc
507 2361 598 2398 loco
616 2370 779 2398 ventum
801 2374 865 2398 va-

155 2419 279 2455 riante
297 2420 449 2470 impetu
472 2419 636 2469 oblique
657 2419 840 2457 incidisse
855 2449 865 2464 ,

154 2474 220 2512 illa
251 2475 474 2523 declarant,
518 2490 607 2527 quae
643 2477 868 2515 declarandi

154 2546 286 2571 caussa
296 2533 445 2582 adjecta
458 2548 468 2574 :
478 2534 712 2586 pariterque
722 2564 734 2580 ,
757 2549 866 2574 nuuc

156 2589 331 2630 sinistros
342 2620 355 2637 ‚
376 2607 484 2631 nunc
514 2593 677 2631 dextros
693 2594 840 2631 solvere
851 2624 862 2640 ‚

156 2656 195 2685 et
214 2649 497 2697 intenderunt,
527 2650 637 2689 sinus
663 2652 841 2690 velorum
859 2667 869 2698 ;

157 2705 266 2755 quod
283 2706 380 2746 dum
403 2708 574 2756 faciunt,
599 2712 716 2748 etiam
733 2719 869 2748 amen-

160 2774 228 2801 nns
248 2762 399 2803 inflecti
420 2779 575 2805 necesse
594 2777 652 2806 est
673 2780 682 2806 :
703 2782 785 2806 una
806 2782 869 2806 αι·-

921 1035 1003 1071 dua
1015 1041 1203 1085 torquent
1215 1033 1374 1070 Cornua
1390 1030 1643 1079 detorquent-

921 1106 1010 1144 que.
1024 1093 1087 1130 Sic
1109 1092 1218 1128 venti
1235 1091 1297 1127 sui
1310 1119 1321 1136 ‚
1339 1089 1378 1126 h.
1399 1102 1433 1126 e.
1454 1085 1639 1130 secundi,

922 1151 1055 1187 ferunt
1085 1149 1267 1194 classem3
1293 1147 1421 1184 donec
1449 1144 1524 1182 sub
1544 1157 1639 1181 noc-

923 1217 1002 1246 tem
1020 1216 1124 1245 recta
1141 1220 1162 1243 3
1177 1208 1305 1258 puppi
1321 1205 1415 1242 flare
1426 1204 1641 1252 incipiunt,

923 1279 998 1303 sec.
1021 1280 1056 1303 v.
1076 1266 1159 1310 844
1180 1265 1370 1314 AEqucztae
1398 1260 1552 1311 spirant
1570 1274 1641 1296 αιι-

925 1337 993 1361 roe.
1024 1346 1082 1352 —
1118 1323 1214 1359 833.
1242 1323 1302 1359 De
1333 1319 1527 1357 Palinuro
1567 1319 1642 1354 Iasi

926 1381 1012 1419 filio
1031 1388 1247 1425 memorat,
1281 1380 1430 1430 quippe
1457 1378 1501 1412 in
1531 1375 1643 1412 fabu-

925 1440 974 1477 lis
1008 1439 1154 1477 Italicis
1183 1437 1323 1475 nobili.
1358 1435 1445 1473 Nisi
1478 1433 1554 1471 hoc
1587 1434 1643 1470 fo·

927 1506 1011 1546 ret,
1032 1510 1106 1549 pro
1126 1496 1261 1534 inutili
1288 1504 1328 1532 et
1358 1493 1489 1530 otioso
1515 1493 1642 1542 episo-

929 1556 995 1594 djo
1026 1569 1107 1593 esse
1125 1553 1344 1591 habendus,
1364 1572 1423 1579 —
1444 1551 1541 1594 834.
1561 1551 1645 1599 Ag-

930 1627 1042 1658 men,
1070 1621 1117 1650 ut
1134 1621 1251 1663 poeta
1271 1640 1281 1657 ‚
1301 1610 1404 1648 dixit
1421 1608 1470 1644 de
1495 1607 1614 1644 classe
1633 1635 1643 1652 ‚

927 1685 1047 1722 quam
1067 1671 1180 1708 ducit
1207 1669 1428 1707 Palinurus.
1441 1664 1645 1702 ——Adlzuc

931 1729 1052 1767 Goth.
1068 1741 1132 1779 pr.
1149 1736 1189 1765 et
1206 1726 1352 1764 Hamb.
1372 1738 1434 1775 pr.
1456 1736 1475 1760 a
1496 1737 1548 1760 m.
1568 1735 1643 1759 sec,

931 1787 1003 1825 Ad
1015 1785 1141 1830 hunc,
1168 1784 1216 1822 ad
1240 1784 1362 1832 hujus
1392 1781 1619 1831 exemplum
1635 1809 1644 1818 .

932 1846 1155 1895 imperium.
1199 1843 1320 1879 Cursu
1350 1854 1384 1878 c,
1417 1838 1583 1878 Oudart.
1610 1846 1648 1873 et

933 1902 997 1940 ed.
1019 1915 1080 1951 pr.
1098 1912 1254 1937 cursum
1282 1897 1475 1934 deducere
1488 1898 1644 1944 Hugen.

930 1967 968 1994 et
988 1958 1142 1994 Zulich.
1166 1977 1224 1985 ·—-
1240 1958 1343 1992 Mox
1364 1967 1401 1990 V.
1430 1953 1510 1989 835
1544 1953 1644 1989 Noc-

930 2023 1008 2052 tem
1036 2013 1147 2050 deam
1171 2025 1294 2049 curru
1315 2019 1469 2047 vectam
1497 2010 1622 2060 cogita
1637 2036 1646 2053 ‚

932 2084 1097 2122 eamque
1110 2078 1147 2109 et
1161 2070 1203 2106 in
1217 2070 1340 2106 altum
1351 2067 1441 2104 coeli
1454 2074 1645 2104 evectam.

934 2131 1045 2166 Meta
1057 2156 1069 2173 ,
1103 2142 1177 2180 pro
1224 2139 1376 2164 summa
1390 2155 1401 2172 ‚
1438 2125 1647 2162 celsissima

933 2195 1067 2237 parte,
1100 2188 1144 2223 in
1178 2186 1325 2222 vertice
1359 2183 1462 2220 coeli.
1482 2204 1541 2211 --
1565 2183 1644 2219 838

933 2258 991 2294 sq.
1011 2246 1182 2283 Somnus
1200 2243 1391 2294 opprimit
1409 2241 1649 2293 gubernato-

932 2315 1014 2339 rem
1055 2302 1285 2340 Palinurum
1306 2313 1314 2338 :
1342 2300 1421 2337 hoc
1456 2308 1501 2336 ut
1535 2307 1649 2348 poeta

934 2361 1170 2399 ornavit.—-
1183 2359 1280 2403 840.
1315 2356 1458 2395 Tristia
1493 2355 1648 2392 somnia

934 2417 1000 2455 alii
1028 2431 1120 2456 cum
1153 2417 1404 2468 praestantis&
1445 2412 1648 2457 Medieeo‚

934 2476 1046 2527 quod
1063 2476 1113 2513 ab
1133 2475 1297 2513 Heinsio
1319 2474 1361 2510 in
1381 2470 1537 2510 somnia
1568 2471 1651 2508 tris-

936 2533 994 2572 tia
1032 2542 1230 2572 mutatum
1265 2532 1391 2569 nolim
1407 2560 1416 2577 ‚
1451 2543 1577 2580 quum
1614 2537 1651 2565 et

935 2593 1065 2630 minus
1081 2605 1200 2629 suave
1217 2590 1296 2628 hoc
1308 2591 1358 2626 sit
1374 2589 1459 2625 auri
1473 2615 1484 2634 ‚
1502 2587 1573 2624 etsi
1586 2599 1652 2622 au-

936 2652 1040 2688 rium
1047 2649 1245 2699 judicium
1257 2649 1454 2685 incertum
1467 2653 1524 2682 est
1537 2672 1547 2689 ‚
1565 2656 1651 2679 nam

937 2708 1052 2746 video
1083 2706 1287 2746 Brunckio
1310 2713 1348 2742 et
1374 2702 1522 2741 Beckio
1543 2700 1651 2737 hunc

935 2766 1152 2805 verborum
1169 2765 1344 2816 positum
1356 2762 1576 2800 suaviorem
1594 2759 1651 2793 vi-
