1767 3054
724 118 878 155 LIBER
913 119 961 152 V.
1540 125 1559 157 Γ»
1575 137 1583 158 ι

93 202 308 258 Namque
328 194 488 241 volans
513 189 703 252 liquidis
725 189 774 235 in
798 188 1008 235 nubibus
1033 191 1147 236 arsit
1172 195 1379 251 arundo,
1533 208 1592 236 52)

95 270 402 335 Signavitque
422 267 549 313 viam
568 265 791 322 flammis,
813 265 1063 327 tenuisque
1084 268 1277 313 recessit

93 348 347 392 Consumta
371 342 420 387 in
444 351 612 387 ventos
633 359 642 386 :
671 339 789 386 eoelo
815 356 903 385 ceu
924 355 1048 401 saepe
1072 341 1220 387 refixa

92 424 465 474 Transcurrunt,
492 416 765 478 crinemque
789 415 996 462 volantia
1021 416 1176 462 sidera
1202 418 1393 464 ducunt.

91 494 316 546 Attonitis
334 494 513 540 haesere
536 492 726 548 animis,
752 507 1044 553 superosque
1069 493 1250 554 precati

88 570 322 619 Trinacrii
346 568 615 629 Teucrique
634 566 727 611 viri
750 586 759 612 ε
784 584 870 612 nec
894 583 1144 615 maxumus
1167 584 1305 615 omen
1535 585 1592 612 55„-

90 644 271 692 Abnuit
293 646 487 699 AEueas,
510 642 593 689 sed
620 642 778 688 laetum
799 641 1042 704 amplexus
1063 646 1264 690 Acesten

90 719 374 768 Muneribus
400 718 608 764 cumulat
628 717 829 779 magnis,
852 733 905 762 ac
929 718 1040 763 talia
1066 718 1191 763 satur
1213 738 1222 764 :

91 821 110 840 «
133 800 300 855 Sume,
326 807 462 857 pater
482 814 492 840 :
522 781 629 840 riam
652 804 696 838 te
718 792 870 838 voluit
891 809 974 838 rex
996 809 1193 856 magnus
1220 795 1412 858 Olympi

90 870 285 918 Talibus
310 869 531 932 auspiciis
553 879 790 915 exsortem
815 866 989 914 ducere
1008 868 1229 916 honores.

89 947 244 1010 Ipsius
262 944 480 992 Anchisae
503 943 705 1005 longaevi
726 943 819 988 hoc
844 959 1014 988 munus
1038 942 1262 1001 habebis,
1531 958 1590 986 533

91 1027 285 1071 Cratera
306 1022 572 1084 inpressum
596 1020 762 1083 signis,
788 1035 930 1082 quem
948 1017 1178 1065 Thracius
1201 1020 1311 1066 olim

90 1098 307 1145 Anchisae
327 1096 528 1159 genitori
554 1096 601 1141 in
620 1111 790 1157 magno
812 1110 1006 1141 munere
1027 1094 1211 1140 Cisseus

88 1269 291 1319 terpretati
305 1275 421 1314 sunt;
442 1280 552 1312 sero,
571 1280 662 1305 cum
675 1279 735 1304 res
753 1268 808 1318 ip-

90 1339 142 1363 sae
156 1327 361 1363 evenirent
374 1353 384 1371 ,
403 1333 449 1361 ut
465 1338 526 1361 eas
535 1326 615 1372 jam
627 1324 723 1362 olim
737 1324 807 1361 illo

90 1391 246 1421 ostento
271 1390 505 1419 monstratas
521 1395 601 1419 esse
614 1382 805 1420 dicerent.

88 1442 157 1478 Est
172 1453 265 1491 ergo
283 1451 294 1476 :
313 1440 430 1476 etiam
447 1447 556 1476 vates
569 1467 579 1485 ,
597 1440 669 1476 etsi
683 1441 806 1478 serius

88 1506 128 1535 et
155 1498 234 1545 jam
261 1504 352 1547 post
378 1504 586 1543 eventum,
608 1510 726 1547 quem
744 1510 805 1535 res

87 1554 230 1592 habuit
243 1582 254 1600 ,
293 1566 424 1591 casum
466 1555 521 1591 ita
557 1555 807 1604 interpretati

86 1619 192 1650 sunt.
205 1612 289 1649 Nec
312 1610 423 1647 aliter
435 1619 635 1661 acceperat
650 1612 675 1649 J
679 1624 716 1650 o.
738 1613 802 1650 Fr.

88 1669 269 1706 Gronov.
303 1668 418 1707 Obss.
444 1669 488 1705 in
509 1667 614 1706 Add.
637 1681 676 1718 p.
705 1682 802 1717 272.

87 1726 234 1765 Exitus
253 1725 394 1777 ingens
411 1725 598 1776 praeclare
617 1725 665 1762 de
683 1739 802 1764 even-

87 1792 133 1821 tu
167 1795 310 1834 magno
343 1795 387 1819 ac
413 1783 597 1820 mirabili.
615 1805 674 1811 —-
693 1785 715 1821 5
723 1797 771 1831 ²7
789 1813 800 1831 ‚

91 1841 188 1878 528.
211 1840 347 1877 Stellae
363 1840 553 1878 cadentes
580 1840 702 1892 vulgo
722 1841 803 1878 djc-

86 1907 137 1935 tae
157 1909 250 1934 cum
278 1905 404 1934 noctu
432 1906 518 1935 tum
547 1899 724 1936 interdiu
742 1912 804 1936 oc-

88 1967 248 1992 currere
275 1953 400 1990 solitae
413 1982 424 2000 ‚
443 1962 488 1990 ut
511 1955 554 1991 in
575 1956 739 2004 Hymno
759 1957 803 1993 in

87 2012 221 2063 Apoll.
255 2018 362 2057 4413
383 2024 470 2061 sup.
500 2011 528 2049 l.
561 2024 595 2048 e.
624 2013 688 2057 ΙΙ,
716 2013 798 2062 693

86 2079 126 2107 et
148 2070 278 2115 Ge.1,
302 2070 383 2106 365
416 2081 473 2118 sq.
503 2067 670 2120 Rffxa,
695 2068 802 2106 deci-

86 2127 162 2165 dua
178 2141 189 2174 ;
209 2140 299 2164 nam
333 2126 426 2163 alias
455 2125 576 2162 stellae
608 2125 802 2164 dicuntur

71 2185 181 2239 fixa·
199 2198 292 2223 esse.

146 2244 242 2281 530.
278 2244 366 2281 Nec
396 2255 513 2279 omen
548 2241 701 2278 Abnuic
731 2243 802 2279 AE-

87 2314 213 2346 neas;
230 2301 350 2352 igitur
372 2301 514 2349 accipit
535 2307 720 2349 tanquam
736 2299 803 2336 la:-

85 2360 208 2396 tum?
241 2366 346 2395 certe
376 2356 483 2408 quod
512 2356 579 2393 ille
611 2356 802 2407 putabat3

85 2429 178 2454 nam
194 2417 410 2454 claritatem
438 2416 610 2452 nominis
624 2443 634 2459 ,
661 2415 802 2451 samam

87 2482 126 2512 et
144 2473 301 2512 laudem
314 2501 325 2520 ,
345 2474 511 2511 omnino
528 2472 726 2509 fortunam
747 2474 803 2510 in-

84 2533 234 2583 signem
252 2559 263 2579 ,
312 2530 581 2581 augurabatur
619 2531 720 2581 ignis
761 2532 803 2567 in

85 2601 173 2627 aere
211 2587 483 2627 exardescens.
521 2587 573 2625 cf.
605 2591 713 2626 Serv.
755 2588 803 2624 ad

87 2647 185 2694 524,
202 2646 604 2690 53o.—531-54o.
622 2647 803 2683 Imitatur

85 2705 204 2743 Hom.
235 2706 262 2743 1.
295 2718 329 2742 c.
355 2703 467 2742 Iliad.
490 2700 542 2754 ψ,
576 2703 658 2740 616
689 2717 774 2754 sqq.
790 2732 800 2749 ,

85 2760 156 2799 uhi
173 2763 317 2802 Nestor
327 2762 446 2800 simili
457 2760 579 2800 modo
591 2763 800 2812 praemium

875 1275 985 1304 extra
1013 1266 1195 1305 ordinem
1216 1267 1305 1305 fert.
1318 1287 1376 1297 —
1391 1268 1415 1305 5
1421 1269 1487 1311 34.
1506 1267 1590 1304 Au-

873 1324 1041 1374 spicibus
1057 1325 1176 1363 Wall.
1194 1327 1297 1362 Mox
1313 1325 1448 1376 vulgg.
1468 1323 1589 1361 hono-

874 1396 956 1419 rem
979 1396 993 1418 .·
1013 1381 1178 1419 honores
1198 1383 1386 1420 Heinsius
1412 1383 1590 1431 reposuit

874 1448 1062 1490 tanquam
1083 1441 1319 1477 concimlius
1339 1448 1378 1477 et
1394 1440 1591 1477 sonorius.

873 1498 937 1536 Sic
965 1501 1081 1536 Rom.
1102 1506 1141 1534 et
1157 1498 1365 1536 Medieeus
1384 1498 1514 1535 Pierii.
1536 1499 1592 1534 At

870 1555 915 1590 in
941 1553 1127 1591 Mediceo
1153 1554 1317 1592 Heinsio
1344 1555 1523 1604 inspecto
1554 1562 1594 1589 et

872 1623 891 1647 a
911 1612 1105 1661 Fogginio
1129 1613 1236 1662 typis
1255 1613 1402 1649 ekcuso
1426 1610 1593 1648 honores

871 1668 1043 1706 secunda
1069 1681 1211 1705 manus
1229 1670 1273 1705 in
1288 1667 1480 1705 honorem
1501 1680 1589 1705 mu-

870 1728 968 1763 tavit
983 1754 994 1773 ‚
1030 1734 1076 1763 ut
1109 1726 1207 1763 adeo
1237 1724 1322 1762 haee
1354 1725 1590 1776 Aproniana

868 1782 1052 1821 habenda
1071 1784 1122 1821 sit
1138 1783 1271 1821 lectio.
1289 1784 1441 1820 Iterum
1460 1789 1588 1819 muta-

869 1849 908 1878 ta
940 1849 998 1878 est
1026 1843 1070 1878 in
1105 1840 1274 1878 honores
1300 1853 1320 1876 a
1346 1854 1399 1878 m.
1428 1853 1503 1878 sec.
1533 1841 1588 1876 At

869 1897 1091 1948 Hamburg.
1111 1898 1208 1935 alter
1223 1911 1243 1934 a
1260 1911 1312 1935 m.
1327 1911 1388 1948 pr.
1403 1897 1586 1940 honores,

870 1954 979 2004 quod
999 1963 1037 1992 et
1063 1954 1261 1992 Montalb.
1294 1963 1333 1991 et
1355 1954 1476 1991 Goth.
1511 1966 1587 1990 sec.

870 2011 1008 2058 hahet3
1026 2013 1119 2048 item
1138 2011 1256 2048 Palat.
1275 2019 1370 2048 teste
1383 2009 1586 2047 Benedict.

868 2090 926 2097 —
941 2069 1038 2106 536.
1062 2068 1269 2106 crateram
1286 2067 1435 2106 Medic.
1448 2090 1507 2097 ·—-
1520 2067 1585 2105 Ad

869 2135 1062 2163 craterem
1087 2126 1136 2164 cf.
1160 2134 1349 2163 craterem
1377 2125 1588 2164 Sidonium

870 2183 1012 2235 Odyss.
1039 2196 1081 2229 0,
1117 2184 1210 2222 115.
1243 2186 1482 2233 Jmpressum
1509 2183 1587 2233 sig-

871 2241 954 2287 nis,
978 2241 1241 2293 anaglyphum
1258 2271 1268 2288 ‚
1289 2243 1409 2293 siguis
1432 2253 1588 2292 expres-

871 2301 922 2336 sis
942 2301 985 2337 in
1010 2308 1171 2350 argento
1191 2300 1255 2337 vel
1274 2312 1362 2337 aere.
1391 2299 1588 2336 Luxuriat

870 2357 911 2393 in
945 2370 992 2395 eo
1025 2358 1170 2395 Statius
1203 2357 1230 2395 l.
1267 2370 1302 2395 e.
1341 2356 1468 2395 Theb.
1500 2358 1560 2394 VI
1576 2383 1586 2401 ‚

873 2415 1131 2465 531-539,
1148 2437 1206 2444 —-
1222 2417 1317 2462 537.
1345 2414 1477 2452 Ciseus
1506 2414 1554 2452 al.
1571 2443 1582 2458 ,

870 2482 928 2510 est
955 2471 1124 2517 Κισσεύς.
1148 2475 1195 2510 In
1229 2486 1313 2511 non
1342 2471 1585 2517 delendum;

871 2539 927 2567 est
957 2540 1002 2569 ut
1035 2544 1137 2581 saepe
1175 2530 1210 2568 ἐν
1226 2560 1236 2578 ,
1270 2533 1313 2568 in
1345 2539 1455 2580 parte
1468 2559 1479 2578 ,
1511 2544 1586 2580 pro

870 2601 1056 2635 munere,
1090 2590 1266 2626 muneris
1299 2588 1403 2626 loco.
1425 2610 1481 2616 —
1506 2586 1588 2624 Cis-

868 2659 978 2691 seus,
1013 2646 1210 2685 Thracum
1231 2659 1326 2692 rex,
1363 2647 1476 2693 cujus
1503 2643 1585 2682 filia

869 2703 1045 2742 Hecuba.
1063 2705 1123 2743 Cf.
1151 2705 1223 2742 inf.
1243 2703 1313 2741 lib.
1330 2706 1392 2749 X,
1421 2703 1516 2750 705.
1544 2716 1582 2739 v,

868 2760 1055 2800 Munker.
1078 2762 1127 2799 ad
1147 2762 1298 2813 lIygin.
1320 2760 1347 2799 f.
1366 2773 1415 2811 91
1433 2773 1444 2807 ;
1469 2762 1583 2800 Nota.-
