1767 3054
665 218 818 257 LIBER
850 218 967 256 VIII.

1493 219 1572 256 355

70 297 129 338 At
153 294 330 346 Caesar,
358 287 532 351 triplici
556 288 769 336 invectus
793 292 1009 336 Romana
1032 289 1276 353 triumpho

68 367 270 424 Moenia,
294 364 365 411 dis
388 365 517 410 Italis
542 377 705 411 votum
730 367 993 413 immortale
1017 366 1258 424 sacrabat,

68 445 293 489 Maxuma
318 452 390 487 ter
414 452 607 487 centum
636 453 779 488 totam
807 442 1005 489 delubra
1030 459 1116 506 per
1140 443 1323 490 urbem.

67 517 272 575 Laetitia,
297 517 515 580 ludisque
540 519 629 564 x'iae
651 519 914 582 plausuque
940 519 1231 578 st·cmebant;

67 590 301 638 Omnibus
327 592 373 637 iu
404 593 589 655 templis
613 606 816 641 matrum
842 593 1038 650 chorus,
1066 595 1288 641 omuibus
1314 610 1432 652 arae3

67 670 190 712 Ante
215 682 339 723 aras,
371 678 543 714 terram
571 669 678 715 caesi
701 679 913 716 stravere
933 670 1141 731 juvenci.

69 744 200 803 Ipse,
225 740 391 788 sedens
416 742 556 788 niveo
581 744 824 790 candentis
850 744 1011 789 limine
1035 742 1224 799 Phoebi,
1519 764 1578 793 7²0

70 817 208 860 Dona
233 817 528 879 recognoscit
554 819 868 880 populorum,
894 828 1119 880 aptatque
1143 815 1362 880 superbis

72 1033 113 1060 m
137 1031 274 1068 veste,
298 1031 355 1060 est
371 1051 381 1070 ,
401 1036 573 1074 expansa
598 1033 793 1075 quantum

71 1082 181 1118 sinus
197 1080 368 1131 patebat.
382 1103 440 1110 ——-
454 1085 604 1120 Ornate
620 1083 773 1134 singula
784 1111 794 1128 ‚

71 1141 188 1176 etiam
205 1139 582 1193 latebrosaflumina
593 1170 603 1185 ,
621 1153 710 1191 quae
722 1153 796 1191 pro

72 1196 233 1234 latebris
249 1210 360 1234 nuuc
384 1206 508 1235 erant.

135 1262 216 1302 714
250 1269 336 1306 sqq.
367 1255 545 1294 Tandem
570 1255 796 1306 triumphus

75 1314 245 1364 Augusti
287 1321 370 1350 erat
414 1322 714 1365 repraesentatus
754 1315 797 1350 in

69 1371 218 1422 clipeo.
247 1372 339 1408 Fuit
368 1373 400 1408 is
431 1373 576 1423 triplex
610 1373 652 1408 iu
685 1372 797 1408 trinis

75 1428 217 1466 diebus
247 1441 256 1465 :
283 1429 552 1473 Dalmatiam,
581 1430 795 1473 Λούδους,

76 1485 390 1524 Alexandrinus.
424 1500 464 1524 v,
496 1489 661 1523 Sueton.
692 1488 796 1535 Aug.

79 1557 158 1590 22;
180 1545 259 1582 Dio
282 1546 358 1589 LI,
391 1557 457 1582 21.
481 1546 646 1582 Necesse
677 1544 798 1593 igi1ur

76 1609 134 1640 est
152 1601 202 1638 ab
225 1600 374 1639 artifice
405 1615 448 1638 ea
463 1630 473 1647 ‚
498 1615 587 1651 quae
606 1602 798 1650 cujusque

77 1659 155 1697 diei
174 1668 303 1697 essent
317 1688 326 1703 ‚
350 1660 393 1696 in
414 1672 540 1696 unum
557 1659 676 1695 fuisse
699 1670 796 1695 cou-

78 1726 198 1769 gesta.
226 1720 369 1755 Votum
399 1717 628 1754 immortale
663 1729 798 1753 sacra-

78 1776 175 1821 bat;
198 1776 341 1826 templa
356 1804 366 1822 ,
388 1789 507 1826 opera
538 1774 796 1820 immortalia,

79 1833 288 1871 dedicabat
325 1847 376 1869 ex
412 1842 531 1879 voto;
565 1842 603 1869 et
637 1832 799 1882 quidem

82 1904 225 1942 magno
259 1903 427 1926 numero
441 1918 451 1934 ‚
488 1889 596 1926 unde
638 1899 800 1926 [recena

83 1949 188 1986 dixit
215 1961 225 1987 t
253 1960 341 1997 quae
380 1960 450 1998 per
489 1947 680 1997 reliquam
714 1948 801 1984 Au-

82 2007 185 2060 gusti
207 2007 327 2042 vitam
350 2006 447 2042 facta
465 2014 577 2051 sunt,
601 2007 803 2042 revocavit

81 2072 197 2115 poeta
210 2063 286 2100 sub
303 2076 429 2101 uuum
445 2072 614 2114 tempus.
629 2062 678 2100 cf.
694 2066 801 2101 Suet.

85 2122 257 2172 293Dio
278 2124 356 2168 LI,
383 2135 450 2159 22.

145 2194 164 2228 7
178 2193 242 2228 17.
262 2183 444 2231 Lucaque
468 2177 678 2229 oblongus
698 2181 803 2217 Lon-

83 2238 176 2290 gob.
198 2238 410 2288 laudisque
425 2236 507 2273 duo
524 2237 658 2273 Burin.
680 2237 803 2274 Plau-

82 2310 248 2347 sumque
276 2296 447 2334 Dorvill.
479 2294 690 2331 Fremebat
708 2295 803 2332 alter

84 2354 206 2393 Goth.
219 2368 229 2401 3
245 2356 295 2391 ita
307 2354 442 2391 saltem
453 2351 655 2403 jungenda
672 2353 804 2403 :plau-

83 2412 419 2465 suque-fremebat
439 2411 630 2449 Omnibus
643 2410 682 2447 in
703 2421 729 2450 t.
749 2425 801 2449 m.

82 2469 249 2517 ελον-μη
284 2471 352 2508 sed
387 2470 464 2509 hoe
507 2468 692 2519 putidum
732 2479 803 2508 est.

84 2543 312 2578 —717—-7
327 2543 389 2580 19.
410 2527 554 2567 Vinde
577 2528 710 2564 laelilia
729 2541 804 2578 pu-

84 2587 190 2626 blica
211 2587 465 2626 describitur.
484 2587 691 2636 Exquisite
712 2601 724 2621 x
737 2599 805 2623 ero

85 2644 153 2683 illa
168 2644 270 2684 dicta
289 2659 365 2698 pro
388 2645 618 2697 vulgaribus
643 2656 651 2683 :
675 2645 803 2681 omni-

87 2701 164 2739 bus
179 2704 222 2741 in
242 2704 398 2756 templis
419 2714 692 2741 matronarum
719 2716 808 2753 sup-

82 2759 320 2809 plt'cantium
352 2772 496 2807 emtus,
531 2771 569 2798 ec
595 2775 677 2798 arce
711 2771 807 2798 ante

87 2830 188 2868 quas
209 2820 380 2858 victimae
407 2819 727 2858 immolabantur.
746 2842 804 2848 —-

92 2888 112 2921 7
125 2876 187 2913 13.
210 2879 303 2914 Arce
321 2879 422 2917 Pier.
446 2887 485 2917 et
500 2879 637 2917 Heius.
658 2892 678 2916 e
702 2879 781 2916 suis
796 2907 805 2923 ‚

861 1034 1031 1075 excepto
1070 1037 1154 1061 uno
1181 1026 1362 1069 Veneto,
1390 1022 1584 1073 probave-

863 1092 971 1120 runt.
986 1082 1141 1119 Vellem
1159 1081 1394 1129 adjecissent
1407 1081 1482 1117 viri
1495 1081 1585 1118 doc-

863 1143 892 1178 ti
908 1169 917 1187 ,
944 1140 1053 1189 quod
1089 1141 1295 1176 sententiae
1335 1152 1501 1176 acumen
1543 1140 1585 1175 in

864 1212 911 1236 eo
938 1196 1296 1248 deprehenderent.
1327 1195 1436 1247 Quid
1462 1199 1585 1247 magis

864 1257 1006 1308 frigere
1030 1255 1156 1292 dicam
1172 1284 1182 1302 ‚
1204 1268 1324 1304 quam
1344 1256 1385 1290 iu
1406 1254 1588 1290 omnibns

865 1313 1022 1363 templis
1051 1327 1135 1349 (ιι-αξ
1166 1325 1219 1350 sc.
1257 1312 1393 1348 erant?
1416 1313 1523 1350 Licet
1547 1312 1587 1349 id

865 1371 1023 1409 credere
1041 1383 1050 1408 :
1075 1370 1143 1408 sed
1159 1370 1257 1420 quid
1274 1369 1395 1407 inde?
1411 1383 1462 1407 an
1482 1383 1589 1421 repe-

868 1438 947 1466 tere
968 1429 1098 1479 placet
1130 1442 1215 1465 arce
1245 1427 1588 1480 sc.fi·emebant.³

866 1489 942 1524 Res
968 1500 1060 1523 vero
1082 1488 1137 1522 sic
1155 1485 1417 1536 expedienda.
1444 1487 1591 1536 Exqui-

865 1546 936 1581 site
975 1544 1040 1581 illa
1079 1544 1182 1580 dicta
1215 1556 1290 1594 pro
1323 1543 1556 1594 vulgaribus
1578 1557 1587 1581 ε

865 1602 1064 1640 Omnibus
1087 1603 1125 1638 iu
1141 1601 1296 1652 templis
1315 1610 1586 1639 matronarum

865 1660 1176 1710 supplicantium
1199 1668 1329 1696 coetus
1344 1659 1588 1705 visebantur,

867 1727 908 1755 ec
937 1731 1044 1763 (ινιτ,
1088 1717 1136 1754 ab
1177 1716 1328 1754 artifice
1369 1731 1565 1768 expressae
1579 1748 1589 1765 ‚

866 1785 1071 1826 antequas
1082 1777 1250 1812 victimae
1265 1775 1588 1813 immolabantur.

867 1833 1003 1884 Vulgo
1019 1834 1169 1870 lectum
1188 1833 1265 1869 fuit
1283 1831 1464 1869 omnibus
1479 1833 1562 1869 aris
1577 1847 1589 1869 .-

868 1891 989 1940 idque
1013 1905 1064 1928 ex
1094 1890 1290 1928 Gothanis
1324 1891 1479 1941 primus
1508 1904 1588 1928 ser-

870 1957 948 1985 vat.

930 2019 1012 2053 720
1039 2019 1096 2056 sq.
1115 2005 1329 2056 Splendida
1354 2019 1487 2044 rerum
1504 2020 1590 2058 spe-

870 2065 960 2102 cies.
986 2067 1084 2102 Puta
1114 2064 1446 2115 triumphatorem
1475 2067 1591 2103 Octa·

871 2125 1032 2159 vianum
1049 2123 1128 2170 jam
1158 2124 1323 2160 intrasse
1348 2122 1502 2160 urbem.
1524 2125 1590 2162 Se·

871 2180 937 2218 det
957 2194 1030 2231 pro
1047 2180 1236 2218 tribunali
1257 2180 1332 2217 sub
1349 2182 1507 2230 porticu
1521 2209 1532 2227 ‚
1553 2191 1591 2219 et

871 2238 979 2275 aditu
1010 2239 1146 2289 templi
1175 2238 1375 2290 Apollinis
1399 2238 1588 2285 Palatini,

871 2306 906 2334 et
938 2305 1163 2347 prospectat
1192 2297 1414 2348 (exquisite
1453 2310 1587 2350 recog-

871 2354 996 2392 noscit
1006 2370 1020 2399 ,·
1034 2368 1126 2406 argu
1134 2363 1237 2392 tatur
1249 2356 1306 2392 Bu
1313 2367 1383 2393 rm.
1400 2356 1442 2392 in
1453 2363 1588 2407 etymo

868 2413 979 2450 vocis
1002 2411 1017 2462 )
1070 2412 1345 2450 succedentem
1402 2426 1587 2465 pompam

870 2470 1149 2521 triumphalem
1165 2501 1176 2517 ‚
1194 2475 1236 2509 iu
1269 2484 1345 2522 qua
1380 2481 1590 2522 portantur

870 2542 1029 2566 coronae
1049 2542 1176 2566 aurete
1188 2559 1199 2575 ,
1216 2529 1337 2567 dona
1349 2530 1586 2581 populorum

870 2588 884 2639 (
899 2587 1005 2625 conf.
1026 2587 1150 2625 Cerda
1163 2587 1178 2638 )
1190 2617 1200 2634 ‚
1219 2587 1426 2625 ducuntur
1443 2589 1588 2639 captivi

873 2659 952 2683 una
969 2658 1061 2683 cum
1077 2648 1198 2698 siguis
1218 2646 1464 2698 Fluviorum.

934 2717 984 2751 72
997 2717 1030 2742 1.
1049 2707 1253 2757 Aptatque
1274 2703 1447 2755 superbis
1463 2706 1590 2741 Posti—

873 2761 971 2799 bus:
1001 2775 1168 2801 coronas
1201 2777 1295 2814 ergo
1331 2764 1371 2800 iu
1409 2762 1586 2803 foribus,

873 2821 935 2857 vel
959 2823 1115 2872 porticu
1147 2823 1283 2873 templi
1306 2819 1494 2872 suspendi
1519 2831 1586 2855 cu-

873 2880 987 2917 ravit.
