1767 3054
178 135 252 171 118

803 137 1042 177 AENEIDOS

169 205 417 266 Multaque
441 214 669 266 praeterea
693 207 936 253 variarum
957 219 1165 255 monstra
1191 208 1421 264 ferarum,
1601 220 1660 250 285

171 280 394 325 Centauri
418 280 466 325 in
493 280 674 327 foribus
700 282 959 339 stabulant,
983 284 1241 345 Scyllaeque
1266 282 1514 340 biformes,

168 355 226 398 Et
251 355 652 416 centumgeminus
673 355 919 413 Briareus,
945 371 999 402 ac
1022 356 1178 404 bellua
1203 360 1366 404 Lernae

166 527 250 563 cuit
269 535 468 562 structura
489 538 498 563 :
526 539 646 574 quam
665 547 723 554 ——-
744 534 876 563 tenere

152 582 708 634 seruntfhliisque—haerent
724 596 775 620 sc.
795 583 875 621 illa.

164 662 221 668 —
267 642 418 677 Mirum
460 640 691 690 phantasma
706 668 715 685 ‚
769 640 878 689 quod

165 697 339 734 Somniis
356 696 488 734 sedem
506 699 673 748 assignat
688 698 729 733 in
747 697 877 743 ulmo;

162 755 232 792 sed
266 755 341 791 diis
365 755 495 800 alatis,
527 755 683 791 levibus
701 782 710 800 ,
741 757 846 805 vagis
861 783 871 800 ,

162 812 264 849 bene
285 825 329 848 ea
353 814 566 857 convenit3
600 821 637 849 et
659 812 876 848 subnatum

161 879 289 920 poetae
312 878 581 906 commentum
603 868 680 906 hoc
696 870 876 919 suspicor

163 941 214 964 ex
235 929 411 965 Homero
433 926 542 964 Iliad.
570 924 614 973 ξ,
636 926 717 962 286
741 940 872 976 seqq.,

162 985 234 1021 ubi
264 988 433 1023 Somnus
457 998 476 1020 a
493 986 518 1022 J
523 997 653 1021 unone
684 983 876 1021 adductus

162 1044 205 1079 in
222 1043 362 1079 arbore
381 1041 573 1088 considet,
586 1041 712 1079 donec
732 1044 757 1079 J
761 1055 876 1078 ovem

161 1102 287 1166 possit
303 1102 539 1150 opprimere
563 1099 756 1137 Somnia'
747 1113 789 1136 1n
806 1103 878 1138 Or-

162 1159 199 1195 ci
218 1158 326 1195 aditu
347 1158 564 1204 collocare,
591 1159 717 1209 poetis
735 1157 878 1194 sollen-

160 1227 212 1253 ne
236 1225 305 1253 est.
336 1219 394 1253 Ita
425 1216 569 1267 Odyss.
605 1230 634 1253 ω
650 1244 660 1262 ,
699 1229 746 1252 12
779 1219 876 1268 παρ’

160 1265 226 1311 fis·-
200 1271 252 1311 -.ί)
279 1286 309 1310 ,ο
350 1272 475 1317 πὺὶοις
461 1302 499 1319 ‚
548 1273 762 1311 occidentes
809 1275 876 1310 So-

160 1331 232 1376 Its,
257 1331 408 1369 habitat
425 1328 546 1383 Sim.
531 1322 654 1368 Ονεί
660 1345 746 1384 eumz
767 1334 875 1368 Som-

160 1402 232 1425 nus
258 1402 280 1425 a
305 1392 475 1428 Somniis
495 1391 703 1439 separatim
726 1403 873 1427 memo-

157 1455 266 1485 ratus
301 1458 382 1485 erat
411 1449 514 1496 278,
556 1447 874 1498 consanguineus

160 1503 251 1540 Leti
291 1506 427 1553 Sopor.
473 1505 582 1540 Infra
617 1514 748 1540 tamen
791 1505 872 1554 894

161 1560 305 1597 Somni
333 1569 463 1610 portoe
507 1570 624 1607 sunt,
671 1574 742 1610 per
778 1575 873 1611 quas

161 1617 328 1654 Somnia
347 1620 584 1655 emittuntur
604 1618 651 1655 ad
675 1627 794 1654 terras
813 1632 876 1657 su-

158 1688 270 1725 peras
286 1689 296 1722 ;
321 1676 417 1713 adeo
433 1676 686 1713 manifestum
702 1673 770 1722 fit,
791 1679 873 1713 Ma-

158 1746 299 1770 ronem
342 1734 426 1769 haec
465 1734 582 1769 variis
628 1734 873 1783 diversisque

158 1792 287 1840 poetis
305 1792 456 1827 Graecis
472 1790 698 1840 sublegisse.
719 1791 866 1840 Vulgo,

157 1848 317 1896 passim,
336 1849 575 1893 catervatim,
594 1856 639 1884 ut
650 1847 750 1884 bene
763 1850 871 1885 Serv,

158 1904 334 1941 Eandem
353 1905 535 1942 arborem
551 1907 642 1942 satis
666 1904 873 1942 commode

157 1963 201 1998 in
231 1971 368 1999 taxum
399 1972 437 2000 et
468 1962 601 1999 sedem
633 1962 870 2009 bubonum,

158 2020 347 2070 strigam,
377 2029 416 2057 et
432 2022 696 2071 Harpyiarum
712 2049 722 2066 ‚
749 2029 873 2057 muta-

159 2078 219 2113 vit
238 2077 355 2114 Silius
372 2080 484 2125 XIII,
508 2079 755 2127 595-6003
777 2080 873 2115 item

160 2136 307 2172 Seneca
327 2137 444 2173 Herc.
468 2136 545 2173 fur.
572 2137 668 2185 690.

220 2193 461 2242 285—289.
484 2195 521 2229 A
541 2194 794 2232 Somniorum
813 2193 872 2229 lu-

161 2248 300 2286 dibriis
318 2250 442 2287 facilis
465 2251 541 2287 suit
561 2259 686 2300 poetae
709 2252 870 2301 ingenio

159 2319 387 2357 progressus
431 2308 479 2344 ad
520 2308 787 2357 phantasmata
833 2317 871 2345 et

160 2373 347 2402 monstra.
370 2365 446 2403 Sed
465 2378 508 2401 ea
529 2366 607 2412 jam
633 2367 872 2416 antiquiores

159 2422 203 2456 in
225 2421 285 2458 his
305 2422 403 2459 locis
431 2423 640 2459 collocasse
654 2451 664 2468 ‚
692 2436 743 2459 ex
761 2425 872 2460 Aris-

161 2479 332 2529 tophane
367 2481 511 2531 colligo
540 2482 582 2517 in
614 2482 733 2518 Ranjs
768 2482 868 2525 143,

159 2532 275 2573 Μετὰ
294 2539 403 2574 ταῦτ’
422 2538 676 2588 (Charontem
696 2550 873 2575 narrave-

161 2593 248 2644 rat)
282 2592 382 2645 ὄφεις
415 2592 481 2631 m).
516 2593 610 2647 θηρί’
641 2592 723 2644 ὄψει
753 2593 872 2647 μυρίοι

163 2649 387 2690 Asmira-:70
419 2654 487 2688 Est
516 2652 626 2688 locus
653 2652 701 2688 de
729 2652 873 2689 Bacchi

164 2711 353 2748 descensu
372 2708 418 2744 ad
438 2709 595 2745 inferos
611 2709 725 2745 Adde
738 2723 774 2746 v,
789 2710 870 2745 280

162 2782 219 2819 sq.
230 2769 367 2819 Neque
380 2765 531 2804 abludit
540 2768 702 2803 Etrusca
715 2774 753 2803 et
763 2766 871 2803 Grae-

945 539 989 564 ca
1005 530 1208 579 antiquior
1225 542 1295 580 per
1316 529 1467 567 Italiam
1486 528 1624 582 religio
1639 557 1647 575 ⁵

945 598 1064 633 quam
1087 595 1258 622 monstra
1288 587 1376 622 talia
1401 589 1444 622 in
1470 587 1567 624 locis
1597 589 1655 624 in-

946 641 1036 677 feris
1066 641 1274 679 collocasse
1294 656 1344 680 ex
1362 656 1504 694 magno
1531 656 1655 681 sarco-

945 697 1167 748 phagorum
1204 708 1243 735 et
1268 713 1453 737 vasorum
1486 714 1654 739 numero

945 765 1122 792 constare
1157 756 1329 795 videtur.
1363 758 1466 795 conf.
1507 759 1654 796 Gorius

943 815 1046 850 filus.
1068 815 1222 850 Etrusc.
1244 822 1338 850 tom.
1360 816 1399 850 II
1413 841 1423 860 ,
1441 828 1480 864 p.
1506 816 1581 860 148
1595 838 1654 844 -—-

948 883 964 906 1
975 871 1041 907 82.
1056 873 1203 907 Passer.
1223 870 1402 921 Paralip.
1418 870 1459 907 in
1473 873 1652 921 Dempst.

942 942 982 978 p.
1019 941 1081 964 10.
1113 936 1151 963 et
1182 928 1231 965 al.
1260 937 1298 965 et
1320 941 1450 978 nuper
1468 927 1654 978 pluribus

943 987 1130 1037 Bottiger.
1152 987 1191 1020 V
1187 985 1472 1036 asengemc'z'lde
1494 989 1513 1023 I
1529 984 1655 1024 stiick

943 1045 1003 1079 ΙΙΙ
1016 1071 1026 1089 ,
1047 1057 1086 1093 p.
1107 1043 1174 1091 89.
1196 1042 1411 1094 lusoribus
1426 1043 1628 1081 stabulant
1645 1073 1656 1091 ‚

944 1099 1238 1138 accommodate
1257 1101 1305 1137 ad
1324 1101 1435 1147 feras,
1452 1114 1541 1151 pro,
1561 1111 1655 1138 sunt

944 1159 986 1195 in
1027 1160 1157 1209 primo
1188 1157 1323 1204 aditu3
1359 1159 1504 1207 Scylloe
1536 1157 1654 1210 bijbr-

945 1229 1049 1262 mes,
1088 1229 1257 1266 superne
1293 1215 1461 1266 puellari
1501 1217 1653 1266 specie,

943 1287 1033 1325 quae
1062 1275 1105 1310 iu
1139 1273 1311 1310 belluam
1342 1274 1531 1310 marinam
1560 1273 1656 1312 desi-

942 1334 1015 1378 nit,
1033 1344 1072 1369 v.
1095 1331 1143 1368 ad
1160 1331 1243 1368 Ecl.
1260 1333 1340 1378 VI,
1364 1338 1429 1379 74.
1451 1332 1554 1382 Ergo
1570 1334 1610 1371 h.
1625 1333 1652 1370 l.

941 1390 1074 1440 plures
1103 1389 1243 1439 Scyllae
1264 1388 1496 1439 ponuntur?
1527 1399 1652 1436 recte3

940 1447 1054 1497 plura
1085 1456 1262 1484 monstra
1290 1447 1466 1497 Scyllaea,
1486 1456 1532 1485 ut
1556 1451 1652 1488 Stat.

941 1505 1141 1554 eloquitur
1157 1505 1251 1542 Silv.
1261 1507 1314 1549 V,
1330 1505 1367 1547 3,
1387 1504 1482 1541 280.
1495 1503 1579 1541 Nec
1598 1516 1654 1541 as-

941 1560 1132 1599 sumenda
1148 1570 1205 1597 est
1221 1561 1339 1597 altera
1351 1588 1362 1606 ,
1387 1561 1474 1599 Nisi
1490 1560 1517 1598 f.
1542 1561 1653 1611 praei-

943 1621 1000 1655 vit
1018 1621 1174 1656 Lucret.
1191 1621 1229 1653 V
1243 1646 1253 1664 ,
1291 1618 1371 1667 890
1385 1645 1395 1664 ‚
1433 1618 1510 1667 891
1529 1631 1541 1664 ;
1569 1620 1651 1664 IV,

944 1677 1038 1723 737.
1067 1679 1218 1712 Locum
1244 1675 1396 1712 videbis
1425 1688 1652 1724 expressum

941 1746 961 1769 a
987 1736 1107 1770 Tasso
1137 1731 1333 1769 Gierusal.
1369 1731 1396 1767 l.
1425 1733 1496 1776 IV,
1531 1740 1579 1769 st.
1611 1732 1649 1769 5.

940 1789 1129 1826 Briareus
1139 1803 1154 1833 ;
1175 1790 1311 1826 notiss.
1338 1788 1451 1825 locus
1469 1787 1582 1826 Iliad.
1598 1801 1624 1825 α
1638 1817 1649 1834 ,

943 1853 1022 1890 402
1058 1859 1115 1895 sq.
1152 1845 1388 1895 Apollodor.
1411 1847 1451 1891 Ι,
1478 1858 1495 1880 1
1518 1859 1579 1895 pr.
1597 1847 1653 1883 At

939 1902 1277 1954 centumgeminus
1287 1915 1368 1952 quo
1380 1914 1496 1938 sensu
1506 1903 1523 1938 P
1541 1905 1651 1941 SerV.

941 1978 961 1992 «
983 1962 1127 1997 centies
1146 1959 1308 2010 duplex.
1322 1978 1341 1991 >2
1352 1961 1435 1997 Vix
1450 1972 1542 1996 vere
1555 1987 1566 2006 ,
1583 1959 1651 1997 sed

941 2027 999 2055 est
1023 2017 1174 2054 dictum
1200 2026 1245 2054 ut
1265 2015 1468 2068 trigemini
1482 2029 1557 2067 pro
1584 2019 1650 2053 tri-

939 2076 1001 2113 nis
1015 2104 1026 2121 ,
1068 2075 1120 2112 ita
1154 2087 1227 2124 pro
1262 2073 1519 2124 centumplex
1532 2102 1542 2120 ‚
1581 2086 1651 2111 seu

941 2134 1114 2170 centenis
1128 2131 1323 2182 capitibus
1335 2133 1566 2178 instructus,
1582 2144 1652 2168 seu

941 2199 1102 2227 centum
1119 2202 1310 2226 manuum
1328 2197 1510 2240 respectu
1522 2217 1533 2236 ,
1557 2190 1651 2238 quia

941 2244 1215 2301 ἑκατόγχειρος
1228 2275 1238 2293 ,
1281 2245 1388 2297 apud
1432 2247 1650 2284 Homerum

939 2305 1051 2343 Iliad.
1083 2307 1144 2353 A,
1179 2313 1272 2352 402.
1298 2305 1435 2354 Capita
1461 2305 1492 2340 L
1516 2301 1651 2350 adjicit

939 2362 1224 2413 Apollodorus.
1256 2361 1351 2398 Infr.
1380 2363 1441 2406 X,
1479 2359 1559 2396 565
1583 2362 1649 2397 AE-

940 2434 1076 2471 gaeon,
1107 2430 1265 2457 centum
1292 2417 1358 2454 eui
1389 2415 1553 2454 brachia
1586 2416 1647 2453 di-

940 2488 1043 2523 cunt,
1069 2479 1342 2525 Centenasque
1355 2487 1498 2511 manus
1509 2488 1525 2518 ;
1542 2472 1650 2524 quin-

940 2535 1138 2586 quaginta
1161 2532 1288 2570 oribus
1317 2531 1448 2582 ignem
1474 2530 1650 2568 Pectori-

940 2594 1085 2642 busque
1101 2590 1255 2627 arsisse.
1288 2588 1411 2625 AJiud
1425 2597 1647 2626 monstrum

938 2652 982 2686 in
1019 2648 1126 2684 aditu
1155 2648 1248 2685 Orci
1283 2648 1416 2695 posuit
1456 2645 1657 2697 Virgilius·

937 2706 1007 2743 inf.
1028 2706 1150 2750 VIII,
1173 2703 1221 2740 de
1251 2704 1433 2740 Herculis
1456 2703 1647 2740 descensu

937 2762 987 2800 ad
1011 2761 1160 2800 inferos
1173 2789 1184 2808 ‚
1213 2762 1292 2811 298
1322 2763 1408 2799 Nec
1423 2770 1461 2798 te
1476 2757 1649 2811 ullaesa·
