1767 3054
261 125 341 192 P.
395 121 886 192 VIRGILII
935 121 1443 192 MARONIS

497 367 1196 475 AENEIDOS

343 668 676 752 LIBER
774 669 1330 755 OCTAVUS.

99 942 169 955 ns
174 941 1591 961 musssnwsmmmmmuvmmmmmmmnsm

564 1144 1131 1190 ARGUMENTUM.

156 1341 279 1378 Banu
302 1342 458 1391 signum
481 1341 642 1377 Turnus
666 1353 715 1376 ex
735 1342 919 1378 Laurenti
939 1353 1025 1378 arce
1042 1341 1252 1392 proponit,
1272 1340 1449 1390 Latiique
1470 1343 1591 1379 totius

97 1411 434 1463 finitimarumque
456 1411 619 1448 urbium
649 1412 723 1449 sibi
744 1413 889 1450 auxilia
919 1413 1108 1464 adjungit.
1134 1412 1318 1450 Venulus
1337 1426 1496 1463 quoque
1517 1416 1592 1451 Ar-

97 1496 166 1532 gos
190 1483 238 1520 ad
270 1482 504 1520 Diomedem
527 1482 719 1528 mittitur,
750 1492 795 1519 ut
829 1497 920 1520 eum
948 1483 1116 1534 periculi
1139 1482 1396 1520 similitudine
1421 1482 1468 1520 ad
1498 1483 1593 1520 belli

96 1557 321 1594 societatem
338 1555 514 1607 impellat
539 1577 597 1584 —
625 1568 688 1602 17.
719 1556 876 1605 Quibus
905 1556 1024 1594 rebus
1048 1565 1251 1607 permotus
1274 1559 1435 1602 AEneas,
1461 1548 1592 1608 copia-

96 1645 264 1683 rumque
294 1644 454 1670 suarum
476 1631 664 1683 paucitati
686 1629 889 1677 diffidens,
914 1631 1092 1670 Tiberini
1120 1634 1275 1670 monitu
1289 1661 1300 1679 ,
1320 1632 1485 1670 adverso
1516 1632 1595 1670 ssu-

96 1708 201 1743 mine
224 1707 267 1743 in
286 1719 330 1744 ea
355 1705 444 1743 loca
472 1704 731 1752 subvehitur,
763 1706 806 1741 in
836 1705 980 1756 quibus
1003 1714 1137 1756 postea
1157 1709 1283 1744 Roma
1307 1705 1466 1744 condita
1496 1707 1593 1753 fuit;

96 1779 348 1831 Evandrique
379 1781 502 1832 regis,
532 1781 621 1830 qui,
655 1793 705 1817 ex
739 1779 910 1817 Arcadia
944 1780 1163 1831 profugus,
1187 1781 1231 1816 in
1254 1780 1431 1817 Palatino
1457 1789 1592 1817 monte

96 1852 289 1902 oppidum
306 1854 468 1889 nomine
485 1852 731 1890 Pallanteum
749 1851 999 1899 condiderat,
1019 1853 1214 1889 auxilium
1230 1852 1415 1903 implorat
1432 1865 1590 1891 —1oo.

97 1925 278 1961 Evander
302 1927 484 1970 AEneam,
515 1924 707 1963 adventus
740 1926 825 1972 ejus
858 1938 989 1962 caussa
1018 1927 1194 1976 cognita,
1218 1925 1388 1974 benigne
1419 1924 1594 1976 hospitio

96 2001 262 2049 excipit;
282 2000 480 2050 sacrisque
508 1999 713 2044 Herculis,
742 1999 888 2049 quibus
909 2008 994 2035 tum
1014 2000 1191 2036 intentus
1214 2007 1320 2043 erat,
1343 1997 1565 2036 adhibitum
1580 2028 1592 2047 ,

95 2085 266 2109 caussam
284 2085 304 2108 a
325 2073 416 2110 Caci
437 2084 534 2108 nece
551 2071 776 2121 repetitam,
803 2071 1023 2117 185-267
1046 2072 1223 2120 ritusque
1243 2068 1424 2107 sacrificii
1440 2071 1591 2116 edocet,

96 2148 262 2197 locaque
287 2148 370 2195 ejus
389 2154 534 2182 tractus
557 2144 755 2182 nobiliora
774 2144 903 2181 obiter
921 2145 1068 2195 hospiti
1086 2153 1262 2182 recenset
1278 2167 1335 2173 —-
1349 2147 1370 2183 3
1384 2147 1591 2197 10—369.

97 2219 289 2259 Postridie
314 2221 452 2257 AEneas
465 2247 475 2264 ‚
499 2220 680 2268 equitum
701 2216 1082 2269 quadringentorum
1105 2217 1284 2256 subsidio
1305 2218 1462 2267 adjutus
1475 2247 1485 2265 ,
1502 2222 1591 2270 qui-

97 2294 173 2331 bus
189 2302 353 2345 praeerat
371 2292 511 2338 Pallas,
528 2294 670 2329 unicus
687 2290 862 2329 Evandri
878 2290 1004 2337 filius,
1022 2300 1172 2341 partem
1190 2293 1393 2343 copiarum
1416 2293 1592 2332 secundo

95 2367 260 2403 flumine
291 2365 339 2402 ad
362 2379 454 2402 suos
478 2365 640 2402 remittit
673 2377 681 2401 :
711 2366 795 2414 ipse
830 2377 920 2401 cum
949 2364 1110 2414 reliquis
1143 2364 1356 2416 Agyllam,
1396 2364 1591 2405 florentis-

98 2443 235 2478 simam
256 2440 558 2491 Tyrrhenorum
581 2440 777 2476 civitatem
790 2467 799 2485 ‚
823 2439 943 2489 petit3
965 2439 1030 2476 cui
1051 2452 1141 2476 cum
1159 2441 1380 2486 Mezentio,
1399 2453 1516 2490 quem
1537 2443 1590 2480 ob

98 2514 386 2552 intolerandam
404 2512 673 2551 crudelitatem
698 2525 819 2563 regno
841 2512 1067 2563 expulerat,
1089 2514 1336 2551 internecina
1359 2513 1448 2552 odia
1466 2517 1588 2553 inter-

99 2587 291 2626 cedebant
314 2588 552 2638 454—519.
574 2588 737 2625 Interim
754 2586 959 2624 Vulcanus
973 2615 984 2634 ,
1002 2588 1140 2625 uxoris
1159 2587 1360 2626 blanditiis
1381 2588 1589 2633 adductus,

98 2661 281 2712 privigno
309 2673 382 2698 suo
413 2673 518 2698 arma
542 2659 756 2697 fabricatur
779 2660 928 2706 370-
943 2659 1048 2706 453,
1072 2659 1285 2711 eademque
1314 2674 1335 2698 a
1360 2663 1514 2699 Venere
1539 2661 1586 2697 ad

99 2735 259 2770 AEneam
288 2733 542 2780 deferuntur3
572 2734 643 2784 qui
671 2745 868 2770 armorum
896 2731 1192 2782 pulchritudine
1219 2733 1433 2771 delectatus
1451 2762 1461 2780 ,
1496 2746 1584 2769 cnm
