1767 3054
201 139 280 176 242

826 128 1068 167 AENEIDOS

195 203 444 268 Reppulit,
468 214 514 249 et
535 201 745 265 geminos
772 203 922 247 erexit
944 200 1156 246 crinibus
1178 201 1366 262 anguis,

195 279 503 340 Verberaque
528 275 758 332 insonuit,
781 274 1049 336 rabidoque
1070 275 1170 321 haec
1195 273 1378 320 addidit
1399 289 1480 320 ore
1502 291 1513 319 :

197 378 216 397 n
239 358 310 401 En
325 390 337 412 ,
363 370 451 416 ego
476 353 602 398 victa
625 353 740 407 situ,
767 366 908 411 quam
931 350 1033 395 veri
1058 351 1198 396 effeta
1222 361 1434 396 senectus

195 434 340 476 Arma
364 429 488 474 inter
511 443 676 489 regum
702 425 815 470 salsa
840 424 1090 470 formidine
1110 424 1253 482 ludit;

193 505 395 568 Respice
416 504 475 549 ad
499 504 598 549 haec
621 521 630 547 :
658 501 823 547 adsum
849 499 1060 546 dirarum
1082 500 1141 547 ab
1164 502 1273 548 sede
1294 517 1535 561 sororum3

194 580 322 626 Bella
340 594 482 624 manu
504 577 746 637 letumque
771 590 899 636 gero.
926 594 946 614 »

1635 586 1696 623 455

197 655 274 702 Sic
299 654 465 708 effata,
487 651 635 697 facem
657 650 821 713 juveni
847 648 1071 711 conjecit,
1097 661 1143 695 et
1168 661 1271 696 atro

194 728 395 774 Lumine
420 726 640 772 fumantis
665 724 764 769 fixit
791 722 878 769 sub
905 733 1099 784 pectore
1126 722 1284 769 taedas.

196 803 292 850 Olli
315 817 532 849 somnum
556 801 718 862 ingens
743 798 920 861 rumpit
946 814 1118 860 pavor,
1145 814 1344 861 ossaque
1369 809 1417 845 et
1441 811 1568 846 artus

193 876 441 924 Perfundit
463 887 563 921 toto
584 884 843 936 proruptus
868 889 1068 935 corpore
1096 874 1255 920 sudor.
1609 879 1630 901 ·

196 956 342 998 Arma
363 967 520 996 amens
547 949 726 1007 fremit3
752 965 882 994 arma
907 960 1013 994 toro
1042 948 1271 1011 tectisque
1296 949 1518 1011 requirit3

1634 962 1695 997 460

198 1028 343 1073 Saevit
367 1043 500 1073 amor
520 1025 659 1082 ferri,
681 1037 727 1071 et
754 1024 981 1071 scelerata
1005 1025 1185 1070 insania
1208 1023 1340 1082 belli;

192 1107 272 1149 Ira
295 1119 452 1166 super.
478 1104 655 1163 Magno
676 1100 824 1146 veluti
846 1116 993 1161 quum
1017 1100 1204 1146 flamma
1227 1115 1397 1146 sonore

256 1275 354 1320 450.
375 1272 563 1312 Absurde
582 1275 744 1314 Servius
758 1303 768 1319 ‚
794 1288 915 1325 quem

195 1334 441 1383 Pomponius
456 1333 653 1382 sequitur,
668 1331 852 1384 geminos
865 1333 915 1370 de

194 1390 389 1428 similibus
401 1390 651 1440 serpentibus
661 1391 917 1440 accipit.Bur-

194 1462 299 1485 man.
315 1449 420 1495 conj.
429 1447 599 1500 gelidos.
613 1447 766 1497 Quidni
785 1455 915 1484 autem

196 1506 279 1542 duo
297 1518 442 1556 angues
458 1506 500 1541 in
512 1507 637 1555 capite
649 1506 754 1541 inter
766 1513 916 1542 ceteros

198 1562 338 1600 extolli
369 1575 390 1598 a
421 1561 490 1598 dea
509 1569 717 1612 poterant,
753 1570 797 1598 ut
824 1562 915 1598 alias

200 1633 305 1657 unus
341 1620 541 1670 exsurgit,
586 1632 624 1655 V.
658 1631 691 1656 c.
726 1621 820 1657 Stat.
857 1621 915 1656 XI

196 1677 324 1716 Theb.
361 1677 429 1714 65.
459 1675 649 1720 Ovidius,
686 1677 757 1725 qui
778 1678 914 1713 Maro-

194 1748 287 1771 nem
318 1742 408 1770 ante
439 1733 579 1771 oculos
607 1732 776 1778 habuit,
815 1735 913 1771 Met.

196 1794 270 1838 IV,
307 1798 389 1839 494
420 1791 524 1827 Inde
557 1790 654 1827 duos
677 1790 817 1827 mediis
843 1790 914 1827 ab-

196 1849 346 1899 rumpit
360 1847 530 1885 crinibus
553 1861 719 1899 angues.
737 1870 796 1876 —-
817 1850 912 1894 451.

198 1909 239 1941 V
234 1907 445 1957 erbereque
463 1905 661 1944 Montalb.
676 1933 686 1951 ,
709 1915 754 1942 ut
771 1906 842 1944 lib.
875 1907 915 1941 V

196 1965 280 2015 579
312 1963 491 2001 insonuit
503 1963 694 2018 flagello,
720 1964 795 2001 Sed
823 1964 916 2001 alte-

193 2035 284 2059 rum
305 2023 568 2072 exquisitiu53
594 2021 686 2058 fecit
712 2020 911 2073 flagellum

195 2092 391 2118 resonare.
422 2102 482 2108 -
514 2079 686 2115 Verbera
716 2078 911 2126 insonuit,

197 2139 421 2183 concussit,
441 2137 595 2188 flagello
613 2138 838 2188 increpuit3
863 2138 912 2175 cf.

196 2208 284 2246 sup.
304 2209 341 2233 v.
373 2195 479 2241 3363
508 2197 590 2240 VI,
613 2195 708 2242 557.

257 2254 353 2298 456.
390 2255 537 2290 Facem
570 2251 711 2303 injecit
738 2254 782 2290 in
802 2253 915 2301 juve-

198 2322 303 2349 nem.
330 2333 389 2340 —
409 2311 504 2355 458.
536 2310 608 2347 Illi
635 2310 778 2361 ingens
806 2324 911 2347 som-

200 2379 292 2403 num
317 2371 436 2407 Rom.
459 2377 497 2405 et
521 2368 586 2404 alii
605 2369 706 2405 Pier.
726 2367 797 2405 Illi
810 2381 912 2418 quo-

197 2436 272 2472 que
293 2425 429 2476 fragm.
449 2426 580 2463 Vatic.
595 2426 759 2475 Rumpit
772 2427 909 2464 Heius.

196 2493 288 2517 cum
330 2483 576 2521 melioribus.
594 2500 608 2516 .·
623 2471 756 2533 'Vulgo
795 2482 909 2533 rupit.

197 2537 308 2574 Acris
332 2538 454 2576 Goth.
484 2553 543 2589 pr.
570 2541 752 2590 Ossaque
774 2540 912 2577 ductus

199 2607 274 2631 sec.
292 2596 439 2632 Moret.
461 2596 647 2634 Notabile
667 2599 805 2647 utique
819 2626 830 2644 ,
851 2611 912 2634 su·

198 2651 334 2688 dorem
358 2652 602 2702 perfundere
625 2668 726 2692 ossa.
763 2656 845 2692 Ora
873 2663 913 2691 et

199 2719 307 2746 artus
322 2711 422 2746 ratio
440 2711 636 2760 postulare
659 2712 829 2749 videtur.
853 2733 912 2741 ——-

203 2766 298 2810 460.
337 2769 468 2804 Arma
492 2766 657 2818 fremit,
699 2769 790 2819 plus
828 2778 909 2816 est,

981 1288 1102 1324 quam
1115 1302 1125 1320 ‚
1143 1273 1323 1324 deposcit
1335 1302 1345 1320 ‚
1366 1273 1667 1321 clamat.-—-461
1686 1305 1697 1322 ‚

984 1332 1080 1376 462.
1134 1331 1345 1369 Elaborata
1395 1333 1542 1370 oratio!
1595 1347 1671 1384 pro
1685 1361 1696 1379 ,

981 1390 1079 1426 belli
1108 1388 1324 1439 cupiditate
1343 1398 1382 1426 et
1399 1391 1455 1427 ira
1473 1390 1701 1428 incenditur

983 1459 1101 1483 amor
1104 1445 1224 1497 ferri,
1238 1455 1276 1483 et
1292 1446 1451 1484 insania
1462 1447 1559 1484 belli
1572 1461 1699 1486 unum

981 1503 1165 1553 idemque
1193 1503 1405 1542 declarant.
1436 1505 1641 1542 Scelerata
1672 1507 1698 1545 i.

981 1562 1171 1611 quoniam
1199 1560 1246 1598 ad
1278 1561 1426 1607 caedes,
1466 1563 1621 1612 rapinas
1662 1573 1702 1602 et

980 1618 1153 1662 scelera,
1195 1619 1320 1668 rapit,
1359 1632 1447 1669 quae
1472 1623 1634 1670 proprie
1651 1621 1699 1660 de

981 1675 1088 1713 bello
1125 1675 1339 1722 dicuntur;
1381 1686 1419 1714 at
1458 1691 1575 1727 super
1609 1679 1690 1726 ira,

981 1735 1103 1784 magis
1129 1733 1280 1779 adhuc,
1312 1747 1432 1783 quam
1461 1748 1571 1773 amor
1599 1750 1699 1789 pug-

982 1804 1067 1836 nae,
1117 1793 1251 1838 saevit,
1283 1790 1382 1829 furit
1429 1793 1500 1830 ira.
1519 1815 1579 1822 —
1600 1795 1696 1838 462.

983 1848 1216 1899 Optandum
1249 1857 1354 1894 erat,
1391 1858 1438 1886 ut
1471 1851 1549 1887 viri
1581 1851 1699 1891 doce-

982 1915 1071 1942 rent
1084 1934 1094 1952 ,
1115 1906 1319 1955 quomodo
1341 1905 1425 1944 haec
1444 1909 1669 1959 acciperent
1686 1924 1696 1949 ε

982 1965 1049 2000 Ira
1066 1977 1193 2014 super.
1217 1964 1353 2016 Vulgo
1369 1963 1558 2003 videntur
1575 1968 1698 2005 inter-

981 2023 1129 2071 pretari
1145 2034 1237 2058 cum
1254 2021 1379 2060 Cerda
1401 2034 1410 2060 :
1429 2024 1615 2074 insuper3
1637 2039 1697 2063 ac-

980 2080 1095 2116 cessit
1113 2078 1274 2117 demum
1295 2081 1366 2131 ira,
1390 2082 1450 2117 Ita
1463 2081 1599 2119 saltem
1618 2082 1696 2120 dis-

980 2138 1124 2175 tinctio
1141 2146 1223 2174 erat
1241 2137 1574 2176 accommodanda
1591 2151 1601 2177 :
1619 2154 1650 2179 s.
1668 2141 1695 2180 ι’.

981 2194 1086 2240 belli,
1109 2198 1175 2232 Ira
1198 2209 1315 2246 super
1323 2211 1340 2241 ;
1359 2196 1502 2234 veluti.
1521 2198 1621 2235 Sane
1638 2212 1697 2235 sn-

973 2266 1053 2303 per
1068 2266 1114 2290 eo
1133 2266 1252 2290 sensu
1275 2253 1382 2305 apud
1401 2262 1556 2305 poetam
1576 2263 1614 2293 et
1632 2256 1696 2293 ali-

979 2310 1022 2347 bi
1046 2313 1247 2357 occurrit,
1277 2326 1316 2350 v.
1333 2325 1421 2362 sup.
1438 2313 1501 2357 11,
1539 2325 1612 2359 713
1640 2314 1692 2351 cf.

978 2370 1105 2415 VIII,
1140 2369 1247 2414 2453
1277 2372 1362 2415 XI,
1393 2369 1489 2406 226.
1510 2369 1586 2407 Sed
1604 2384 1692 2409 sen-

977 2428 1100 2463 tentia
1129 2426 1223 2463 inde
1249 2427 1333 2463 exit
1358 2426 1492 2473 jejuna
1515 2436 1554 2463 et
1581 2436 1691 2467 tanto

977 2492 1094 2534 poeta
1126 2484 1289 2534 indigna
1315 2495 1326 2521 ε
1356 2482 1476 2520 Soevic
1504 2497 1691 2522 amor-—

978 2540 1161 2585 insania,
1186 2540 1349 2589 insuper
1372 2539 1446 2578 ira.
1463 2542 1691 2581 Dicendum

977 2598 1112 2634 saltem
1136 2605 1242 2643 erat,
1275 2609 1393 2646 super
1415 2610 1496 2636 esse
1525 2612 1600 2649 pro
1620 2613 1689 2638 co-

977 2654 1095 2704 pula3
1127 2655 1287 2704 Iraque.
1317 2654 1482 2692 Exilitas
1507 2664 1614 2694 tanta
1630 2658 1689 2695 fa·

979 2711 1053 2747 cile
1076 2723 1098 2747 a
1131 2720 1247 2761 poeta
1276 2712 1414 2748 evitari
1445 2721 1624 2764 poterat,
1655 2716 1690 2752 si

977 2767 1190 2816 scriberet,
1229 2770 1297 2805 Ira
1309 2767 1438 2820 fierit,
1475 2771 1538 2808 vel
1572 2772 1691 2809 simili

1477 2907 1498 3054 l
