1767 3054
141 129 218 165 186

766 122 1007 161 AENEIDOS

139 203 285 244 Eruet
311 196 386 242 ille
407 198 584 256 Argos,
609 194 1098 255 Agamemnoniasque
1119 195 1364 255 Mycenas,

143 278 401 335 Ipsumque
424 268 672 326 AEaciden,
693 285 841 330 genus
868 269 1196 331 armipotentis
1220 265 1417 324 Achilli3
1586 276 1646 310 διο

150 461 267 499 sacris
284 461 307 496 J
314 457 519 495 udaeorum
536 455 693 492 vatibus
712 455 791 491 fere
812 456 869 491 in-

153 525 343 567 terpretes
374 514 473 550 male
500 512 676 558 faciunt,
711 511 758 548 ad
778 524 868 562 pro-

153 576 362 626 piietatem
400 570 591 608 orationis
626 577 666 606 et
698 569 874 606 historiae

158 631 356 669 subtiliter
386 627 518 666 omnia
538 639 620 663 esse
638 625 874 664 revocanda.

161 689 273 739 Quin
300 694 418 737 poeta
446 684 730 721 vaticiniorum
751 683 877 721 anibi-

164 746 353 795 guitatem
377 751 415 781 et
439 742 720 779 obscuritatem
746 740 880 778 studio

165 801 363 839 affectasse
402 799 530 836 videri
556 798 686 836 debet.
720 800 882 836 Graeciae

165 873 259 909 opes
287 860 366 906 jam
393 865 483 893 ante
509 856 749 894 Corinthum
777 858 883 893 exci-

168 930 247 953 sam
272 915 411 952 fractas
425 941 435 959 ‚
453 912 689 951 Macedonia
707 913 858 949 devicta
874 940 882 957 ,

169 973 418 1010 indicaturus
433 999 444 1016 ,
470 972 602 1021 Argos
625 983 666 1006 ac
692 971 887 1018 Mycenas

170 1031 349 1067 nominat
363 1056 373 1075 ,
412 1029 457 1064 in
489 1036 670 1064 veterum
706 1026 888 1064 historia-

174 1101 262 1124 rum
285 1086 514 1123 memoriam
531 1084 750 1132 jucundam
772 1084 892 1121 simul

175 1154 213 1182 et
232 1152 440 1194 augustam
459 1154 467 1180 :
486 1151 530 1179 ut
548 1144 627 1189 jam
643 1142 714 1180 lib.
736 1144 754 1178 I
768 1170 778 1188 ,
809 1143 889 1179 283

175 1202 317 1238 -285
339 1201 487 1237 factum
502 1200 688 1247 xidimu53
704 1213 822 1249 quem
837 1200 894 1236 lo-

177 1272 269 1296 cum
292 1258 395 1295 conf.
413 1286 423 1303 ,
442 1259 537 1294 item
560 1257 679 1295 Ovid.
699 1260 801 1295 Fast.
821 1259 893 1303 VI,

180 1326 228 1363 λῃ·
248 1345 258 1362 ,
289 1316 361 1353 ubi
379 1317 489 1353 Juno
509 1327 517 1352 :
549 1315 751 1352 Paem'teac
779 1317 896 1364 Spar-

180 1385 245 1410 ten
260 1403 270 1418 ,
298 1376 529 1424 Argosque,
555 1385 743 1424 measque
767 1375 898 1421 Myce-

184 1445 268 1474 nas,
291 1433 344 1467 Ec
356 1440 534 1467 ‘veterem
549 1430 664 1467 Latio
683 1429 899 1480 supposuis-

181 1503 224 1525 se
247 1490 396 1524 Samon
417 1501 429 1523 :
459 1488 536 1524 hoc
572 1497 630 1524 est
656 1488 898 1537 subjugasse.

184 1550 440 1594 Quantopere
481 1552 612 1581 autem
651 1547 816 1582 victoria
851 1545 899 1581 de

182 1602 451 1640 Macedonum
480 1614 570 1652 rege
592 1604 731 1639 Perseo
747 1602 898 1639 afflixe-

184 1662 237 1696 rit
269 1660 464 1696 Graeciam
482 1686 492 1705 ,
510 1672 560 1695 ex
577 1661 689 1696 Livio
706 1660 900 1710 intelligas

188 1719 294 1754 XLV
309 1746 319 1761 ,
348 1717 396 1753 31
422 1729 503 1766 seq.
524 1716 590 1753 Ad
610 1725 788 1767 tempora
807 1718 904 1754 belli

184 1774 348 1820 'li-ojani
357 1786 375 1810 a
386 1782 504 1824 poeta
513 1774 803 1812 accommodata
813 1784 906 1812 sunt

185 1832 339 1880 reliqua
353 1859 362 1877 ,
382 1832 566 1881 praeclare
586 1833 725 1882 utique
740 1860 750 1878 ‚
771 1834 804 1868 si
824 1833 907 1869 haec

189 1892 321 1925 AEneae
345 1898 620 1938 repraesentata
650 1891 904 1926 memineris:

187 1948 320 1995 itaque
333 1948 519 1983 Perseum
534 1947 683 1983 victum
695 1947 908 1997 appellavit

190 2002 403 2047 AEaciden,
421 2003 470 2039 ab
485 2003 641 2040 Achille
666 2003 881 2040 oriundum
897 2018 907 2049 3

190 2059 290 2110 quid
317 2061 423 2096 enim
454 2060 503 2096 ad
536 2061 804 2107 Trojanorum
826 2074 909 2097 sen-

193 2130 281 2153 snm
293 2117 421 2154 laetius
434 2117 598 2167 cogitari
609 2125 777 2166 poterat,
790 2131 910 2168 quam

194 2174 361 2211 Achillis
378 2182 557 2223 posteros
577 2173 791 2223 aliquando
815 2177 911 2212 Tro-

194 2233 292 2277 janis
323 2244 404 2268 esse
423 2243 560 2281 poenas
579 2230 740 2268 daturos
760 2232 912 2268 calami-

198 2290 285 2324 tatis
317 2290 499 2336 Trojam's
526 2288 667 2341 fflfflaea
700 2297 738 2326 et
767 2303 910 2326 eversae

199 2346 309 2381 urbis
323 2373 332 2389 ,
355 2345 532 2396 adeoque
552 2346 790 2396 templorum
810 2349 909 2384 Tro·

196 2402 245 2447 jze
281 2402 519 2439 violatorum
559 2412 596 2440 et
634 2403 881 2454 direptorum
904 2420 914 2451 3

199 2457 265 2493 sed
297 2460 497 2509 ingeniose
526 2473 654 2498 unum
680 2461 842 2511 aliquod
863 2463 914 2499 fa-

200 2517 313 2551 cinus
328 2544 338 2561 ,
364 2525 406 2552 ut
424 2525 555 2566 poeta,
574 2527 611 2554 et
630 2519 810 2568 inprimis
826 2521 915 2568 Aja-

200 2574 254 2609 eis
297 2574 538 2622 impietatem
574 2576 617 2610 in
658 2576 913 2614 Cassandram

199 2639 391 2667 memorat
411 2658 421 2675 ,
466 2638 650 2680 tanquam
696 2633 910 2670 nefandum

196 2689 379 2737 inprimis
395 2687 521 2724 scelus
535 2716 545 2733 ,
564 2701 645 2737 quo
663 2689 805 2726 Achivi
823 2691 912 2729 deo·

199 2757 286 2783 rum
328 2747 397 2784 irae
431 2754 468 2782 et
504 2745 688 2782 vindictae
721 2761 802 2784 sese
838 2748 909 2786 ob·

936 458 1189 493 strinxerant.
1224 455 1273 493 cf.
1293 468 1380 505 sup.
1406 455 1423 490 I
1441 482 1450 499 ,
1477 454 1528 502 39
1546 465 1653 502 seqq.

939 514 1159 564 Angustior
1198 512 1295 549 adeo
1337 523 1472 548 rerum
1508 511 1658 560 species

941 570 1120 608 redditur
1139 570 1255 608 etiam
1271 569 1337 606 hic
1356 568 1548 618 religione
1573 567 1658 603 illa-

944 636 995 666 ta.
1020 626 1143 677 Quod
1166 635 1295 664 autem
1318 627 1448 664 Persei
1469 637 1592 676 genus
1612 623 1661 660 ad

946 685 1144 725 Achillem
1167 684 1307 721 referri
1330 685 1381 719 sit
1406 682 1594 726 solitum,
1614 694 1665 717 ex

949 743 1156 793 Propertio
1173 741 1412 778 illustratum
1424 747 1482 777 est
1493 741 1550 776 IV
1562 747 1663 775 extr.

953 802 1034 855 39:
1054 801 1110 836 Et
1126 806 1249 836 testor
1268 810 1375 844 eum,
1403 796 1482 846 Qui
1500 798 1663 841 Persen,

944 856 1086 908 proavi
1103 856 1356 893 simulantem
1375 862 1515 904 pectus
1537 852 1669 890 Achil-

953 915 1014 961 lis,
1031 916 1082 951 Et
1098 913 1268 950 tumidas
1277 925 1429 962 proavo
1445 910 1545 962 (hoc
1561 923 1671 946 nunc

954 970 1197 1009 emendatius
1222 970 1366 1021 legitur
1394 969 1559 1005 meliore
1578 969 1673 1006 San-

957 1030 1052 1066 tenii
1087 1026 1267 1076 judicio
1253 1053 1267 1078 J
1294 1025 1448 1078 fregit,
1485 1024 1667 1069 Achille,

957 1087 1101 1123 domos
1117 1086 1199 1137 (sic
1229 1085 1458 1135 conjunge:
1481 1083 1559 1119 hoc
1590 1091 1672 1126 est,

960 1144 1140 1182 Paullum
1166 1150 1308 1187 testor,
1343 1142 1415 1191 qui
1442 1143 1586 1178 Persen
1621 1141 1676 1174 vi-

961 1203 1013 1238 cit
1041 1210 1081 1238 et
1099 1199 1377 1238 Macedoniam
1403 1197 1582 1248 subegit,
1603 1209 1679 1247 pro

962 1273 1040 1310 qua
1058 1266 1251 1296 memorat
1278 1264 1433 1308 gentem
1457 1256 1603 1306 regiam
1627 1253 1676 1291 ab

963 1317 1119 1354 Achille
1130 1316 1302 1366 origines
1314 1321 1513 1364 petentem
1523 1312 1559 1364 )·
1551 1341 1560 1358 ,
1575 1321 1613 1348 et
1630 1324 1680 1348 ex

963 1375 1059 1412 Silio
1076 1376 1170 1421 XV,
1193 1386 1297 1423 291,
1325 1384 1406 1421 292
1425 1370 1474 1408 de
1493 1370 1680 1420 Philippo

965 1433 1095 1471 Persei
1113 1439 1245 1482 patre:
1260 1429 1336 1467 Hic
1350 1437 1471 1480 gente
1486 1426 1680 1491 egregius,

965 1499 1195 1539 veteresque
1214 1488 1264 1525 ab
1283 1486 1438 1538 origine
1452 1484 1569 1537 regni
1587 1485 1682 1521 AEa-

967 1546 1099 1583 eidam
1127 1545 1288 1596 sceptris
1308 1556 1535 1595 proavoque
1558 1551 1681 1578 tume-

967 1605 1037 1640 bat
1055 1602 1229 1641 Achille.
1253 1601 1470 1653 Quomodo
1495 1599 1683 1639 Macedo-

969 1675 1067 1698 num
1086 1674 1196 1712 reges
1217 1661 1266 1697 ab
1293 1659 1449 1697 Achille
1474 1670 1596 1709 genus
1613 1655 1686 1693 dn·

971 1732 1058 1755 cere
1087 1720 1293 1769 potuerint
1306 1745 1317 1763 ‚
1359 1717 1431 1766 qni
1465 1713 1686 1753 Heraclidae

972 1784 1083 1813 erant
1096 1805 1106 1822 ,
1127 1778 1169 1813 in
1188 1784 1295 1812 tanta
1311 1775 1687 1811 commentariorum

972 1835 1016 1870 in
1036 1843 1251 1883 utrumque
1277 1833 1411 1869 locum
1437 1831 1542 1869 mole
1564 1831 1688 1868 nemi-

972 1904 1064 1928 nem
1083 1891 1165 1941 vidi
1182 1890 1338 1928 docere.
1353 1887 1526 1927 Videtur
1545 1887 1592 1925 ad
1611 1899 1689 1924 ma-

974 1957 1126 1985 ternam
1170 1949 1333 1998 stirpem
1368 1946 1417 1983 ab
1452 1944 1690 1997 Olympiade

975 2019 1057 2043 esse
1076 2005 1328 2043 redeundum
1342 2031 1353 2048 ,
1377 2015 1467 2054 quae
1486 2012 1567 2040 erat
1584 2004 1688 2041 Neo-

974 2062 1140 2113 ptolemi
1152 2090 1166 2109 ,
1189 2063 1302 2112 Epiri
1323 2064 1372 2099 R.
1388 2089 1402 2107 ‚
1430 2059 1528 2098 filia.
1545 2074 1583 2098 v.
1600 2062 1626 2098 J
1629 2072 1691 2096 us-

977 2113 1050 2158 tinss
1066 2122 1147 2157 VII
1161 2141 1173 2165 ,-
1193 2121 1232 2158 6.
1251 2122 1334 2156 Hac
1355 2119 1508 2156 ratione
1529 2118 1690 2154 univer-

978 2190 1018 2214 se
1037 2186 1188 2214 servata
1203 2205 1214 2224 ‚
1241 2176 1290 2214 de
1318 2179 1433 2214 Perse
1451 2185 1582 2213 tamen
1595 2201 1606 2219 ‚
1641 2186 1689 2208 an

979 2234 1027 2270 ad
1065 2247 1156 2271 eum
1186 2238 1225 2273 xi.
1255 2235 1336 2279 840
1367 2231 1594 2270 referendus
1618 2230 1691 2274 sit,

979 2291 1109 2328 adhuc
1124 2293 1249 2342 quaeri
1269 2298 1412 2342 potest.
1430 2291 1565 2338 Quum
1584 2289 1691 2323 enim

981 2350 1107 2386 multo
1138 2351 1259 2400 magis
1278 2349 1443 2386 obvium
1467 2346 1540 2391 sit,
1573 2346 1692 2382 Ennii

981 2407 1189 2456 exemplo,
1216 2404 1427 2444 AEacidem
1455 2401 1504 2438 de
1538 2402 1693 2452 Pyrrho

980 2465 1091 2514 Epiri
1112 2467 1161 2502 R.
1177 2491 1188 2510 ,
1215 2471 1283 2499 aut
1304 2461 1387 2508 ejus
1415 2461 1604 2510 progenie
1630 2472 1692 2495 ac-

982 2523 1126 2571 cipere,
1146 2519 1245 2569 quid
1263 2519 1296 2554 si
1313 2529 1442 2567 regem
1463 2529 1537 2566 pro
1556 2529 1692 2567 regno,

981 2578 1156 2626 adeoque
1174 2588 1248 2626 pro
1267 2576 1388 2624 Epiro
1402 2602 1412 2619 ,
1430 2573 1578 2611 dictum
1594 2602 1604 2619 ‚
1627 2583 1696 2611 aut

980 2633 1179 2672 AEaciden
1193 2661 1204 2677 ,
1225 2644 1299 2683 pro
1325 2630 1518 2669 AEacidas
1531 2660 1541 2677 ,
1561 2632 1697 2681 Epiro-

978 2701 1048 2738 tas,
1058 2691 1184 2728 dictos
1192 2690 1350 2727 habeas:
1360 2691 1483 2726 Eruet
1493 2689 1574 2734 ille,
1586 2689 1698 2727 Paul-

979 2749 1040 2787 lus
1073 2748 1275 2796 AEmilius,
1305 2750 1456 2798 Argos,
1479 2748 1692 2795 Mycenas,

1752 275 1754 307 a-
1744 125 1753 249 „....‚...;„-
