1767 3054
147 90 229 137 372
742 85 1017 124 EXCURSUS
1047 85 1106 121 111

149 163 229 201 dita
251 162 300 199 ab
321 161 376 200 ill.
399 163 500 211 Equ.
524 160 573 198 de
593 159 796 197 Hamilron
820 160 862 194 iu
889 157 1051 208 Campis
1072 155 1291 208 Phlegraeis
1315 164 1342 194 t.
1365 157 1404 202 Ι,
1425 154 1504 194 tab.
1529 155 1651 193 XVII

151 244 237 283 sqq.
253 239 291 268 et
303 242 433 281 nuper
445 229 537 268 Nic.
554 227 774 266 Carletciin
793 224 924 263 Scoria
936 225 1047 262 della
1058 224 1222 277 regione
1241 222 1471 260 abt-ucciaca
1482 221 1523 260 in
1541 221 1653 260 Cam-

145 311 291 351 pagna
315 296 440 348 felice
459 294 656 347 (Neapoli
686 294 788 341 1787
803 321 814 338 ,
841 292 893 345 4)
914 300 953 328 et
972 291 1156 329 Breislalt
1183 293 1227 329 in
1252 290 1475 342 Campanie
1508 298 1563 327 to.
1588 289 1649 333 11,

149 381 190 419 p.
218 366 296 412 148
318 379 374 417 sq.
396 366 497 404 Nam
516 364 624 401 illam
642 360 990 412 chorographiam,
1011 372 1099 410 quae
1118 361 1162 397 in
1177 360 1365 398 Mazzella
1380 368 1419 397 et
1432 358 1528 396 hinc
1545 356 1656 409 apud

152 433 252 471 alios
271 433 519 483 conspicitur
531 459 542 478 ‚
565 428 763 467 nonnulla
783 440 923 478 parum
943 435 1122 464 accurate
1141 426 1334 465 delineata
1351 426 1497 464 habere
1512 439 1589 463 usu
1603 425 1657 462 fa-

152 501 227 539 cile
244 499 569 552 deprehenditur.
587 497 793 536 Procurrit
809 495 912 532 inter
934 495 1120 533 Puteolos
1143 503 1182 532 et
1199 495 1341 533 Cumas
1358 503 1546 547 angustus
1568 505 1658 545 ager

151 571 195 608 in
215 568 538 621 promontorium
560 566 763 603 Misenum
784 563 980 601 desinens.
1000 563 1220 601 Puteolano
1243 576 1274 601 s.
1292 565 1440 601 Baiano
1458 563 1564 600 sinui
1584 563 1659 599 im-

153 638 278 674 minet
293 636 400 673 lacus
419 635 606 672 Avernus
619 661 629 681 ‚
648 632 827 684 adeoque
847 632 982 670 Cumis
1009 631 1076 668 ille
1093 644 1114 668 a
1129 639 1242 681 tergo
1261 632 1373 668 situs.
1397 631 1529 668 Facies
1546 630 1660 668 lacus

154 717 263 742 nunc
286 702 447 754 quidem
468 702 555 740 talis
578 710 660 750 est,
678 709 724 739 ut
745 701 1000 738 circumcirca
1017 699 1117 737 colle
1139 698 1281 737 leviter
1299 698 1463 746 acclivi,
1480 705 1541 744 et,
1561 709 1659 749 prae-

155 781 214 810 ter
235 785 319 809 eam
340 780 515 823 partem,
539 782 618 821 qua
647 769 695 807 ad
717 781 825 806 mare
845 766 983 820 (sinus
1002 765 1160 819 Baiani)
1181 774 1412 818 prospectus
1429 772 1558 817 patet,
1578 765 1660 803 fere

155 848 352 891 perpetuo
369 839 566 877 ambiente
580 840 623 875 in
638 837 777 876 orbem
795 837 863 874 ille
881 835 1136 874 rotundetur.
1149 835 1376 874 Stadiorum
1393 836 1572 886 quinque
1587 846 1662 871 am-

155 909 286 947 bitum
314 910 394 956 jam
425 908 520 946 olim
547 906 752 945 Diodorus
772 905 895 944 edidit
916 906 988 944 lib.
1019 907 1101 954 IV,
1125 919 1159 944 c.
1182 918 1249 944 22.
1272 903 1499 943 Altitudine
1529 910 1588 941 est
1613 901 1664 940 ad

160 976 449 1014 CCXXXVIII
480 984 518 1012 et
547 975 707 1013 CCLIII
728 987 865 1025 passus
889 973 1138 1026 (secundum
1154 972 1362 1012 Mazellam
1379 972 1408 1011 l.
1433 985 1468 1010 c.
1494 983 1529 1009 c.
1558 967 1664 1022 15),

159 1052 272 1081 aucta
293 1043 388 1081 olim
415 1044 460 1080 in
488 1045 758 1081 immensum:
783 1042 865 1081 vid.
887 1042 1056 1080 Diodor.
1082 1041 1110 1080 1.
1140 1055 1175 1080 c.
1201 1040 1292 1079 add.
1316 1040 1487 1077 Aristot.
1513 1036 1661 1076 Mirab.

159 1111 300 1149 Audit.
335 1126 369 1149 c.
408 1112 484 1148 108
503 1140 514 1158 ‚
533 1125 574 1161 p.
599 1124 677 1159 727
709 1113 741 1149 E
763 1110 824 1149 ed.
847 1109 902 1148 du
920 1109 1025 1148 Van.
1050 1109 1276 1147 decrescere
1298 1117 1429 1146 tamen
1453 1115 1492 1144 et
1513 1114 1666 1156 tempo·

161 1192 251 1216 rum
267 1179 609 1217 vicissitudinibus
632 1180 820 1216 imminui
837 1179 904 1216 illa
919 1179 1065 1229 potuit.
1088 1177 1218 1216 Colles
1230 1205 1241 1224 ,
1262 1177 1334 1228 qui
1350 1175 1552 1221 ambiunt,
1567 1173 1666 1210 silva

161 1248 257 1286 olim
275 1250 471 1286 inaccessa
489 1249 633 1286 consiti
652 1257 764 1286 erant
787 1247 837 1285 ad
859 1247 1057 1285 convalles
1077 1246 1335 1293 decurrente,
1353 1253 1393 1282 et
1409 1244 1454 1280 hi
1473 1250 1568 1281 sunt
1587 1241 1669 1279 luci

162 1315 316 1353 Averni
333 1315 419 1367 (VI
433 1344 443 1362 ‚
471 1329 487 1352 1
501 1316 634 1352 18-—1
646 1316 839 1353 38—201
857 1313 897 1365 ),
920 1316 965 1352 in
983 1314 1132 1364 quibus
1150 1326 1276 1350 aureae
1294 1311 1447 1350 frondis
1464 1311 1583 1348 arbor
1598 1308 1665 1362 (v.

168 1383 245 1420 138
270 1397 354 1433 sqq.
383 1384 461 1420 186
476 1383 505 1434 ).
525 1383 670 1421 Silvam
689 1384 921 1419 immensam
935 1410 945 1429 ,
966 1371 1188 1434 ὀμῧριμοῦς
1208 1376 1325 1424 ἄλσος
1342 1374 1504 1421 οὐδαίας
1519 1373 1664 1429 Κόρης,

163 1451 407 1501 Lycophron
429 1451 510 1501 698
533 1464 694 1501 quoque
712 1459 904 1488 memorat
917 1479 928 1498 ,
942 1459 980 1488 et
995 1449 1124 1487 multo
1143 1448 1327 1486 disertius
1345 1449 1545 1485 Homerus
1565 1456 1576 1483 ε
1598 1443 1670 1482 ἔνθ’

167 1514 269 1557 ἀκτή
293 1531 335 1555 τε
359 1516 503 1567 λάχεια
522 1514 589 1555 καὶ
609 1515 731 1556 ἄλσεσι
748 1515 1023 1571 Περσεφονείης
1037 1546 1048 1563 ,
1067 1513 1234 1569 Μακραί
1249 1518 1285 1553 τ’
1298 1511 1463 1570 αἴγειρον.
1480 1509 1548 1552 καὶ
1570 1510 1671 1551 ἰτέαι

167 1580 441 1637 ὠλεσίκαρποι.
461 1585 676 1634 Cupressos
693 1585 895 1621 altissimas
914 1584 1130 1620 etiamnum
1144 1582 1275 1618 lacum
1288 1583 1498 1619 Avernum
1514 1580 1671 1631 cingen-

166 1662 223 1690 tes
251 1654 511 1690 tristissimam
537 1652 628 1689 loco
656 1652 796 1688 faciem
820 1651 985 1698 adjicere
1008 1650 1161 1687 narrari
1179 1648 1296 1686 video
1318 1662 1338 1686 a
1354 1648 1540 1686 Flachato
1563 1646 1668 1698 (Ob-

166 1720 382 1757 servations
404 1733 471 1756 sur
497 1719 534 1757 Ie
565 1719 791 1756 Commerce
821 1728 862 1756 et
879 1731 946 1754 sur
971 1718 1027 1755 les
1054 1718 1173 1762 Ans,
1189 1726 1219 1756 t.
1244 1719 1286 1764 Ι,
1305 1731 1344 1768 p.
1371 1731 1387 1754 1
1401 1730 1416 1754 1
1430 1717 1475 1769 1)
1492 1746 1504 1765 ‚
1525 1718 1596 1754 etsi
1616 1717 1667 1755 ab

167 1789 272 1827 Italis
291 1788 394 1825 nihil
413 1788 488 1825 tale
505 1787 624 1838 prodi
642 1788 818 1824 memini.
843 1788 901 1823 Ita
921 1794 1052 1823 tamen
1071 1786 1279 1824 Petronius
1295 1793 1447 1822 naturae
1466 1787 1670 1824 veritatem

170 1856 405 1906 expressisse
425 1854 552 1892 videri
580 1854 722 1901 debet,
744 1855 816 1904 qui
839 1866 932 1891 saxa
947 1852 1081 1905 ferali
1100 1851 1248 1889 circum
1272 1853 1470 1890 tumulata
1489 1866 1672 1904 cupressu

172 1931 319 1961 narrat.
342 1924 455 1961 Sacer
489 1930 621 1960 autem
644 1922 759 1959 lucus
786 1922 852 1959 ille
875 1923 1022 1959 Hecate
1045 1918 1111 1970 (v.
1138 1918 1218 1972 13)
1238 1933 1308 1957 seu
1336 1921 1605 1972 Proserpinae,
1623 1929 1672 1958 ut

169 1994 367 2029 Homerus
387 1992 440 2028 ait
461 2002 470 2028 :
492 1991 716 2041 promiscue
736 1990 843 2028 enim
864 1990 909 2026 in
928 1988 1046 2026 rebus
1065 1988 1202 2025 inferis
1217 1990 1364 2025 Hecate
1377 2016 1388 2035 ‚
1410 1990 1644 2040 Proserpina
1656 2017 1668 2036 ‚

170 2060 297 2096 Diana
311 2087 321 2105 ‚
345 2061 456 2095 Luna
476 2057 675 2094 nominari
699 2057 811 2096 solet.
833 2056 1079 2106 Proserpinae
1097 2068 1245 2092 sacram
1263 2054 1449 2105 paludem
1470 2056 1671 2093 Avernam

171 2125 305 2164 videas
323 2125 428 2176 apud
449 2125 617 2164 Diodor.
639 2126 712 2171 IV,
735 2137 785 2161 22
803 2152 813 2171 ‚
839 2132 878 2160 et
894 2123 1032 2174 templi
1050 2125 1196 2159 Hecate
1214 2123 1348 2158 ruinas
1365 2135 1446 2159 esse
1467 2135 1530 2159 eas
1543 2150 1553 2170 ‚
1574 2135 1671 2173 quas

173 2195 293 2246 vulgo
311 2193 511 2244 Apollinis
527 2194 639 2229 aiunt
650 2222 661 2237 ,
684 2192 733 2229 ad
745 2194 953 2229 Avernum
966 2191 1097 2228 lacum
1110 2219 1120 2238 ,
1142 2203 1226 2228 non
1242 2189 1342 2226 male
1362 2191 1557 2238 conjectat
1574 2193 1671 2228 Pao-

173 2262 235 2299 lus
258 2262 326 2299 fol.
344 2263 539 2300 XXVIII.
565 2261 643 2300 Sed
659 2261 768 2298 silvae
785 2261 869 2297 istae
888 2259 1091 2296 inclusum
1110 2259 1207 2295 aeris
1224 2258 1354 2295 lacum
1369 2258 1590 2309 pestilentia
1608 2258 1671 2295 in-

176 2330 373 2376 fecerant3
395 2330 466 2366 etsi
484 2330 561 2379 ipsi
581 2337 695 2366 antro
714 2326 1004 2365 exhalationem
1020 2325 1163 2363 tribuit
1178 2325 1371 2377 Virgilius
1387 2325 1475 2378 (VI
1486 2351 1498 2371 ,
1518 2324 1596 2373 237
1611 2345 1670 2353 -—

179 2403 257 2441 241
277 2396 292 2446 )
310 2406 347 2434 et
368 2398 541 2434 imitator
566 2396 648 2434 loci
670 2396 878 2434 Petronius
896 2408 907 2442 3
929 2393 1037 2444 quod
1054 2401 1093 2430 et
1111 2394 1243 2444 ipsum
1262 2392 1445 2430 accedere
1469 2392 1602 2442 potuit
1620 2390 1670 2429 ad

177 2463 342 2500 alterum
356 2491 365 2508 ,
386 2476 478 2500 cum
493 2463 657 2501 eandem
673 2471 854 2500 naturam
870 2461 1132 2512 sulphurariae
1151 2461 1316 2511 aliaeque
1340 2460 1384 2495 in
1400 2459 1447 2494 iis
1469 2458 1568 2495 locis
1582 2471 1669 2508 spe-

176 2530 308 2567 luncae
328 2528 512 2568 habeant.
532 2531 768 2583 Contagium
788 2531 879 2567 tetri
894 2530 992 2566 aeris
1010 2529 1111 2566 fama
1127 2527 1223 2565 olim
1240 2524 1532 2563 inmiraculum
1551 2537 1672 2563 auxe-

178 2604 259 2644 rat,
270 2604 316 2634 ut
334 2608 424 2633 aves
438 2595 534 2634 adeo
549 2598 877 2648 supervolitantes
896 2596 1035 2634 foetore
1053 2603 1206 2633 enectas
1217 2591 1398 2630 decidere
1412 2589 1669 2630 affirmarent.

179 2666 262 2706 vid.
284 2664 425 2705 Strabo
445 2666 498 2713 V,
521 2679 562 2716 p.
586 2673 667 2711 244
692 2668 735 2705 B.
760 2665 877 2718 Quod
898 2679 1008 2704 nunc
1034 2665 1146 2702 aliter
1165 2676 1205 2700 se
1224 2661 1370 2700 habere
1394 2660 1539 2699 docent
1564 2661 1669 2699 Brei-

181 2734 252 2774 sek
261 2742 302 2774 et
319 2733 397 2772 alii.
416 2732 546 2772 Colles
561 2746 661 2785 quos
680 2733 875 2782 diximus,
891 2734 1008 2771 variis
1026 2731 1192 2784 perfossi
1208 2728 1406 2780 specubus
1423 2729 1506 2767 vias
1524 2727 1673 2768 habue-

1735 0 1767 113 ‘l

1760 113 1767 130 ἱ
