1767 3054
700 56 853 95 LIBER
885 57 980 94 vn.
1517 63 1595 109 275

87 128 271 175 Armati
294 139 468 175 terram
492 137 739 182 exercent,
758 141 1041 189 semperque
1065 129 1266 176 recentis

88 208 381 250 Convectare
399 203 535 264 juvat
561 199 769 262 praedas,
795 213 842 247 et
864 201 1029 247 vivere
1054 212 1207 264 rapto.

155 280 283 337 Quin
308 287 354 324 et
373 274 624 322 Marrubia
649 276 779 322 venit
804 275 863 322 de
885 287 1024 338 gente
1049 277 1268 324 sacerdos
1284 313 1296 335 ,

88 354 276 401 Fronde
297 368 442 414 super
461 352 643 414 galeam
669 365 716 398 et
742 352 867 398 felici
888 363 1072 399 comtus
1094 353 1242 410 oliva,

83 426 316 490 Archippi
339 426 463 488 regis
490 427 660 484 misw,
684 427 968 474 fortissimus
991 426 1201 485 Umbro3

84 503 291 565 Vipereo
316 502 502 564 generi,
524 513 571 547 et
595 502 807 563 graviter
828 501 1118 564 spirantibus
1142 501 1332 564 hydris,

88 581 324 640 Spargere
347 576 431 638 qui
454 591 641 623 somnos
667 587 905 638 cantuque
930 592 1168 638 manuque
1193 577 1397 637 solebat,

85 651 428 714 Mulcebatque
452 651 571 709 iras,
597 662 643 697 et
670 667 854 700 morsus
880 661 981 698 arte
1002 651 1205 699 levabat.

87 729 182 777 Sed
202 743 298 774 non
316 727 571 774 Dardaniae
590 727 818 774 medicari
843 727 1053 790 cuspidis
1077 727 1224 773 ictum

86 804 298 861 Evaluit3
326 820 480 865 neque
506 819 615 849 eum
635 803 804 866 juvere
828 803 877 849 in
902 803 1096 850 volnera
1120 814 1285 850 cantus

88 878 342 927 Somniseri
356 912 369 935 ,
395 889 441 923 et
465 879 636 924 Marsis
659 878 867 940 quaesitae
891 877 1132 925 montibus
1155 877 1332 924 herbae.

88 957 156 1000 Te
180 969 346 998 nemus
371 952 632 1015 Anguitiae,
653 953 808 1000 vitrea
833 966 878 1001 te
902 954 1109 1000 Fucinus
1135 953 1284 1011 unda,

89 1032 156 1075 Te
179 1027 350 1091 liquidi
372 1028 547 1075 flevere
576 1028 719 1075 lacus.

92 1207 205 1245 nami
227 1207 419 1245 deditam.
450 1208 554 1245 Hinc
583 1209 700 1245 etiam
725 1221 814 1259 rap-

93 1276 131 1302 to
157 1265 368 1312 vivebant,
398 1279 545 1316 quum,
573 1265 680 1303 unde
711 1268 815 1304 vive-

93 1331 204 1367 rent,
240 1332 399 1375 partum
425 1332 463 1360 et
493 1323 701 1360 conditum
730 1337 816 1361 non

94 1381 301 1419 haberent.
336 1382 387 1419 cf.
411 1383 465 1419 IX
483 1408 493 1426 ‚
520 1382 603 1431 609
631 1395 689 1431 sq.
713 1382 811 1420 613.

157 1440 253 1486 750.
287 1437 539 1476 Mat-rubiam
567 1448 725 1490 gentem
744 1452 814 1476 ex·

97 1498 239 1548 quisite
278 1496 405 1543 dixit,
447 1496 497 1533 ab
536 1497 637 1533 urbe
674 1498 814 1548 praeci-

96 1568 198 1606 pua,
244 1568 320 1605 pro
363 1554 522 1592 Marsis.
569 1556 694 1592 Ducit
742 1554 816 1593 hos

96 1611 277 1650 sacerdos
323 1612 490 1657 Umbro,
544 1614 656 1660 cujus
701 1625 815 1650 soror

95 1671 172 1708 fuit
213 1670 435 1724 Angw'tia,
474 1670 686 1721 Nympha,
726 1684 816 1708 ver-

98 1742 145 1765 su
189 1728 271 1778 759
306 1737 534 1766 memorata.
579 1729 817 1766 Umbronem

99 1785 366 1832 sacerdotem,
401 1799 521 1837 quam
551 1799 709 1838 regem,
749 1786 818 1824 ad-

101 1843 246 1881 ducere
282 1844 446 1889 maluit‚
492 1844 594 1880 forte
627 1846 819 1894 quoniam

103 1901 204 1937 fama
242 1902 403 1950 antiqua
441 1899 507 1936 ille
542 1902 678 1938 notior
711 1910 817 1946 erat,

101 1959 251 2009 quippe
286 1959 358 2008 qui
396 1966 596 2007 serpentes
635 1958 821 1995 deliniret

102 2016 385 2053 incantatione.
409 2014 666 2052 Fronde—et
687 2015 791 2052 oliva
808 2043 820 2062 ,

104 2082 200 2112 nota
223 2073 348 2110 forma
370 2073 519 2123 poetici
536 2074 728 2111 sermonis
747 2086 822 2124 pro

104 2130 245 2169 fronde
273 2130 413 2176 olivae,
447 2143 526 2180 qua
555 2131 737 2168 sacerdos
757 2144 822 2168 or·

106 2198 244 2226 natum
273 2197 392 2239 caput
413 2188 554 2225 babuit
584 2188 692 2240 apud
718 2189 825 2226 Mar-

105 2260 181 2285 s03.
201 2247 346 2286 Omnia
374 2246 458 2283 haec
489 2255 621 2284 vetere
640 2246 741 2283 fama
762 2259 824 2283 ac-

107 2314 221 2357 cepta
263 2316 345 2341 esse
387 2303 589 2342 videntur.
627 2326 686 2333 —
724 2305 820 2351 753.

111 2362 296 2400 Graviter
310 2360 547 2411 spirantibus
561 2391 572 2407 ,
596 2362 732 2399 afflatu
749 2375 821 2400 no·

107 2419 369 2458 ceun'buS.—
383 2433 401 2467 5
412 2421 434 2457 5
441 2428 476 2465 4.
497 2422 713 2471 insanaque.
739 2422 826 2457 Hae-

107 2486 197 2515 rent
218 2479 347 2529 intpp.
379 2479 439 2516 De
459 2476 547 2515 offis
571 2477 800 2529 soporiferis
814 2506 825 2524 ,

109 2535 173 2572 vel
186 2536 320 2572 herois
346 2549 466 2573 manu
499 2535 666 2574 admotis
689 2538 826 2573 Burm.

112 2594 266 2644 accipit.
296 2593 372 2631 Sed
391 2607 452 2631 res
469 2595 553 2645 ipsa
580 2594 679 2641 fert,
707 2602 752 2630 ut
779 2592 828 2630 de

112 2657 221 2687 tactu
252 2652 482 2702 accipiatur.
514 2654 582 2690 Est
608 2652 685 2690 hoc
705 2664 829 2702 genus

115 2705 303 2747 domandi
330 2718 369 2748 et
398 2710 582 2762 sopiendi
607 2722 753 2763 angues
769 2721 828 2746 sa-

1539 1042 1598 1081 760

882 1207 930 1245 tis
960 1215 1100 1245 notum
1115 1235 1125 1253 ‚
1162 1206 1274 1257 quod
1297 1219 1487 1244 manuum
1505 1219 1600 1244 con-

882 1274 991 1302 tactu
1015 1264 1074 1303 fit.
1096 1264 1146 1302 cf.
1167 1266 1268 1302 Plin.
1288 1267 1369 1301 VII
1384 1293 1394 1310 ‚
1418 1278 1455 1303 2.
1474 1267 1599 1302 Etiam

882 1324 950 1361 Sil.
964 1323 1008 1360 in
1026 1323 1052 1361 l.
1065 1337 1116 1360 ex
1127 1331 1266 1360 nostro
1285 1335 1472 1373 expresso
1484 1325 1598 1367 VIII,

887 1382 964 1418 501
990 1390 1177 1431 tactuque
1209 1380 1376 1417 domare
1408 1393 1598 1422 venerea,

879 1437 922 1477 h.
944 1447 1146 1489 serpentes
1168 1451 1401 1476 venenosos.
1421 1437 1530 1474 Idem
1558 1441 1575 1475 I
1590 1466 1600 1482 ‚

885 1503 963 1541 411
982 1524 992 1543 ,
1037 1504 1118 1541 412
1155 1509 1230 1533 nec
1275 1510 1356 1533 non
1400 1505 1601 1546 serpentes

882 1554 970 1591 diro
998 1567 1215 1592 exarmare
1238 1567 1422 1598 veneno,
1452 1556 1602 1591 Doctus

884 1614 1007 1662 Atjy‘r,
1052 1621 1238 1663 tactuque
1281 1625 1423 1663 graves
1473 1612 1602 1662 sopire

884 1669 1104 1720 chelydros.
1126 1670 1242 1708 Adde
1259 1672 1321 1707 III
1336 1698 1346 1716 ,
1368 1672 1465 1715 302,
1481 1678 1519 1707 et
1544 1669 1603 1705 ibi

884 1730 991 1766 viros
1012 1728 1249 1775 doctos—7
1261 1729 1326 1767 55.
1339 1731 1460 1766 Feras
1470 1730 1602 1778 Sprot.

886 1797 926 1823 et
952 1795 1096 1823 mortes
1119 1786 1318 1824 Montalb.
1338 1799 1358 1821 a
1386 1798 1438 1822 m.
1460 1798 1521 1835 pr.
1547 1806 1603 1812 --

889 1843 984 1891 756.
1005 1844 1142 1881 Suavis
1165 1843 1249 1881 haec
1266 1845 1323 1880 rei
1339 1844 1465 1880 serius
1487 1851 1604 1893 gestae

887 1901 1115 1951 anticipatio
1130 1929 1140 1947 ,
1170 1909 1215 1938 ut
1238 1909 1276 1938 et
1300 1913 1396 1937 mox
1415 1901 1606 1937 orationis

887 1959 1120 2004 conversio,
1152 1972 1191 1996 v.
1227 1959 1333 2008 759,
1361 1958 1468 2004 7603
1500 1965 1607 1993 utra-

888 2029 966 2067 que
988 2024 1117 2052 tamen
1149 2016 1230 2063 jam
1260 2017 1303 2052 in
1332 2017 1508 2052 Homero
1536 2015 1607 2052 ob-

888 2075 965 2112 via.
988 2073 1092 2111 cons.
1114 2072 1160 2111 11.
1188 2070 1236 2120 β,
1271 2073 1350 2110 858
1381 2086 1466 2123 sqq,
1495 2073 1607 2110 Alio-

889 2145 978 2168 rum
1001 2132 1241 2168 imitationes
1261 2130 1420 2182 collegit
1447 2130 1573 2169 Cerda
1596 2143 1605 2168 :

889 2197 1111 2227 occurrunt
1127 2189 1269 2240 passim
1287 2189 1375 2227 alia.
1395 2190 1444 2225 In
1466 2188 1608 2225 vulne-

889 2261 936 2284 ra
954 2246 1071 2284 docte
1095 2255 1223 2298 poetae
1246 2245 1411 2293 dicunt,
1440 2259 1514 2297 pro
1528 2274 1538 2292 ,
1558 2245 1608 2283 ad

889 2305 1054 2342 vulnera
1091 2304 1278 2343 sananda.
1308 2326 1366 2333 --
1398 2305 1494 2355 759.
1529 2306 1608 2341 Va·

891 2364 994 2399 riant
1023 2361 1139 2401 codd.
1165 2362 1346 2415 Angitiae
1377 2371 1417 2399 et
1451 2361 1607 2414 Angui-

893 2420 990 2464 tiae;
1023 2421 1169 2459 Medic.
1205 2419 1444 2473 Angnetioe,
1489 2423 1606 2458 Rom.

893 2476 1072 2530 Angitte‚
1087 2479 1275 2516 nonnulli
1291 2491 1451 2530 quoque
1470 2477 1608 2528 depra-

894 2544 982 2573 vate
1000 2536 1171 2588 Argitiae
1183 2564 1196 2581 ,
1231 2535 1393 2588 Argivae
1406 2563 1417 2581 ‚
1437 2535 1577 2586 Argioe
1594 2563 1604 2578 ‚

895 2593 1107 2646 Angutioe,
1134 2593 1338 2646 Angiciae.
1362 2592 1439 2632 Sed
1460 2591 1611 2644 Angui-

896 2650 964 2688 tiae
990 2650 1173 2690 firmatur
1201 2650 1332 2703 lapide
1356 2650 1546 2690 Gudiano
1569 2663 1607 2698 p.

898 2711 1013 2758 LIV,
1035 2723 1074 2762 9.
1102 2709 1152 2750 cf.
1174 2711 1312 2750 Heius.
1340 2717 1380 2748 et
1405 2707 1609 2747 Drakenb.
