1767 3054
222 188 305 238 296

850 192 1091 230 AENEIDOS

223 258 423 307 Labitur
446 274 587 308 uncta
611 261 744 308 vadis
769 261 897 309 abies
920 279 930 306 ε
956 263 1188 308 mirantur
1208 272 1254 308 et
1277 261 1436 320 undae3

222 333 429 382 Miratur
451 352 614 383 nemus
637 338 874 383 insuetum
900 336 1125 397 fulgentia
1147 337 1284 398 longe

223 410 368 455 Scuta
390 409 547 456 virum
569 411 715 455 fluvio
731 445 744 466 ‚
769 410 1013 471 pictasque
1033 410 1197 455 innare
1226 409 1421 455 carinas.

224 483 318 529 Olli
339 485 536 547 remigio
557 495 839 546 noctemque
864 483 1082 544 diemque
1104 485 1323 546 fatigant,

221 705 414 752 secundo,
436 707 509 744 etsi
526 719 638 743 amne
653 705 817 743 adverso
831 704 940 757 (nam

223 764 386 801 solvunt
405 764 522 801 litore
550 765 794 802 Laurentino
814 764 857 800 in
878 776 940 801 os-

222 822 286 858 tiis
306 821 460 859 Tiberis
485 830 523 858 et
547 823 750 871 superiora
765 820 940 858 fluminis

223 878 394 929 petunt)
412 890 420 916 :
444 879 524 916 fere
544 879 653 930 quod
673 882 712 916 X
727 906 737 924 ‚
761 879 839 926 687
862 881 940 915 La-

223 935 327 972 bitur
347 936 434 973 alca
450 950 588 973 secans
598 937 810 989 fluctuque
829 945 940 973 oescu-

224 1006 299 1042 que
327 994 512 1030 seeundo.
545 997 696 1031 Rumor
721 995 850 1040 enim,
879 1007 937 1031 se-

224 1050 405 1087 cundum
434 1051 662 1098 Gne—Ilium,
694 1059 733 1087 et
756 1051 937 1089 Gronov.

223 1107 339 1145 Obss.
367 1110 431 1154 ΙΙ,
467 1121 514 1155 17
532 1137 542 1155 ,
574 1108 723 1159 quibus
756 1110 939 1145 Donatus

221 1165 398 1213 praeivit,
417 1165 570 1203 dictum
587 1166 682 1203 olim
698 1174 756 1202 est
770 1165 818 1202 de
835 1179 939 1202 mur-

221 1234 334 1258 mure
355 1235 464 1274 aquae
485 1225 616 1261 carina
645 1231 684 1260 et
712 1225 829 1260 remis
848 1235 938 1273 per·

221 1291 368 1327 cussae,
394 1294 472 1331 qua
500 1283 612 1318 navis
643 1295 663 1318 a
690 1281 819 1331 puppi
847 1292 940 1330 pro·

220 1336 408 1385 pellitur,
456 1338 634 1388 adeoque
676 1340 841 1376 omnino
891 1336 939 1374 de

223 1402 338 1431 motu
366 1407 491 1445 aquae.
524 1399 601 1435 Pro
629 1398 782 1447 optimo
814 1397 937 1433 inter-

222 1460 333 1500 prete
364 1461 422 1489 est
447 1456 603 1491 Auson.
633 1454 800 1491 Mosella
821 1468 857 1491 v.
884 1466 935 1489 22

221 1507 496 1547 interlabentis
522 1512 643 1548 tacito
667 1524 822 1548 rumore
850 1512 939 1547 Mo-

222 1565 346 1602 selloe.
381 1568 512 1604 Multa
541 1568 590 1604 ad
616 1569 657 1605 h.
683 1569 711 1605 1.
733 1567 939 1604 cumulant

224 1621 393 1668 Fabric„
436 1625 574 1662 Heius.
614 1633 652 1661 et
692 1626 908 1661 Burmann.
925 1652 936 1670 ,

225 1687 273 1716 ut
302 1687 433 1716 tamen
456 1681 504 1718 de
523 1683 564 1717 vi
583 1691 623 1718 et
648 1683 800 1732 origine
826 1682 937 1718 vocis

225 1735 331 1773 haud
349 1738 490 1775 melius
514 1747 680 1777 constet.
705 1738 860 1776 Scilicet
876 1751 938 1774 ru-

227 1806 316 1830 mor
345 1808 364 1831 a
400 1796 555 1833 ruendo
588 1797 718 1833 dictus
753 1796 936 1843 videtur3

226 1852 358 1889 ruitur
372 1879 382 1899 ,
407 1866 477 1890 seu
505 1856 659 1891 eruitur
676 1866 775 1904 aqua
803 1865 912 1890 remo
926 1880 936 1899 ‚

226 1907 402 1959 adeoque
415 1923 464 1947 ex
476 1911 653 1961 impulsu
665 1912 851 1961 strepitus
863 1911 940 1947 ori-

224 1974 304 2003 tur.
335 1966 432 2005 Inde
458 1967 506 2005 de
534 1970 675 2018 quovis
703 1969 872 2018 strepitu
899 1975 939 2004 et

223 2034 428 2062 murmure
471 2025 575 2062 illud
619 2026 911 2076 frequentatum
925 2052 935 2071 ,

222 2081 405 2131 inprimis
427 2082 550 2121 famae.
577 2086 682 2122 Tum
699 2096 794 2121 vero
820 2084 938 2120 etiam

224 2146 270 2174 ut
305 2136 424 2186 ὅσσοι,
463 2153 539 2190 pro
569 2154 668 2178 voce
699 2141 871 2178 ominata
899 2148 939 2178 et

225 2197 374 2236 omine.
395 2200 472 2235 Pro
494 2197 638 2247 plausu
667 2206 706 2234 et
732 2198 849 2234 laude
876 2211 939 2234 ru-

226 2265 374 2290 morem
407 2255 623 2292 secundum
661 2254 764 2292 dixit
795 2257 934 2293 Horat.

224 2311 332 2359 1Ep.
362 2324 437 2357 10,
462 2325 511 2361 9,
537 2321 584 2349 ut
605 2311 686 2350 fere
702 2312 743 2350 h.
766 2312 793 2349 l.
819 2314 936 2350 etiam
960 2328 964 2331 ¹

225 2368 369 2417 accipit
386 2369 572 2407 Nonnius
590 2380 601 2408 τ
623 2387 642 2401 ιε
658 2370 735 2406 hoc
764 2378 822 2407 est
842 2383 936 2420 pro-

225 2435 341 2472 spero
375 2425 507 2463 favore
544 2435 583 2463 et
615 2426 765 2464 auxilio
804 2426 936 2465 flumi-

226 2480 300 2517 nis.
330 2499 349 2512 n
371 2481 481 2519 Idem
508 2497 529 2520 e
558 2484 775 2521 Fenestella
797 2492 837 2521 et
861 2486 938 2522 En-

225 2537 294 2574 nio
319 2536 406 2574 loca
434 2539 587 2586 laudat,
617 2542 661 2578 in
690 2542 834 2592 quibus
857 2555 935 2592 po-

217 2592 311 2642 puli
334 2607 487 2632 rumore
514 2598 685 2634 secundo
717 2607 775 2636 est
802 2599 934 2636 favore

226 2658 265 2686 et
278 2649 410 2688 studio
433 2654 586 2702 populi.
611 2656 694 2692 Nec
715 2655 790 2693 alio
817 2669 934 2693 sensu

226 2706 378 2744 dictum
398 2717 455 2745 est
479 2710 523 2745 in
550 2710 641 2747 loco
661 2713 742 2750 Cic.
765 2712 813 2749 de
838 2715 930 2751 Div-

223 2763 252 2802 l.
276 2765 318 2808 1,
348 2765 398 2802 16
415 2778 425 2812 ;
442 2774 480 2802 et
502 2767 544 2804 in
569 2766 659 2804 loco
680 2770 810 2806 Suevii
827 2768 933 2819 apud

224 2821 406 2861 Macrob.
423 2824 506 2870 Vl,
542 2836 558 2860 1
577 2852 586 2871 ‚
609 2837 695 2876 pag.
720 2826 800 2873 575
826 2827 929 2878 Lip5.

1006 706 1238 743 —Rumore
1255 717 1330 756 pro
1346 706 1524 743 Rumone
1544 705 1718 756 positum

1006 763 1174 814 putabat
1199 764 1381 810 Servius3
1411 763 1455 799 id
1488 764 1593 800 enim
1621 764 1719 800 anti-

1007 834 1134 871 quum
1154 821 1308 858 Tiberis
1326 833 1474 857 nomen
1496 820 1629 858 fuisse.
1646 821 1723 858 Sic-

1007 891 1085 929 que
1109 879 1261 915 lectum
1279 879 1323 915 in
1345 877 1462 916 codd.
1489 880 1621 928 Sprot.
1648 879 1723 914 Ru-

1008 949 1126 973 mone
1150 935 1195 972 id
1218 945 1277 973 est
1290 935 1446 988 fluvio,
1480 948 1542 985 pr.
1575 934 1719 973 Hamb.

1006 1007 1074 1043 qu.
1105 995 1252 1032 Moret.
1283 995 1381 1031 Exc.
1410 995 1626 1030 Burmann.
1648 994 1722 1029 Zu-

1004 1050 1099 1088 h'ch.
1118 1065 1140 1088 a
1167 1064 1272 1089 man,
1293 1064 1355 1101 pr.
1375 1051 1485 1088 Esset
1513 1048 1610 1086 adeo
1642 1051 1721 1087 Ru-

1007 1121 1125 1144 mone
1143 1108 1315 1145 secundo
1327 1137 1339 1153 ,
1371 1108 1509 1146 Tiberi
1529 1106 1718 1145 secundo.

1006 1165 1204 1216 Equidem
1220 1179 1342 1202 amne
1367 1165 1541 1201 secundo
1568 1164 1721 1215 dictum

1006 1223 1109 1261 bene
1138 1224 1235 1260 novi
1254 1234 1265 1260 :
1291 1235 1340 1259 an
1374 1221 1506 1259 Tiberi
1523 1222 1718 1267 secundo,

1006 1280 1145 1317 Rheno
1172 1280 1346 1317 secundo
1361 1308 1371 1327 ‚
1394 1279 1551 1316 dicatur
1573 1281 1721 1318 nescio.

1006 1338 1370 1390 lutei-pungebatur
1410 1345 1523 1374 antea
1562 1349 1573 1376 ;
1611 1339 1722 1389 Ergo

1008 1394 1083 1433 iter
1114 1396 1313 1446 inceptum
1352 1395 1534 1432 celerant
1566 1407 1723 1432 rumore

1006 1454 1192 1492 secundo,
1218 1453 1387 1504 Recepi,
1405 1452 1513 1503 quod
1528 1452 1608 1501 jam
1625 1452 1721 1489 olim

1005 1509 1183 1548 dixeram
1209 1511 1352 1548 melius
1375 1511 1524 1547 factum
1553 1509 1680 1546 videri
1708 1521 1719 1548 z

1004 1568 1186 1605 celerant
1194 1583 1211 1614 ,·
1229 1581 1386 1605 rumore
1407 1567 1580 1604 secundo
1601 1567 1719 1603 Labi-

1004 1633 1070 1660 tur
1086 1634 1207 1662 uncta
1225 1625 1347 1662 vadis
1376 1624 1497 1661 abies.
1517 1623 1643 1674 quue
1662 1637 1721 1662 se-

1003 1689 1178 1730 quutum
1192 1681 1312 1718 video
1331 1679 1567 1719 Wakefield.
1579 1702 1637 1710 ——-
1650 1695 1675 1732 9
1684 1695 1719 1721 1.

1008 1740 1178 1775 Unctam
1200 1740 1288 1789 pice
1307 1737 1477 1775 abietem
1508 1738 1557 1779 ab
1587 1740 1720 1776 Ennio

1004 1796 1178 1846 accepit:
1208 1795 1373 1832 Labitur
1399 1805 1521 1832 uncta
1547 1796 1714 1842 carina,

1004 1861 1132 1889 vocat
1148 1866 1266 1903 super
1277 1852 1444 1904 impetus
1460 1853 1588 1890 undas
1605 1867 1619 1890 :
1635 1855 1717 1892 Ma-

1006 1909 1117 1948 crob.
1141 1913 1225 1957 VI,
1256 1923 1272 1947 1
1289 1938 1300 1958 ‚
1328 1923 1417 1962 pag.
1440 1910 1536 1958 578.
1567 1913 1718 1949 Locum

1005 1967 1210 2017 Apollonii
1228 1969 1272 2014 Ι,
1307 1968 1329 2005 5
1336 1969 1388 2013 45
1415 1980 1496 2018 seq.
1517 1978 1718 2019 comparat

1002 2024 1178 2065 Brunck.
1195 2025 1330 2076 paullo
1350 2025 1563 2065 diversum.
1576 2047 1634 2055 —-
1645 2028 1715 2077 93.

1008 2082 1178 2119 Carinas
1188 2083 1322 2132 pictas
1338 2097 1377 2121 νῦ
1399 2082 1446 2120 ad
1462 2086 1521 2129 V,
1542 2083 1640 2122 663.
1655 2105 1713 2112 —

1004 2139 1140 2176 Pictas
1151 2140 1359 2194 fluvioque
1377 2140 1450 2178 Ed.
1470 2142 1573 2179 Ven.
1593 2143 1716 2178 Inter-

1003 2199 1128 2248 pungi
1156 2206 1287 2248 potest
1317 2197 1439 2235 modo
1469 2196 1578 2234 haud
1605 2210 1712 2245 uno,

1003 2256 1141 2304 prouti
1179 2256 1360 2303 junxeris
1380 2267 1390 2293 :
1411 2263 1480 2292 aut
1502 2266 1513 2293 :
1538 2253 1714 2292 Miratur

1002 2324 1139 2348 nemus
1173 2321 1286 2349 scuta
1308 2321 1350 2348 et
1375 2310 1537 2349 carinas
1570 2311 1712 2350 innare

987 2368 1141 2422 fluvio;
1159 2378 1226 2406 aut
1236 2368 1441 2421 fulgentia
1452 2367 1571 2419 longe
1591 2370 1711 2407 Scuta

1001 2424 1265 2480 vir-umfluvio
1276 2455 1288 2471 ‚
1305 2439 1350 2476 p.
1369 2433 1449 2471 aut,
1465 2433 1512 2461 ut
1529 2438 1638 2463 nunc·
1656 2427 1711 2464 fe-

1003 2484 1041 2520 ci
1061 2496 1072 2522 :
1094 2484 1261 2521 miratur
1285 2495 1422 2520 nemus
1453 2479 1479 2518 i.
1499 2482 1710 2534 fulgentia

1001 2540 1122 2593 longe
1150 2549 1285 2584 scuta,
1327 2547 1367 2575 et
1395 2539 1560 2576 miratur
1579 2540 1710 2593 fluvio

990 2598 1124 2649 pictas
1145 2597 1287 2633 innare
1311 2594 1482 2634 carinas.
1499 2597 1622 2646 Quod
1640 2600 1710 2635 mi-

998 2655 1041 2692 hi
1057 2652 1299 2704 splendidius
1316 2654 1458 2691 visum.
1474 2674 1533 2682 —-
1550 2661 1619 2703 94.
1637 2657 1710 2693 Re-

998 2710 1120 2762 migio
1148 2719 1379 2760 noctemque
1404 2710 1588 2761 diemque
1606 2710 1707 2764 fati-

994 2775 1119 2820 gant,
1145 2781 1251 2814 non,
1275 2780 1337 2813 se,
1364 2776 1410 2804 ut
1427 2767 1552 2806 Cerda
1570 2768 1703 2817 malit,

998 2824 1106 2876 quod
1142 2824 1364 2876 prosaicum
1394 2833 1517 2874 esset3
1549 2825 1618 2864 sed
1649 2834 1708 2864 est
