1767 3054
151 159 230 198 332

777 165 1016 204 AENEIDOS

151 232 396 293 Conplexu
419 232 466 279 in
490 233 661 281 misero
683 234 821 297 longa
845 238 910 282 sic
934 248 1084 283 morte
1108 235 1318 282 necabat.

151 310 213 352 At
237 307 343 353 fessi
368 308 555 355 tandem
579 310 703 355 cives
724 310 914 356 infanda
939 312 1170 357 furentem

153 381 335 427 Armati
362 382 711 430 circumsistunt
735 385 1006 445 ipsumque,
1032 384 1317 446 domumque
1327 403 1340 442 ;

1581 394 1642 431 1590

154 454 451 502 Obtruncant
474 458 648 513 socios,
672 458 828 518 ignem
848 457 906 502 ad
931 458 1115 519 fastigia
1131 459 1322 519 jactant.

154 530 237 575 Ille
252 566 264 587 ,
286 530 410 576 inter
431 532 600 589 caedes,
624 532 910 577 Rutulorum
935 533 1119 593 elapsus
1142 534 1192 577 in
1216 547 1351 593 agros

154 605 442 666 Confugere,
468 616 514 650 et
537 606 686 651 Turni
711 605 952 651 defendier
979 606 1178 667 hospitis
1199 595 1355 652 armis.

155 674 280 739 Ergo
303 679 453 725 omnis
474 680 606 725 furiis
631 680 836 725 surrexit
859 679 1050 725 Etruria
1066 680 1230 741 justis;

155 754 330 812 Regem
351 751 410 796 ad
433 753 718 814 supplicium
742 753 965 813 praesenti
988 756 1142 798 Marte
1163 762 1430 812 reposcunt.

1583 761 1643 802 495

106 861 112 870 .
156 824 241 870 His
266 840 352 886 ego
378 836 445 882 tc,
469 828 639 882 AEnea,
665 825 911 871 ductorem
936 825 1141 872 millibus
1167 824 1338 878 addam
1363 844 1374 870 ε

155 901 276 944 Toto
300 916 502 961 namque
530 901 735 946 fremunt
759 900 1005 947 condensae
1028 901 1167 946 litore
1191 915 1401 963 puppes;

158 972 394 1033 Signaque
414 974 536 1019 ferre
552 974 745 1037 jubent3
772 976 944 1020 retinet
970 975 1210 1036 longaevus
1234 972 1473 1035 haruspex

157 1050 271 1093 Fata
295 1065 462 1094 canens
490 1066 500 1093 :
525 1071 544 1091 «
566 1054 608 1096 O
632 1052 846 1097 Maeoniae
873 1051 1052 1097 delecta
1071 1052 1317 1113 juventus,

156 1122 262 1168 Flos
287 1135 500 1169 veterum
524 1126 769 1187 virtusque
792 1125 971 1184 virum,
996 1141 1114 1187 quos
1133 1126 1287 1188 justus
1309 1124 1359 1169 in
1379 1123 1562 1170 hostem
1584 1133 1645 1164 ⁵00

155 1199 266 1241 Fert
291 1196 450 1253 dolor,
475 1207 519 1242 et
543 1199 711 1244 merita
735 1200 954 1245 adcendit
977 1199 1240 1245 Mezentius
1260 1198 1353 1256 ira3

156 1271 285 1316 Nulli
310 1271 376 1317 fas
401 1273 519 1317 Italo
544 1284 721 1319 tantam
745 1274 1028 1337 subjungere
1052 1285 1260 1336 gentem3

158 1348 389 1392 Externos
411 1359 570 1408 optate
595 1348 736 1395 duces
761 1368 806 1394 ε»
833 1360 933 1395 tum
959 1352 1155 1395 Etrusca
1179 1347 1351 1394 resedit

157 1420 260 1465 Hoc
285 1421 405 1467 acies
431 1437 595 1484 campo
611 1457 623 1479 ,
649 1422 837 1468 monitis
864 1423 1089 1469 exterrita
1112 1422 1287 1468 divum.

157 1494 263 1552 Ipse
286 1505 496 1541 oratores
522 1496 581 1540 ad
603 1511 677 1541 me
701 1497 928 1560 regnique
955 1511 1178 1542 coronam

220 1701 314 1748 495.
349 1699 541 1737 Praesenti
570 1702 724 1747 Marce,
764 1702 869 1741 110110

158 1769 240 1793 11011
258 1756 392 1803 dilato,
406 1759 554 1808 quippe
577 1757 654 1795 hoc
672 1760 760 1809 ipso
772 1768 871 1798 tem·-

157 1826 252 1862 pore
285 1815 327 1850 in
356 1815 473 1851 armis
506 1823 623 1860 sunt,
646 1824 684 1852 et
708 1816 870 1866 quidem

157 1870 317 1906 classem
336 1880 545 1920 pararunt,
573 1886 649 1922 qua
675 1874 719 1909 in
749 1874 871 1911 altum

157 1928 284 1964 evecti
311 1928 406 1964 litus
436 1930 676 1966 Rutulorum
711 1939 869 1980 petant,

157 1984 386 2033 bellumque
422 1986 594 2023 inferant
630 1989 768 2024 Turno
782 2017 792 2034 ‚
828 1991 872 2025 ni

156 2043 400 2079 Mezentium
429 2042 479 2079 ad
499 2044 741 2094 supplicium
763 2045 872 2082 dedi·

157 2098 271 2137 derit.

217 2157 312 2206 498.
335 2159 450 2194 Ferre
469 2155 581 2207 juvat
601 2160 703 2196 Ven.
725 2158 871 2195 Jubene

157 2226 239 2250 11011
259 2222 337 2250 tam
363 2214 413 2251 ad
427 2228 580 2265 puppes
595 2215 868 2262 referendum,

158 2284 276 2319 quam
293 2274 457 2310 omm'no
469 2273 517 2308 ad
530 2272 729 2323 Agyllaeos
741 2301 750 2319 ‚
771 2286 870 2322 quos

158 2327 367 2365 declaravit
389 2331 432 2366 in
452 2329 583 2366 verbis
608 2331 737 2366 omnis
755 2332 871 2366 Etru·-

159 2384 221 2419 ria
236 2406 293 2412 —
306 2384 363 2421 his
398 2385 580 2424 millibus.
595 2407 652 2414 —
667 2388 746 2437 498
785 2401 870 2437 sqq.

159 2442 247 2478 Hoc
281 2441 329 2477 de
356 2444 522 2480 Etrusco
554 2446 734 2495 aruspice
764 2457 871 2482 com-

159 2506 356 2544 mentum,
389 2501 457 2548 qui
489 2501 698 2539 Caeretanis
726 2504 873 2539 conati-

158 2555 234 2592 bus
252 2564 477 2605 opportune
499 2559 730 2606 intercedit,
755 2568 800 2596 ut
821 2560 872 2597 ad

161 2614 293 2649 AEneae
321 2612 532 2650 adventum
562 2628 622 2651 res
645 2616 868 2663 differatur,

160 2671 264 2707 inter
283 2671 441 2720 potiora
459 2672 615 2721 Virgilii
632 2674 792 2711 inventa
814 2687 870 2711 re-

161 2726 367 2764 ferendum
391 2725 561 2765 videtur.
579 2731 776 2768 Extraneo
804 2744 870 2768 au-

162 2793 241 2821 tem
271 2784 364 2824 duoi
395 2786 590 2823 exercitus
622 2789 868 2843 cognmitten-

1588 1503 1648 1534 505

936 1703 1033 1750 dus,
1059 1704 1119 1740 uti
1151 1702 1312 1740 Lavinia
1356 1707 1521 1738 externo
1559 1700 1647 1737 viro

933 1760 1133 1811 jungenda
1151 1760 1223 1797 lib.
1250 1760 1348 1805 VII,
1374 1757 1427 1807 96
1448 1770 1532 1807 sqq.
1555 1758 1647 1794 Esse

935 1817 1045 1854 hunc
1100 1817 1318 1867 aruspicem
1362 1816 1492 1866 ipsum
1534 1813 1649 1851 illum

937 1875 1185 1912 Tarchonem
1202 1887 1240 1911 v.
1261 1870 1341 1909 506
1355 1898 1366 1918 ,
1389 1878 1500 1908 notat
1515 1870 1649 1908 Julius

937 1931 1104 1969 Sabinus
1124 1943 1133 1969 :
1149 1942 1290 1981 parum
1309 1927 1582 1979 probabiliter.
1615 1929 1650 1964 O

937 1989 1126 2025 Moeoniae
1155 2001 1168 2024 :
1200 1999 1249 2023 ex
1287 1994 1390 2036 479,
1425 1985 1522 2029 480.
1559 1984 1650 2021 Flos

936 2055 1117 2082 veterum
1149 2058 1162 2080 .-
1192 2045 1418 2094 Ennianum
1451 2041 1529 2078 hoc
1567 2053 1650 2078 esse

906 2134 908 2136 .
937 2104 1096 2140 Servius
1114 2109 1278 2138 testatur
1298 2112 1309 2138 ζ
1334 2100 1406 2137 etsi
1427 2111 1501 2136 nec
1522 2099 1651 2136 omni-

936 2173 990 2196 no
1011 2159 1260 2208 infrequens,
1285 2171 1333 2194 ex
1352 2153 1498 2203 ἄωτον,
1516 2153 1622 2199 ἀνθος
1640 2169 1651 2201 ;

922 2216 1010 2269 flos
1026 2227 1065 2253 et
1078 2216 1227 2260 virtus,
1242 2215 1287 2252 h.
1310 2215 1338 2252 L
1358 2213 1483 2251 robur
1507 2212 1646 2263 populi

937 2275 1008 2323 qui
1026 2275 1227 2323 antiquam
1244 2273 1436 2324 originem
1451 2269 1647 2307 habet.—

941 2332 1036 2376 504.
1058 2333 1145 2368 Hoc
1155 2344 1316 2381 campo,
1331 2324 1531 2370 δεικτικῶς
1544 2353 1554 2372 ,
1575 2326 1648 2362 etsi

937 2389 1064 2426 oculis
1082 2389 1256 2438 prospici
1271 2400 1354 2425 non
1369 2391 1551 2437 poterant
1567 2395 1649 2419 cas-

938 2455 996 2483 tra
1009 2439 1082 2483 sub
1097 2447 1204 2484 Caere
1219 2445 1358 2482 locata.
1370 2464 1427 2473 —-
1441 2440 1536 2479 505.
1549 2441 1647 2493 Reg-

939 2503 982 2539 ni
1002 2516 1191 2541 coronam
1208 2516 1226 2548 ,⁶
1254 2513 1405 2538 novum
1439 2497 1541 2542 hoc,
1576 2497 1646 2534 sed

939 2561 1091 2598 dictum
1104 2588 1115 2606 ,
1146 2568 1193 2596 ut
1224 2557 1340 2609 regni
1374 2553 1550 2606 insignia
1560 2567 1576 2598 ;
1607 2562 1646 2591 et

936 2617 1158 2665 subjectum
1191 2615 1268 2652 hoc
1297 2614 1401 2651 idem
1414 2641 1426 2660 ,
1460 2620 1646 2661 tanquam

936 2687 1059 2725 genus
1077 2700 1088 2719 ,
1131 2673 1425 2709 enumeratione
1472 2668 1646 2720 partium

937 2730 1122 2781 (coronae
1145 2738 1184 2766 et
1202 2728 1372 2780 sceptri)
1389 2728 1499 2765 faeta.
1522 2726 1647 2763 Coro-

936 2801 1027 2826 nam
1047 2801 1084 2827 v.
1104 2786 1176 2826 inf.
1198 2785 1269 2826 lib.
1295 2787 1398 2835 XII,
1428 2785 1529 2831 162,
1553 2781 1646 2821 163.
