1767 3054
95 128 145 164 82
721 125 962 163 AENEIDOS

93 198 272 245 Insonti
285 217 296 256 3
320 196 566 260 puppique
590 195 705 241 deus
727 196 939 241 consedit
958 196 1007 241 111
1028 196 1141 254 alta,

91 273 351 320 Phorbanti
375 272 560 330 similis3
585 271 834 331 funditque
857 272 943 315 has
962 285 1044 315 orc
1070 271 1277 332 loquelas
1299 289 1308 315 :

92 372 110 391 «
132 349 285 396 Iaside
308 348 549 404 Palinure,
576 346 734 391 ferunt
757 345 859 406 ipsa
882 360 1074 406 aequora
1098 347 1312 406 classcm3

90 428 303 487 AEquatae
325 424 509 486 spirant
533 437 684 479 aurae3
711 421 851 466 datur
870 421 989 466 hora
1014 422 1162 482 quieti
1185 442 1193 467 :

89 503 215 547 Pone
241 510 403 561 caput,
429 499 669 558 fessosque
695 496 857 541 oculos
883 496 1041 542 furare
1064 496 1232 542 labori.
1526 509 1585 545 845

90 579 196 636 Ipse
220 590 307 635 ego
328 573 585 634 paullisper
609 587 698 633 pro
718 582 763 617 te
785 583 867 617 tua
885 587 1081 617 munera
1106 571 1254 618 inibo.
1278 592 1294 612 ³>

156 649 243 694 Cui
268 648 350 693 vix
376 647 603 694 adtollens
627 647 874 693 Palinurus
897 647 1074 692 lumina
1099 647 1225 693 fatur
1247 666 1256 692 ε

90 746 107 764 «
135 727 274 769 Mene
295 723 401 770 salis
426 723 599 785 placidi
623 724 806 770 voltum
830 723 1095 785 fluctusque
1120 722 1303 784 quietos

87 801 314 860 Ignorare
333 797 503 861 jubes?
528 815 662 844 mene
686 798 798 844 huic
823 798 1059 844 confidere
1082 800 1325 846 monstro?

87 877 283 920 AEneam
307 875 497 920 credam
520 875 636 936 quid
658 876 781 920 enim
808 875 1052 922 fallacibus
1081 876 1270 935 austris,
1525 885 1584 915 850

88 951 145 995 Et
165 950 269 995 coeli
290 950 427 996 toties
452 950 677 1012 deceptus
697 950 863 997 fraude
887 951 1069 997 sereni?
1091 971 1109 990 »

86 1151 170 1189 deri
186 1180 195 1198 ,
214 1160 252 1188 et
268 1151 415 1188 codicis
435 1154 605 1189 Romani
622 1152 740 1190 lectio
761 1167 804 1190 ea

85 1212 158 1256 sit;
207 1211 393 1246 Heinsius
436 1223 530 1248 vero
576 1210 804 1248 Mediceum

84 1268 287 1319 exemplar
302 1269 414 1319 sequi
432 1269 628 1307 maluerit.
641 1270 804 1305 —Trz's-

86 1327 143 1363 tia
175 1326 330 1363 somnia
344 1355 354 1371 ,
379 1327 584 1363 manifeste
607 1341 680 1377 pro
699 1340 802 1363 som-

85 1397 160 1430 no;
180 1384 289 1434 quod
311 1384 529 1421 notandum
548 1394 712 1435 propter
731 1386 804 1422 alia

83 1442 184 1479 loca.
219 1462 278 1469 —n
299 1443 395 1485 842.
416 1442 684 1481 Phorbantem
703 1444 803 1480 forte

84 1513 134 1536 ex
174 1499 285 1538 Iliad.
326 1496 370 1546 ξ,
410 1507 491 1550 490
526 1504 640 1552 petiit
672 1510 801 1551 poeta.

83 1580 141 1586 -—-
177 1557 284 1605 844,
320 1558 415 1608 845.
440 1560 632 1609 AEquatce
665 1572 799 1604 auree,

83 1630 178 1666 opp.
209 1625 333 1652 vento
361 1616 533 1666 obliquo.
567 1632 605 1655 v.
636 1632 723 1669 sup.
755 1618 804 1655 ad

82 1688 121 1711 v.
146 1675 252 1719 830,
273 1682 311 1710 et
335 1676 407 1720 IV,
436 1675 531 1721 587.
563 1677 708 1713 Furem·
733 1691 802 1714 ex—

82 1732 265 1779 quisitius
295 1744 413 1781 quam
435 1731 665 1770 subtrahere
679 1762 689 1780 ,
710 1735 802 1771 sul]-

83 1788 250 1833 ducere,
273 1787 466 1826 κλέπτειν.

142 1847 220 1892 847
243 1867 302 1873 -
324 1846 420 1892 857.
456 1846 696 1897 Comparant
723 1851 801 1885 Lu-

81 1912 177 1940 cret.
192 1905 231 1940 II
243 1933 253 1950 ‚
275 1904 517 1952 556-559.
535 1905 616 1940 Vix
629 1906 800 1942 (nollens

81 1960 250 1998 lumina.
275 1963 385 1997 Bona
409 1963 535 1998 Servii
555 1971 648 1998 nota
662 1974 671 2000 :
686 1980 705 1993 κ
719 1964 801 1998 Mc-

81 2019 201 2056 mz'nis
230 2018 453 2068 praesencia
486 2029 766 2069 praegravatus
781 2034 799 2065 ;

80 2090 179 2114 nam
203 2085 243 2113 ee
269 2090 440 2126 sequens
473 2075 556 2127 ejus
577 2077 703 2114 oratio
721 2087 798 2114 tur-

79 2134 174 2170 bata
195 2143 274 2179 est,
300 2135 411 2183 quod
430 2144 470 2171 et
487 2134 719 2184 semiplenae
736 2135 796 2172 in-

79 2191 219 2228 dicant
247 2192 537 2230 elocutiones.»
567 2196 688 2231 Recte
716 2195 795 2230 uti-

79 2263 169 2298 que.
208 2251 328 2285 ,Mene
350 2249 463 2299 jubes
491 2250 677 2301 ignorare
694 2250 795 2301 (pro

78 2309 256 2358 vulgari:
274 2320 397 2344 nosco
419 2307 531 2353 illud,
550 2311 641 2345 satis
654 2318 796 2346 notum

78 2366 175 2401 mihi
206 2362 289 2414 est)
308 2378 412 2402 mare
442 2365 662 2414 placidum,
689 2367 728 2404 h.
761 2381 795 2406 e.

79 2437 196 2473 quam
232 2423 344 2459 facile
372 2422 472 2460 illud
500 2423 695 2462 turbetur.
716 2427 797 2462 Me-

79 2494 130 2517 ne
146 2480 236 2517 huic
255 2481 452 2534 confidere
462 2491 636 2518 monstro
651 2487 671 2518 s’
683 2485 793 2529 mari,

80 2539 188 2589 quod
203 2568 212 2586 ‚
254 2540 384 2588 inquit
414 2541 614 2585 Donatus,
648 2540 796 2590 decipit

78 2597 227 2633 multos
238 2625 248 2642 ,
270 2595 397 2633 infido
409 2598 570 2647 ingenio
581 2625 590 2640 ‚
605 2607 643 2634 et
660 2612 795 2648 repen-

78 2665 116 2692 te
131 2654 284 2691 mobili.
308 2657 406 2693 Sane
422 2654 530 2691 hunc
549 2656 658 2691 vocis
677 2670 796 2693 usum

77 2715 131 2750 ita
170 2712 304 2763 paullo
340 2711 638 2748 insolentiorem
670 2713 795 2751 videri

78 2785 162 2808 non
180 2783 294 2821 nego.
314 2770 453 2807 Malim
474 2777 603 2807 tamen
619 2770 720 2807 hanc
739 2772 796 2821 ip-

871 1167 952 1190 sam
972 1155 1090 1191 maris
1108 1153 1306 1191 insolitam
1326 1155 1584 1204 tranquillita-

872 1221 975 1260 tem,
1016 1212 1226 1250 subdolam
1262 1222 1302 1250 et
1326 1212 1578 1258 insidiosam,

870 1284 942 1321 per
955 1280 1170 1308 monstrum
1184 1272 1414 1309 declaratam
1431 1279 1584 1322 putare.

870 1331 971 1367 Nam
995 1344 1055 1366 res
1074 1331 1224 1380 quaevis
1246 1342 1349 1366 nova
1367 1338 1407 1367 et
1427 1329 1586 1367 insolita

870 1388 1059 1437 adspectu
1086 1401 1160 1424 suo
1194 1401 1329 1424 sensus
1357 1387 1498 1424 feriens
1528 1397 1585 1425 est

871 1456 1102 1483 monstrum.
1124 1467 1181 1474 ——
1207 1445 1303 1483 850.
1327 1447 1509 1483 Donatus
1527 1446 1584 1483 le-

870 1506 927 1554 git
950 1516 959 1542 3
985 1504 1084 1554 quid
1107 1504 1215 1541 enim
1222 1503 1423 1554 fallacius
1442 1503 1585 1541 austris

870 1564 927 1598 Et
944 1563 1073 1599 coelo?
1093 1563 1274 1600 Debebat
1296 1562 1432 1598 saltem
1451 1559 1587 1599 distin-

870 1633 990 1670 guere
1014 1632 1023 1658 :
1064 1623 1238 1658 AEneam
1275 1619 1436 1655 credam
1461 1618 1588 1671 (quid

870 1678 1187 1729 e'nimfallaeius
1200 1677 1247 1728 9)
1271 1676 1428 1713 Austris
1444 1679 1501 1714 Et
1513 1691 1585 1714 εω-

870 1736 908 1773 lo
919 1741 940 1771 Ρ
970 1739 1103 1774 Potest
1126 1735 1248 1773 scribi
1267 1745 1276 1771 :
1303 1735 1480 1771 AEneam
1501 1748 1584 1772 cre-

869 1794 964 1829 dam
977 1822 988 1837 ,
1005 1793 1104 1843 quid
1119 1793 1226 1830 enim
1240 1797 1260 1829 Ρ
1261 1790 1488 1842 fallacibus
1500 1805 1585 1828 aus-

869 1849 968 1886 tris!
991 1852 1046 1886 At
1082 1851 1363 1900 interpositum
1394 1850 1449 1885 sic
1489 1850 1589 1900 quid

868 1906 976 1943 enim
991 1912 1011 1942 Ρ
1042 1907 1160 1944 habet
1197 1907 1314 1942 aliam
1347 1908 1582 1944 notionem:

867 1964 1037 2013 quidni?
1059 1977 1132 2000 cur
1147 1977 1230 2001 non
1242 1964 1259 1999 Ρ
1275 1965 1331 2000 Ut
1348 1964 1392 1999 in
1411 1963 1482 2001 illo
1501 1966 1584 2002 Ho-

867 2022 955 2058 ratii
974 2033 983 2058 :
1020 2021 1120 2071 quid
1153 2020 1261 2058 enim
1276 2025 1295 2057 9
1326 2021 1581 2060 concurritur.

865 2079 928 2117 Sic
961 2092 1122 2130 quoque
1155 2076 1193 2116 τί
1217 2075 1322 2133 γάρ;
1348 2080 1464 2117 etiam
1497 2082 1582 2118 Ser-

864 2137 953 2173 vius
976 2138 1031 2173 sic
1060 2139 1358 2187 interpretatur.
1383 2139 1583 2175 Sententia

863 2201 994 2232 tamen
1011 2208 1055 2232 ea
1071 2195 1195 2232 aliena
1216 2202 1273 2231 est
1284 2207 1306 2231 a
1325 2194 1415 2231 loco
1429 2203 1580 2233 nostro.

864 2254 940 2289 Pro
978 2253 1140 2300 austris,
1166 2252 1273 2289 auris
1289 2254 1471 2290 >Romam
1496 2254 1582 2290 Me-

864 2309 942 2348 dic.
967 2324 1057 2348 cum
1079 2312 1163 2348 aliis
1183 2312 1285 2348 Pier.
1314 2318 1353 2346 et
1372 2310 1507 2347 Heius.
1535 2323 1579 2347 ac

864 2369 999 2407 Burm.
1021 2370 1134 2406 Idem
1159 2377 1197 2405 et
1219 2367 1378 2406 Servius
1400 2368 1444 2403 in
1463 2368 1580 2405 inter-

862 2428 1085 2476 pretatione
1112 2425 1297 2470 exhibet,
1327 2432 1366 2460 et
1384 2426 1577 2475 Pompon.

863 2484 952 2523 Sab.
987 2485 1054 2522 sed
1088 2485 1255 2521 alterum
1284 2483 1479 2520 Donatus.
1504 2484 1575 2522 Ge.

861 2542 1065 2579 Fabricius
1087 2541 1195 2578 hunc
1221 2539 1356 2576 locum
1384 2540 1488 2577 inter
1507 2541 1577 2578 ob·

862 2601 1106 2638 scurissimos
1145 2597 1328 2635 hahebat.
1369 2619 1428 2626 -—-
1472 2598 1582 2648 Quid

863 2656 999 2693 enim.-³
1016 2657 1057 2694 h.
1088 2657 1115 2694 l.
1148 2664 1205 2693 est
1230 2656 1428 2706 quomodo
1444 2662 1575 2693 ‘veros‘

862 2715 1032 2765 vulgaris
1064 2714 1162 2751 ordo
1195 2722 1293 2751 esset
1317 2726 1326 2752 t
1347 2713 1449 2765 quid
1467 2713 1575 2750 enim

863 2773 1037 2809 AEneam
1052 2773 1211 2810 credam
1229 2772 1371 2809 austris
1383 2776 1404 2810 :⁷
1416 2771 1498 2808 ——8
1507 2771 1530 2808 5
1540 2785 1555 2809 1
1565 2802 1573 2809 .
