1767 3054
718 134 873 173 LIBER
902 135 998 172 VII.

108 208 240 255 Mille
267 208 391 271 rapit
410 205 637 268 populos;
660 216 856 252 vertunt
877 205 1032 251 felicia
1053 207 1240 253 Baccho
1556 227 1616 265 725

107 284 309 332 Massica
328 282 411 345 qui
437 281 623 340 rastris;
649 291 696 327 et
721 297 841 344 quos
864 282 924 328 de
944 281 1146 329 collibus
1170 283 1274 330 altis

103 358 317 406 Aurunci
343 356 514 403 misere
538 367 718 419 patres,
742 357 1048 419 Sidicinaque
1068 357 1205 420 juxta

104 436 338 495 AEquora3
361 432 541 494 quique
566 432 698 478 Cales
721 432 965 495 linquunt,
991 433 1236 495 amnisque
1260 433 1425 481 vadosi

101 507 283 553 Adcola
305 507 553 565 Volturni,
575 508 849 570 pariterque
875 507 1110 555 Saticulus
1137 524 1299 571 asper,

104 583 437 644 Oscorumque
463 598 629 628 manus
656 601 667 628 t
695 593 867 629 teretes
888 593 997 629 sunt
1017 583 1204 644 aclydes
1226 583 1317 631 illis
1552 596 1612 637 730

102 657 238 717 Tela;
261 659 342 705 sed
367 658 469 705 haec
491 659 619 704 lento
642 673 744 705 mos
770 668 840 706 est
860 669 1023 722 aptare
1048 658 1248 722 flagello.

102 735 266 780 Laevas
290 745 432 780 caetra
457 735 594 796 tegit3
615 734 771 780 falcati
797 734 1060 781 comminus
1080 751 1230 782 enses.

167 810 269 855 Nec
295 820 347 855 tu
369 809 662 856 carminibus
686 810 859 857 nostris
879 809 1085 857 indictus
1110 809 1291 867 abibis,

104 881 315 941 OEbale,
339 900 480 946 quem
501 901 750 947 generasse
773 885 922 932 Telon
945 884 1204 932 Sebethide
1226 884 1438 948 nympha

102 960 296 1015 Fertur,
322 959 585 1005 Teleboum
604 963 809 1022 Capreas
833 977 982 1022 quum
1004 976 1150 1022 regua
1173 971 1355 1008 teneret
1553 971 1612 1012 735

101 1036 207 1079 Jarn
229 1034 412 1093 senior;
435 1036 602 1097 patriis
624 1036 706 1082 sed
726 1052 821 1082 non
847 1048 894 1083 et
916 1035 1040 1082 filius
1060 1036 1186 1082 arvis

102 1112 384 1170 Contentus,
407 1112 500 1158 late
517 1112 616 1174 jam
641 1124 741 1159 tum
761 1111 942 1159 ditione
965 1110 1214 1174 premebat

106 1286 304 1321 Oscorum
340 1283 523 1331 sedibus3
563 1284 759 1322 oriundus
793 1286 826 1323 is

105 1341 155 1379 ab
178 1345 481 1393 Agamemnone
494 1370 504 1388 ,
530 1356 600 1380 seu
616 1344 722 1380 inter
741 1344 826 1391 ejus

104 1401 270 1437 comites
304 1400 401 1438 olim
433 1400 618 1450 habitus,
661 1410 700 1438 et
734 1409 826 1452 post

103 1459 188 1506 ejus
213 1457 360 1496 caedem
376 1459 419 1495 in
438 1459 592 1496 Italiam
614 1459 823 1511 profugus,

104 1515 228 1567 Rapit
265 1518 420 1562 Turno,
468 1525 563 1554 nota
605 1517 795 1568 elegantia
810 1543 826 1565 ‚

103 1587 224 1626 quam
258 1588 355 1612 mox
385 1583 425 1611 et
453 1575 638 1622 Tacitus,
676 1576 822 1626 aliique

102 1640 199 1670 sunt
215 1633 395 1684 sequuti,
417 1645 492 1683 pro
521 1631 697 1671 adducit.
724 1637 822 1672 Pro·

101 1691 188 1740 prie
205 1691 286 1727 vim
309 1699 348 1728 et
365 1690 657 1728 festinationem
672 1693 821 1729 innuit.

102 1748 289 1785 Aurunci
315 1749 421 1785 ultra
455 1750 602 1795 Lirim,
631 1751 676 1786 in
709 1749 822 1787 Cam-

102 1807 243 1854 pania,
271 1807 471 1843 montium
501 1807 618 1856 juga,
653 1805 824 1843 Sidicini

104 1875 339 1913 camporum
391 1863 600 1912 planitiem
648 1865 822 1900 tenuisse

104 1919 298 1957 dicuntur
335 1928 487 1969 poetae,
520 1932 613 1956 nam
659 1933 824 1970 aequora

103 1977 214 2014 nulla
234 1976 307 2013 alia
325 1985 419 2013 sunt
438 1990 558 2027 quam
577 1989 821 2027 camporum.

103 2035 210 2072 conf.
250 2036 346 2084 739.
382 2056 440 2062 —
472 2036 568 2082 730.
611 2037 823 2072 Tuscorum

103 2096 223 2132 Rom.
243 2100 282 2129 et
302 2092 451 2142 aliquot
471 2093 570 2130 Pier.
589 2093 819 2137 Hoscorum,

103 2151 382 2202 Hosquorum,
436 2152 626 2195 Ysorum,
677 2152 822 2187 Vosco-

101 2221 212 2253 rum,
256 2208 340 2244 aliae
379 2216 473 2244 suut
505 2208 820 2258 depravationes,

101 2266 279 2316 Aclydes
303 2265 509 2304 Mediceus
524 2295 534 2313 ,
565 2267 683 2303 etiam
703 2269 821 2304 Poni-

100 2338 196 2376 pon.
219 2323 309 2363 Sab.
327 2353 337 2370 ,
367 2325 498 2360 verius
513 2352 523 2369 ‚
560 2322 749 2374 quodque
772 2324 821 2361 ab

100 2384 267 2421 Heinsio
300 2395 384 2419 non
412 2391 617 2433 receptum
642 2395 723 2419 esse
753 2384 823 2419 mi-

101 2453 192 2488 ror,
221 2454 272 2478 ex
308 2437 506 2495 ἀγκύλοιι,
534 2439 644 2491 quod
675 2440 822 2487 jaculo-

100 2511 192 2536 rum
211 2512 337 2550 genus
365 2507 448 2545 est,
479 2494 702 2552 ἀγν.υλίὸε;.
720 2499 823 2537 Con-

101 2565 184 2604 tra,
216 2556 327 2608 quod
356 2557 564 2608 vulgatum
598 2565 679 2601 est,
719 2556 820 2593 acli-

102 2614 193 2660 des,
227 2610 418 2661 δικλίδας,
452 2624 499 2652 ut
517 2610 717 2660 δαλίδας,
743 2615 819 2652 for-

102 2681 223 2710 matas
240 2673 340 2711 ratio
363 2674 617 2724 grammatica
636 2674 740 2709 forte
759 2672 823 2709 ad-

103 2730 248 2776 mittit3
268 2731 336 2768 sed
359 2732 472 2769 notio
493 2731 691 2769 vocabulo
712 2730 822 2768 nulla

102 2787 308 2826 commoda
325 2788 729 2834 subest.-A:lidas,
750 2801 821 2826 seu

895 1284 1086 1333 aclydas,
1110 1284 1196 1334 ipse
1218 1283 1414 1336 Virgilius
1438 1285 1531 1322 satis
1550 1283 1613 1322 de-

894 1343 1016 1380 clarat
1032 1370 1043 1389 ,
1073 1342 1200 1390 jacula
1239 1342 1383 1389 fuisse,
1415 1342 1612 1395 flagell0,

892 1409 1071 1447 amento,
1092 1400 1171 1437 hoc
1191 1408 1269 1446 est,
1293 1400 1382 1437 loro
1399 1408 1552 1450 aptata,
1571 1399 1614 1436 il-

890 1459 1011 1510 ligata
1025 1486 1036 1505 ,
1052 1470 1144 1508 quae
1163 1457 1289 1495 emitti
1308 1466 1347 1495 et
1362 1457 1510 1495 retrahi
1526 1471 1614 1508 pos-

891 1525 992 1555 sent.
1026 1516 1135 1554 conf.
1169 1515 1310 1555 Cerda.
1329 1537 1388 1544 --
1407 1517 1504 1564 732.
1527 1518 1615 1554 Lce-

890 1588 958 1612 vas
988 1575 1128 1612 Heius.
1165 1583 1204 1612 et
1231 1574 1333 1612 libb.
1363 1582 1455 1625 post
1482 1575 1611 1619 Pier.;

889 1633 1013 1683 vulgo
1032 1641 1115 1669 erat
1131 1632 1288 1670 loevam.
1308 1632 1391 1670 Alii
1411 1633 1512 1670 loeva
1533 1645 1614 1670 sce-

890 1699 953 1727 tra
984 1699 1024 1728 et
1048 1699 1217 1740 sceptra.
1247 1691 1451 1740 Scriptura
1487 1700 1611 1727 πεῖν-α

890 1749 982 1785 satis
1012 1746 1168 1784 firmata
1196 1756 1255 1785 est
1279 1761 1298 1784 a
1325 1749 1422 1784 viris
1453 1748 1610 1793 doctis,

889 1806 1072 1856 inprimis
1101 1804 1308 1843 Drakenb.
1333 1804 1381 1841 ad
1413 1805 1553 1842 Silium
1573 1813 1613 1841 et

890 1864 1060 1900 Livium.
1084 1883 1142 1889 ——-
1160 1862 1322 1899 Falcati
1337 1860 1516 1898 cominus
1539 1875 1610 1899 en-

891 1933 952 1957 ses
968 1932 1024 1957 sc.
1054 1928 1222 1957 armant.
1238 1948 1249 1966 ,
1280 1933 1330 1957 ex
1349 1919 1529 1957 anteced.
1553 1929 1610 1956 te-

885 1985 992 2028 gunt
1002 1991 1017 2021 ;
1033 1975 1103 2013 sed
1115 1977 1335 2027 simplicius
1348 1985 1406 2014 est
1418 1978 1596 2027 accipere
1611 1989 1620 2015 ε

878 2033 1035 2086 falcati
1051 2047 1161 2071 enses
1177 2035 1272 2084 ipsis
1297 2043 1391 2072 sunt
1417 2034 1613 2083 cominus,

891 2093 1048 2143 quoties
1071 2092 1254 2130 cominus
1277 2101 1492 2144 pugnatur.

951 2151 1048 2198 733.
1071 2149 1252 2187 Teleboae
1265 2179 1274 2194 ‚
1302 2151 1439 2188 relicta
1455 2150 1610 2201 Tapho‚

891 2221 981 2258 quae
1003 2221 1083 2244 una
1104 2222 1155 2244 ex
1173 2207 1446 2246 Echinadibns
1470 2209 1611 2246 insulis

888 2267 1124 2303 Acarnaniae
1169 2266 1335 2314 objectis
1382 2274 1486 2313 erat,
1539 2267 1610 2306 Ca·

888 2337 1000 2374 preas
1033 2336 1246 2374 occupasse
1283 2323 1487 2363 dicuntur.
1521 2327 1609 2363 Rex

889 2395 1030 2419 eorum
1062 2381 1186 2419 Telon
1201 2410 1212 2429 ,
1236 2396 1288 2419 ex
1308 2383 1495 2434 Nympha
1511 2411 1522 2429 ‚
1543 2385 1609 2422 Se-

890 2439 1001 2477 bethi
1039 2439 1155 2476 fluvii
1185 2439 1235 2477 ad
1268 2441 1466 2492 Neapolin
1499 2439 1581 2478 fllia
1596 2470 1608 2488 ,

888 2498 1061 2549 suscepit
1080 2497 1301 2546 OEbalum,
1325 2500 1394 2549 qui
1416 2501 1459 2536 in
1484 2501 1609 2537 couti-

889 2565 1007 2593 neme
1026 2555 1113 2593 loca
1133 2557 1237 2593 circa
1263 2560 1431 2596 Sarnum
1452 2559 1495 2594 in
1519 2559 1608 2595 Hir-

888 2615 993 2664 pinis
1026 2622 1066 2651 et
1095 2623 1270 2652 extrema
1301 2615 1515 2666 Campania
1543 2629 1607 2653 oc-

890 2672 1065 2723 cupavit.
1084 2693 1143 2701 —
1163 2674 1260 2721 735.
1297 2673 1492 2723 Capreas,
1532 2675 1568 2711 T
1566 2687 1605 2710 e-

888 2730 1042 2767 leboum
1074 2744 1227 2784 regna,
1260 2731 1453 2778 insulam,
1485 2743 1603 2781 qnam

888 2788 1072 2828 Teleboae
1087 2789 1303 2828 incoluisse
1320 2789 1526 2827 dicuntur.
1547 2809 1605 2816 —
