<?xml version="1.0" encoding="UTF-8"?>
<!DOCTYPE html PUBLIC "-//W3C//DTD XHTML 1.0 Transitional//EN"
    "http://www.w3.org/TR/xhtml1/DTD/xhtml1-transitional.dtd">
<html xmlns="http://www.w3.org/1999/xhtml" xml:lang="en" lang="en">
 <head>
  <title>
</title>
<meta http-equiv="Content-Type" content="text/html;charset=utf-8" />
  <meta name='ocr-system' content='tesseract 3.04.00' />
  <meta name='ocr-capabilities' content='ocr_page ocr_carea ocr_par ocr_line ocrx_word'/>
</head>
<body>
  <div class='ocr_page' id='page_1' title='image "./operahey03virguoft_0041.png"; bbox 0 0 1767 3054; ppageno 0'>
   <div class='ocr_carea' id='block_1_1' title="bbox 104 85 1614 522">
    <p class='ocr_par' dir='ltr' id='par_1_1' title="bbox 104 85 1614 522">
     <span class='ocr_line' id='line_1_1' title="bbox 744 85 1610 124; baseline -0.001 -2"><span class='ocrx_word' id='word_1_1' title='bbox 744 85 898 124; x_wconf 85' lang='lat' dir='ltr'>LIBER</span> <span class='ocrx_word' id='word_1_2' title='bbox 930 86 982 122; x_wconf 88' lang='lat' dir='ltr'>V.</span> <span class='ocrx_word' id='word_1_3' title='bbox 1569 90 1610 121; x_wconf 66' lang='grc' dir='ltr'>Ἡ</span> 
     </span>
     <span class='ocr_line' id='line_1_2' title="bbox 111 155 1335 219; baseline -0.002 -14"><span class='ocrx_word' id='word_1_4' title='bbox 111 158 274 205; x_wconf 84' lang='lat' dir='ltr'><strong>Circus</strong></span> <span class='ocrx_word' id='word_1_5' title='bbox 296 167 419 216; x_wconf 86' lang='lat' dir='ltr'>erat,</span> <span class='ocrx_word' id='word_1_6' title='bbox 442 172 538 219; x_wconf 91' lang='lat' dir='ltr'>quo</span> <span class='ocrx_word' id='word_1_7' title='bbox 563 172 612 203; x_wconf 91' lang='lat' dir='ltr'>sc</span> <span class='ocrx_word' id='word_1_8' title='bbox 639 155 799 202; x_wconf 85' lang='lat' dir='ltr'>multis</span> <span class='ocrx_word' id='word_1_9' title='bbox 828 172 936 202; x_wconf 87' lang='lat' dir='ltr'>cum</span> <span class='ocrx_word' id='word_1_10' title='bbox 962 155 1170 202; x_wconf 85' lang='lat' dir='ltr'>millibus</span> <span class='ocrx_word' id='word_1_11' title='bbox 1197 158 1335 205; x_wconf 70' lang='lat' dir='ltr'>heros</span> 
     </span>
     <span class='ocr_line' id='line_1_3' title="bbox 109 230 1614 294; baseline -0.002 -15"><span class='ocrx_word' id='word_1_12' title='bbox 109 235 339 280; x_wconf 85' lang='lat' dir='ltr'>Consessu</span> <span class='ocrx_word' id='word_1_13' title='bbox 363 230 724 290; x_wconf 82' lang='lat' dir='ltr'>medium-tulit,</span> <span class='ocrx_word' id='word_1_14' title='bbox 750 242 1088 294; x_wconf 85' lang='lat' dir='ltr'>exstructoque</span> <span class='ocrx_word' id='word_1_15' title='bbox 1113 232 1300 278; x_wconf 77' lang='lat' dir='ltr'>resedit.</span> <span class='ocrx_word' id='word_1_16' title='bbox 1556 254 1614 282; x_wconf 65' lang='lat' dir='ltr'><em>w</em></span> 
     </span>
     <span class='ocr_line' id='line_1_4' title="bbox 107 307 1316 371; baseline 0 -17"><span class='ocrx_word' id='word_1_17' title='bbox 107 308 219 365; x_wconf 90' lang='lat' dir='ltr'>Hic,</span> <span class='ocrx_word' id='word_1_18' title='bbox 241 307 323 369; x_wconf 90' lang='lat' dir='ltr'>qui</span> <span class='ocrx_word' id='word_1_19' title='bbox 344 307 465 353; x_wconf 88' lang='lat' dir='ltr'>forte</span> <span class='ocrx_word' id='word_1_20' title='bbox 483 307 632 354; x_wconf 88' lang='lat' dir='ltr'>velint</span> <span class='ocrx_word' id='word_1_21' title='bbox 652 307 822 371; x_wconf 89' lang='lat' dir='ltr'>rapido</span> <span class='ocrx_word' id='word_1_22' title='bbox 843 307 1130 355; x_wconf 82' lang='lat' dir='ltr'>contendere</span> <span class='ocrx_word' id='word_1_23' title='bbox 1150 325 1291 355; x_wconf 88' lang='lat' dir='ltr'>cursu</span> <span class='ocrx_word' id='word_1_24' title='bbox 1304 344 1316 365; x_wconf 89' lang='lat'>‚</span> 
     </span>
     <span class='ocr_line' id='line_1_5' title="bbox 104 381 1152 447; baseline 0.005 -21"><span class='ocrx_word' id='word_1_25' title='bbox 104 381 277 427; x_wconf 88' lang='lat' dir='ltr'>Invitat</span> <span class='ocrx_word' id='word_1_26' title='bbox 297 381 461 443; x_wconf 89' lang='lat' dir='ltr'>pretiis</span> <span class='ocrx_word' id='word_1_27' title='bbox 486 382 689 441; x_wconf 86' lang='lat' dir='ltr'>animos,</span> <span class='ocrx_word' id='word_1_28' title='bbox 714 394 760 430; x_wconf 91' lang='lat' dir='ltr'>ct</span> <span class='ocrx_word' id='word_1_29' title='bbox 783 383 979 446; x_wconf 83' lang='lat' dir='ltr'>praemia</span> <span class='ocrx_word' id='word_1_30' title='bbox 1000 384 1152 447; x_wconf 87' lang='lat' dir='ltr'>pouit.</span> 
     </span>
     <span class='ocr_line' id='line_1_6' title="bbox 104 454 1313 522; baseline 0.001 -20"><span class='ocrx_word' id='word_1_31' title='bbox 104 454 326 517; x_wconf 87' lang='lat' dir='ltr'>Undique</span> <span class='ocrx_word' id='word_1_32' title='bbox 345 457 634 504; x_wconf 90' lang='lat' dir='ltr'>conveniunt</span> <span class='ocrx_word' id='word_1_33' title='bbox 657 458 852 516; x_wconf 80' lang='lat' dir='ltr'>Teucri,</span> <span class='ocrx_word' id='word_1_34' title='bbox 875 459 1106 522; x_wconf 76' lang='lat' dir='ltr'>mixtique</span> <span class='ocrx_word' id='word_1_35' title='bbox 1128 458 1313 516; x_wconf 80' lang='lat' dir='ltr'>Sicani3</span> 
     </span>
    </p>
   </div>
   <div class='ocr_carea' id='block_1_2' title="bbox 101 529 769 595">
    <p class='ocr_par' dir='ltr' id='par_1_2' title="bbox 101 529 769 595">
     <span class='ocr_line' id='line_1_7' title="bbox 101 529 769 595; baseline 0.004 -19"><span class='ocrx_word' id='word_1_36' title='bbox 101 529 243 577; x_wconf 83' lang='lat' dir='ltr'>Nisus</span> <span class='ocrx_word' id='word_1_37' title='bbox 268 542 314 577; x_wconf 92' lang='lat' dir='ltr'>et</span> <span class='ocrx_word' id='word_1_38' title='bbox 339 533 574 594; x_wconf 80' lang='lat' dir='ltr'>Euryalus</span> <span class='ocrx_word' id='word_1_39' title='bbox 601 533 769 595; x_wconf 88' lang='lat' dir='ltr'>primi;</span> 
     </span>
    </p>
   </div>
   <div class='ocr_carea' id='block_1_3' title="bbox 98 606 1607 1196">
    <p class='ocr_par' dir='ltr' id='par_1_3' title="bbox 101 606 1607 746">
     <span class='ocr_line' id='line_1_8' title="bbox 101 606 1607 671; baseline 0.003 -20"><span class='ocrx_word' id='word_1_40' title='bbox 101 606 333 667; x_wconf 75' lang='lat' dir='ltr'>Euryalus</span> <span class='ocrx_word' id='word_1_41' title='bbox 358 607 509 653; x_wconf 85' lang='lat' dir='ltr'>forma</span> <span class='ocrx_word' id='word_1_42' title='bbox 529 608 723 671; x_wconf 83' lang='lat' dir='ltr'>insignis</span> <span class='ocrx_word' id='word_1_43' title='bbox 743 607 984 671; x_wconf 86' lang='lat' dir='ltr'>viridique</span> <span class='ocrx_word' id='word_1_44' title='bbox 1004 610 1229 671; x_wconf 78' lang='lat' dir='ltr'>juventa,</span> <span class='ocrx_word' id='word_1_45' title='bbox 1551 618 1607 656; x_wconf 57' lang='grc' dir='ltr'>ω’)</span> 
     </span>
     <span class='ocr_line' id='line_1_9' title="bbox 102 681 1272 746; baseline 0.003 -19"><span class='ocrx_word' id='word_1_46' title='bbox 102 681 242 728; x_wconf 87' lang='lat' dir='ltr'>Nisus</span> <span class='ocrx_word' id='word_1_47' title='bbox 263 698 423 729; x_wconf 86' lang='lat' dir='ltr'>amore</span> <span class='ocrx_word' id='word_1_48' title='bbox 449 684 529 745; x_wconf 84' lang='lat' dir='ltr'>pio</span> <span class='ocrx_word' id='word_1_49' title='bbox 556 683 694 746; x_wconf 87' lang='lat' dir='ltr'>pueri</span> <span class='ocrx_word' id='word_1_50' title='bbox 715 700 725 728; x_wconf 76' lang='grc' dir='ltr'><strong><em>ε</em></strong></span> <span class='ocrx_word' id='word_1_51' title='bbox 751 699 870 745; x_wconf 90' lang='lat' dir='ltr'>quos</span> <span class='ocrx_word' id='word_1_52' title='bbox 891 683 1061 729; x_wconf 88' lang='lat' dir='ltr'>deinde</span> <span class='ocrx_word' id='word_1_53' title='bbox 1083 696 1272 730; x_wconf 88' lang='lat' dir='ltr'>secutus</span> 
     </span>
    </p>

    <p class='ocr_par' dir='ltr' id='par_1_4' title="bbox 100 756 1158 820">
     <span class='ocr_line' id='line_1_10' title="bbox 100 756 1158 820; baseline 0.001 -19"><span class='ocrx_word' id='word_1_54' title='bbox 100 756 275 818; x_wconf 81' lang='lat' dir='ltr'>Regius</span> <span class='ocrx_word' id='word_1_55' title='bbox 297 758 485 820; x_wconf 80' lang='lat' dir='ltr'>egregia</span> <span class='ocrx_word' id='word_1_56' title='bbox 504 757 677 803; x_wconf 87' lang='lat' dir='ltr'>Priami</span> <span class='ocrx_word' id='word_1_57' title='bbox 701 757 759 803; x_wconf 86' lang='lat' dir='ltr'>de</span> <span class='ocrx_word' id='word_1_58' title='bbox 781 758 927 820; x_wconf 87' lang='lat' dir='ltr'>stirpe</span> <span class='ocrx_word' id='word_1_59' title='bbox 952 759 1124 804; x_wconf 86' lang='lat' dir='ltr'>Diores</span> <span class='ocrx_word' id='word_1_60' title='bbox 1147 776 1158 802; x_wconf 91' lang='lat'>:</span> 
     </span>
    </p>

    <p class='ocr_par' dir='ltr' id='par_1_5' title="bbox 99 833 1503 972">
     <span class='ocr_line' id='line_1_11' title="bbox 99 833 1503 895; baseline 0.001 -18"><span class='ocrx_word' id='word_1_61' title='bbox 99 833 238 878; x_wconf 90' lang='lat' dir='ltr'>Hunc</span> <span class='ocrx_word' id='word_1_62' title='bbox 258 833 411 879; x_wconf 87' lang='lat' dir='ltr'>Salius</span> <span class='ocrx_word' id='word_1_63' title='bbox 435 833 574 879; x_wconf 90' lang='lat' dir='ltr'>simul</span> <span class='ocrx_word' id='word_1_64' title='bbox 596 845 641 880; x_wconf 88' lang='lat' dir='ltr'>et</span> <span class='ocrx_word' id='word_1_65' title='bbox 665 837 862 891; x_wconf 84' lang='lat' dir='ltr'>Patron3</span> <span class='ocrx_word' id='word_1_66' title='bbox 885 849 1092 895; x_wconf 89' lang='lat' dir='ltr'>quorum</span> <span class='ocrx_word' id='word_1_67' title='bbox 1118 834 1236 880; x_wconf 87' lang='lat' dir='ltr'>alter</span> <span class='ocrx_word' id='word_1_68' title='bbox 1261 837 1503 888; x_wconf 81' lang='lat' dir='ltr'>Acarnan,</span> 
     </span>
     <span class='ocr_line' id='line_1_12' title="bbox 100 907 1224 972; baseline 0.002 -19"><span class='ocrx_word' id='word_1_69' title='bbox 100 908 232 954; x_wconf 81' lang='lat' dir='ltr'>Alter</span> <span class='ocrx_word' id='word_1_70' title='bbox 256 907 316 954; x_wconf 82' lang='lat' dir='ltr'>ab</span> <span class='ocrx_word' id='word_1_71' title='bbox 338 908 546 955; x_wconf 84' lang='lat' dir='ltr'>Arcadio</span> <span class='ocrx_word' id='word_1_72' title='bbox 570 910 778 971; x_wconf 80' lang='lat' dir='ltr'>Tegeaeae</span> <span class='ocrx_word' id='word_1_73' title='bbox 805 909 1033 972; x_wconf 82' lang='lat' dir='ltr'>sanguine</span> <span class='ocrx_word' id='word_1_74' title='bbox 1060 909 1224 972; x_wconf 79' lang='lat' dir='ltr'>gentis,</span> 
     </span>
    </p>

    <p class='ocr_par' dir='ltr' id='par_1_6' title="bbox 99 984 1602 1117">
     <span class='ocr_line' id='line_1_13' title="bbox 99 984 1602 1048; baseline 0.001 -19"><span class='ocrx_word' id='word_1_75' title='bbox 99 987 218 1030; x_wconf 91' lang='lat' dir='ltr'>Tum</span> <span class='ocrx_word' id='word_1_76' title='bbox 244 984 340 1031; x_wconf 88' lang='lat' dir='ltr'>duo</span> <span class='ocrx_word' id='word_1_77' title='bbox 361 984 595 1030; x_wconf 87' lang='lat' dir='ltr'>Trinacrii</span> <span class='ocrx_word' id='word_1_78' title='bbox 611 985 832 1047; x_wconf 80' lang='lat' dir='ltr'>juvenes,</span> <span class='ocrx_word' id='word_1_79' title='bbox 860 985 1087 1047; x_wconf 90' lang='lat' dir='ltr'>Helymus</span> <span class='ocrx_word' id='word_1_80' title='bbox 1107 989 1437 1048; x_wconf 84' lang='lat' dir='ltr'>Panopesque,</span> <span class='ocrx_word' id='word_1_81' title='bbox 1543 996 1602 1025; x_wconf 70' lang='lat'>300</span> 
     </span>
     <span class='ocr_line' id='line_1_14' title="bbox 99 1057 1153 1117; baseline 0.001 -13"><span class='ocrx_word' id='word_1_82' title='bbox 99 1057 297 1105; x_wconf 85' lang='lat' dir='ltr'>Adsueti</span> <span class='ocrx_word' id='word_1_83' title='bbox 324 1059 474 1117; x_wconf 79' lang='lat' dir='ltr'>silvis,</span> <span class='ocrx_word' id='word_1_84' title='bbox 500 1060 696 1106; x_wconf 86' lang='lat' dir='ltr'>comites</span> <span class='ocrx_word' id='word_1_85' title='bbox 716 1059 915 1106; x_wconf 88' lang='lat' dir='ltr'>senioris</span> <span class='ocrx_word' id='word_1_86' title='bbox 940 1064 1122 1106; x_wconf 84' lang='lat' dir='ltr'>Acestae</span> <span class='ocrx_word' id='word_1_87' title='bbox 1144 1079 1153 1105; x_wconf 94' lang='lat'>:</span> 
     </span>
    </p>

    <p class='ocr_par' dir='ltr' id='par_1_7' title="bbox 98 1133 1281 1196">
     <span class='ocr_line' id='line_1_15' title="bbox 98 1133 1281 1196; baseline -0.001 -18"><span class='ocrx_word' id='word_1_88' title='bbox 98 1133 238 1179; x_wconf 89' lang='lat' dir='ltr'>Multi</span> <span class='ocrx_word' id='word_1_89' title='bbox 260 1145 512 1195; x_wconf 72' lang='lat' dir='ltr'>praeterea,</span> <span class='ocrx_word' id='word_1_90' title='bbox 533 1149 652 1196; x_wconf 88' lang='lat' dir='ltr'>quos</span> <span class='ocrx_word' id='word_1_91' title='bbox 677 1135 802 1180; x_wconf 83' lang='lat' dir='ltr'>fama</span> <span class='ocrx_word' id='word_1_92' title='bbox 827 1133 1032 1181; x_wconf 87' lang='lat' dir='ltr'>obscura</span> <span class='ocrx_word' id='word_1_93' title='bbox 1054 1134 1281 1180; x_wconf 88' lang='lat' dir='ltr'>recondit.</span> 
     </span>
    </p>
   </div>
   <div class='ocr_carea' id='block_1_4' title="bbox 87 1290 814 2154">
    <p class='ocr_par' dir='ltr' id='par_1_8' title="bbox 87 1290 814 2154">
     <span class='ocr_line' id='line_1_16' title="bbox 95 1290 811 1341; baseline 0.003 -14"><span class='ocrx_word' id='word_1_94' title='bbox 95 1304 230 1329; x_wconf 78' lang='lat' dir='ltr'>cavea.</span> <span class='ocrx_word' id='word_1_95' title='bbox 269 1290 401 1327; x_wconf 82' lang='lat' dir='ltr'>Circus</span> <span class='ocrx_word' id='word_1_96' title='bbox 432 1291 471 1328; x_wconf 91' lang='lat' dir='ltr'>h.</span> <span class='ocrx_word' id='word_1_97' title='bbox 503 1292 529 1329; x_wconf 91' lang='lat' dir='ltr'>l.</span> <span class='ocrx_word' id='word_1_98' title='bbox 563 1304 638 1341; x_wconf 91' lang='lat' dir='ltr'>pro</span> <span class='ocrx_word' id='word_1_99' title='bbox 670 1291 811 1329; x_wconf 85' lang='lat' dir='ltr'>stadio.</span> 
     </span>
     <span class='ocr_line' id='line_1_17' title="bbox 96 1348 814 1387; baseline 0 -1"><span class='ocrx_word' id='word_1_100' title='bbox 96 1351 147 1386; x_wconf 82' lang='lat' dir='ltr'>Se</span> <span class='ocrx_word' id='word_1_101' title='bbox 167 1348 258 1385; x_wconf 79' lang='lat' dir='ltr'>tulit</span> <span class='ocrx_word' id='word_1_102' title='bbox 274 1359 315 1386; x_wconf 85' lang='lat' dir='ltr'>et</span> <span class='ocrx_word' id='word_1_103' title='bbox 327 1362 512 1386; x_wconf 80' lang='lat' dir='ltr'>consessu</span> <span class='ocrx_word' id='word_1_104' title='bbox 539 1358 738 1387; x_wconf 67' lang='lat' dir='ltr'>exstructo</span> <span class='ocrx_word' id='word_1_105' title='bbox 759 1364 814 1386; x_wconf 85' lang='lat' dir='ltr'>re-</span> 
     </span>
     <span class='ocr_line' id='line_1_18' title="bbox 93 1406 811 1458; baseline 0 -14"><span class='ocrx_word' id='word_1_106' title='bbox 93 1406 196 1444; x_wconf 82' lang='lat' dir='ltr'>sedit</span> <span class='ocrx_word' id='word_1_107' title='bbox 207 1422 224 1452; x_wconf 93' lang='lat'><em>;</em></span> <span class='ocrx_word' id='word_1_108' title='bbox 243 1415 289 1444; x_wconf 86' lang='lat' dir='ltr'>ut</span> <span class='ocrx_word' id='word_1_109' title='bbox 307 1419 426 1458; x_wconf 88' lang='lat' dir='ltr'>supra</span> <span class='ocrx_word' id='word_1_110' title='bbox 453 1421 490 1444; x_wconf 82' lang='lat' dir='ltr'>v.</span> <span class='ocrx_word' id='word_1_111' title='bbox 517 1414 570 1451; x_wconf 80' lang='grc'>44</span> <span class='ocrx_word' id='word_1_112' title='bbox 591 1408 736 1445; x_wconf 82' lang='lat' dir='ltr'>tumuli</span> <span class='ocrx_word' id='word_1_113' title='bbox 758 1421 811 1444; x_wconf 72' lang='lat' dir='ltr'>ea:</span> 
     </span>
     <span class='ocr_line' id='line_1_19' title="bbox 92 1462 809 1520; baseline 0.003 -19"><span class='ocrx_word' id='word_1_114' title='bbox 92 1478 254 1518; x_wconf 78' lang='lat' dir='ltr'>aggere.</span> <span class='ocrx_word' id='word_1_115' title='bbox 295 1467 358 1504; x_wconf 90' lang='lat' dir='ltr'>Sic</span> <span class='ocrx_word' id='word_1_116' title='bbox 400 1462 509 1520; x_wconf 76' lang='grc' dir='ltr'>ἀγὼν</span> <span class='ocrx_word' id='word_1_117' title='bbox 534 1467 710 1504; x_wconf 88' lang='lat' dir='ltr'>Homero</span> <span class='ocrx_word' id='word_1_118' title='bbox 729 1495 739 1513; x_wconf 90' lang='lat'><strong><em>‚</em></strong></span> <span class='ocrx_word' id='word_1_119' title='bbox 761 1465 809 1503; x_wconf 90' lang='lat' dir='ltr'>dc</span> 
     </span>
     <span class='ocr_line' id='line_1_20' title="bbox 90 1524 812 1574; baseline 0.003 -14"><span class='ocrx_word' id='word_1_120' title='bbox 90 1525 356 1573; x_wconf 80' lang='lat' dir='ltr'>spectantium</span> <span class='ocrx_word' id='word_1_121' title='bbox 367 1524 632 1574; x_wconf 66' lang='lat' dir='ltr'>loca—292.</span> <span class='ocrx_word' id='word_1_122' title='bbox 648 1526 812 1562; x_wconf 73' lang='lat' dir='ltr'>Ponant</span> 
     </span>
     <span class='ocr_line' id='line_1_21' title="bbox 92 1580 806 1633; baseline 0.004 -14"><span class='ocrx_word' id='word_1_123' title='bbox 92 1580 216 1619; x_wconf 89' lang='lat' dir='ltr'>Goth.</span> <span class='ocrx_word' id='word_1_124' title='bbox 247 1595 308 1633; x_wconf 89' lang='lat' dir='ltr'>pr.</span> <span class='ocrx_word' id='word_1_125' title='bbox 331 1585 448 1620; x_wconf 90' lang='lat' dir='ltr'>Putes</span> <span class='ocrx_word' id='word_1_126' title='bbox 479 1582 632 1620; x_wconf 88' lang='lat' dir='ltr'>leniora</span> <span class='ocrx_word' id='word_1_127' title='bbox 659 1581 806 1622; x_wconf 80' lang='lat' dir='ltr'>fuisse:</span> 
     </span>
     <span class='ocr_line' id='line_1_22' title="bbox 93 1638 809 1690; baseline 0.003 -14"><span class='ocrx_word' id='word_1_128' title='bbox 93 1638 238 1688; x_wconf 51' lang='lat' dir='ltr'>invi-cac</span> <span class='ocrx_word' id='word_1_129' title='bbox 239 1640 395 1690; x_wconf 83' lang='lat' dir='ltr'>pretiis,</span> <span class='ocrx_word' id='word_1_130' title='bbox 414 1639 558 1678; x_wconf 80' lang='lat' dir='ltr'>animis</span> <span class='ocrx_word' id='word_1_131' title='bbox 582 1650 622 1677; x_wconf 82' lang='lat' dir='ltr'>et</span> <span class='ocrx_word' id='word_1_132' title='bbox 635 1641 809 1690; x_wconf 79' lang='lat' dir='ltr'>proemia</span> 
     </span>
     <span class='ocr_line' id='line_1_23' title="bbox 89 1698 808 1751; baseline 0.001 -16"><span class='ocrx_word' id='word_1_133' title='bbox 89 1698 216 1748; x_wconf 80' lang='lat' dir='ltr'>ponit.</span> <span class='ocrx_word' id='word_1_134' title='bbox 238 1698 314 1736; x_wconf 88' lang='lat' dir='ltr'>Sed</span> <span class='ocrx_word' id='word_1_135' title='bbox 336 1699 380 1736; x_wconf 88' lang='lat' dir='ltr'>in</span> <span class='ocrx_word' id='word_1_136' title='bbox 405 1699 566 1751; x_wconf 71' lang='lat' dir='ltr'>vulgato</span> <span class='ocrx_word' id='word_1_137' title='bbox 587 1700 714 1736; x_wconf 85' lang='lat' dir='ltr'>oratio</span> <span class='ocrx_word' id='word_1_138' title='bbox 739 1698 808 1736; x_wconf 85' lang='lat' dir='ltr'>ha·</span> 
     </span>
     <span class='ocr_line' id='line_1_24' title="bbox 92 1755 810 1808; baseline 0.003 -15"><span class='ocrx_word' id='word_1_139' title='bbox 92 1755 161 1793; x_wconf 86' lang='lat' dir='ltr'>bet</span> <span class='ocrx_word' id='word_1_140' title='bbox 178 1758 409 1807; x_wconf 86' lang='lat' dir='ltr'>gravitatem</span> <span class='ocrx_word' id='word_1_141' title='bbox 425 1758 576 1808; x_wconf 86' lang='lat' dir='ltr'>epicam</span> <span class='ocrx_word' id='word_1_142' title='bbox 596 1769 605 1794; x_wconf 93' lang='lat'><strong>:</strong></span> <span class='ocrx_word' id='word_1_143' title='bbox 625 1756 810 1808; x_wconf 81' lang='lat' dir='ltr'>quiforte</span> 
     </span>
     <span class='ocr_line' id='line_1_25' title="bbox 89 1814 810 1866; baseline 0.003 -16"><span class='ocrx_word' id='word_1_144' title='bbox 89 1814 243 1860; x_wconf 75' lang='lat' dir='ltr'>velim,</span> <span class='ocrx_word' id='word_1_145' title='bbox 285 1816 318 1852; x_wconf 91' lang='lat' dir='ltr'>si</span> <span class='ocrx_word' id='word_1_146' title='bbox 366 1816 435 1866; x_wconf 89' lang='lat' dir='ltr'>qui</span> <span class='ocrx_word' id='word_1_147' title='bbox 448 1843 458 1861; x_wconf 89' lang='lat'><strong>,</strong></span> <span class='ocrx_word' id='word_1_148' title='bbox 497 1815 640 1852; x_wconf 77' lang='lat' dir='ltr'>invitat</span> <span class='ocrx_word' id='word_1_149' title='bbox 667 1815 810 1865; x_wconf 73' lang='lat' dir='ltr'>pretiis</span> 
     </span>
     <span class='ocr_line' id='line_1_26' title="bbox 92 1872 809 1922; baseline 0.003 -14"><span class='ocrx_word' id='word_1_150' title='bbox 92 1884 158 1908; x_wconf 83' lang='lat' dir='ltr'>eos</span> <span class='ocrx_word' id='word_1_151' title='bbox 172 1899 182 1916; x_wconf 91' lang='lat'>‚</span> <span class='ocrx_word' id='word_1_152' title='bbox 200 1885 274 1922; x_wconf 90' lang='lat' dir='ltr'>pro</span> <span class='ocrx_word' id='word_1_153' title='bbox 288 1872 390 1910; x_wconf 90' lang='lat' dir='ltr'>hoc:</span> <span class='ocrx_word' id='word_1_154' title='bbox 410 1873 560 1911; x_wconf 84' lang='lat' dir='ltr'>animos</span> <span class='ocrx_word' id='word_1_155' title='bbox 582 1885 719 1910; x_wconf 86' lang='lat' dir='ltr'>eorum</span> <span class='ocrx_word' id='word_1_156' title='bbox 738 1902 748 1920; x_wconf 92' lang='lat'>,</span> <span class='ocrx_word' id='word_1_157' title='bbox 771 1882 809 1910; x_wconf 91' lang='lat' dir='ltr'>et</span> 
     </span>
     <span class='ocr_line' id='line_1_27' title="bbox 90 1928 808 1977; baseline 0.001 -11"><span class='ocrx_word' id='word_1_158' title='bbox 90 1928 200 1967; x_wconf 87' lang='lat' dir='ltr'>nude</span> <span class='ocrx_word' id='word_1_159' title='bbox 235 1942 345 1966; x_wconf 87' lang='lat' dir='ltr'>nunc</span> <span class='ocrx_word' id='word_1_160' title='bbox 360 1958 371 1977; x_wconf 92' lang='lat'>‚</span> <span class='ocrx_word' id='word_1_161' title='bbox 400 1929 572 1968; x_wconf 82' lang='lat' dir='ltr'>animos.</span> <span class='ocrx_word' id='word_1_162' title='bbox 591 1951 651 1959; x_wconf 90' lang='lat'>—-</span> <span class='ocrx_word' id='word_1_163' title='bbox 671 1931 808 1968; x_wconf 79' lang='lat' dir='ltr'>Precia</span> 
     </span>
     <span class='ocr_line' id='line_1_28' title="bbox 90 1986 803 2038; baseline 0.003 -14"><span class='ocrx_word' id='word_1_164' title='bbox 90 1986 342 2038; x_wconf 79' lang='lat' dir='ltr'>explicantur</span> <span class='ocrx_word' id='word_1_165' title='bbox 372 2000 444 2038; x_wconf 89' lang='lat' dir='ltr'>per</span> <span class='ocrx_word' id='word_1_166' title='bbox 470 1987 642 2037; x_wconf 76' lang='lat' dir='ltr'>proemia</span> <span class='ocrx_word' id='word_1_167' title='bbox 673 2001 687 2024; x_wconf 91' lang='lat'>.·</span> <span class='ocrx_word' id='word_1_168' title='bbox 719 2002 803 2034; x_wconf 85' lang='lat' dir='ltr'>res,</span> 
     </span>
     <span class='ocr_line' id='line_1_29' title="bbox 88 2044 806 2096; baseline 0.003 -14"><span class='ocrx_word' id='word_1_169' title='bbox 88 2058 179 2096; x_wconf 83' lang='lat' dir='ltr'>quae</span> <span class='ocrx_word' id='word_1_170' title='bbox 209 2046 339 2096; x_wconf 85' lang='lat' dir='ltr'>pretio</span> <span class='ocrx_word' id='word_1_171' title='bbox 370 2044 590 2091; x_wconf 85' lang='lat' dir='ltr'>habentur,</span> <span class='ocrx_word' id='word_1_172' title='bbox 625 2054 664 2082; x_wconf 90' lang='lat' dir='ltr'>et</span> <span class='ocrx_word' id='word_1_173' title='bbox 696 2059 806 2084; x_wconf 89' lang='lat' dir='ltr'>nuuc</span> 
     </span>
     <span class='ocr_line' id='line_1_30' title="bbox 87 2103 805 2154; baseline 0 -14"><span class='ocrx_word' id='word_1_174' title='bbox 87 2116 163 2154; x_wconf 89' lang='lat' dir='ltr'>pro</span> <span class='ocrx_word' id='word_1_175' title='bbox 202 2104 374 2154; x_wconf 85' lang='lat' dir='ltr'>praemiis</span> <span class='ocrx_word' id='word_1_176' title='bbox 404 2112 674 2154; x_wconf 82' lang='lat' dir='ltr'>apponuntur.</span> <span class='ocrx_word' id='word_1_177' title='bbox 706 2103 805 2140; x_wconf 79' lang='lat' dir='ltr'>Ani-</span> 
     </span>
    </p>
   </div>
   <div class='ocr_carea' id='block_1_5' title="bbox 87 2174 803 2271">
    <p class='ocr_par' dir='ltr' id='par_1_9' title="bbox 87 2174 803 2271">
     <span class='ocr_line' id='line_1_31' title="bbox 87 2174 503 2211; baseline 0.002 -13"><span class='ocrx_word' id='word_1_178' title='bbox 87 2174 172 2199; x_wconf 88' lang='lat' dir='ltr'>mos</span> <span class='ocrx_word' id='word_1_179' title='bbox 187 2174 326 2199; x_wconf 87' lang='lat' dir='ltr'>eorum</span> <span class='ocrx_word' id='word_1_180' title='bbox 345 2175 416 2211; x_wconf 84' lang='lat' dir='ltr'>qm</span> <span class='ocrx_word' id='word_1_181' title='bbox 432 2183 503 2199; x_wconf 90' lang='lat'>—-.</span> 
     </span>
     <span class='ocr_line' id='line_1_32' title="bbox 146 2219 803 2271; baseline 0 -14"><span class='ocrx_word' id='word_1_182' title='bbox 146 2220 243 2269; x_wconf 83' lang='lat'>296.</span> <span class='ocrx_word' id='word_1_183' title='bbox 264 2222 311 2257; x_wconf 91' lang='lat' dir='ltr'>In</span> <span class='ocrx_word' id='word_1_184' title='bbox 321 2219 441 2269; x_wconf 80' lang='lat' dir='ltr'>pueri</span> <span class='ocrx_word' id='word_1_185' title='bbox 460 2227 694 2271; x_wconf 79' lang='lat' dir='ltr'>argutantur</span> <span class='ocrx_word' id='word_1_186' title='bbox 717 2221 803 2257; x_wconf 88' lang='lat' dir='ltr'>Ser-</span> 
     </span>
    </p>
   </div>
   <div class='ocr_carea' id='block_1_6' title="bbox 79 2277 803 2782">
    <p class='ocr_par' dir='ltr' id='par_1_10' title="bbox 79 2277 803 2782">
     <span class='ocr_line' id='line_1_33' title="bbox 85 2277 803 2328; baseline -0.001 -13"><span class='ocrx_word' id='word_1_187' title='bbox 85 2280 191 2324; x_wconf 87' lang='lat' dir='ltr'>vius,</span> <span class='ocrx_word' id='word_1_188' title='bbox 211 2280 407 2328; x_wconf 89' lang='lat' dir='ltr'>Pompou.</span> <span class='ocrx_word' id='word_1_189' title='bbox 427 2278 515 2316; x_wconf 84' lang='lat' dir='ltr'>Sab.</span> <span class='ocrx_word' id='word_1_190' title='bbox 534 2286 572 2314; x_wconf 90' lang='lat' dir='ltr'>et</span> <span class='ocrx_word' id='word_1_191' title='bbox 589 2277 674 2323; x_wconf 79' lang='lat' dir='ltr'>alii3</span> <span class='ocrx_word' id='word_1_192' title='bbox 695 2291 803 2314; x_wconf 86' lang='lat' dir='ltr'>amo-</span> 
     </span>
     <span class='ocr_line' id='line_1_34' title="bbox 83 2335 798 2387; baseline 0.001 -15"><span class='ocrx_word' id='word_1_193' title='bbox 83 2349 126 2373; x_wconf 85' lang='lat' dir='ltr'>re</span> <span class='ocrx_word' id='word_1_194' title='bbox 148 2335 221 2387; x_wconf 83' lang='lat' dir='ltr'>pio</span> <span class='ocrx_word' id='word_1_195' title='bbox 247 2335 366 2386; x_wconf 81' lang='lat' dir='ltr'>pueri</span> <span class='ocrx_word' id='word_1_196' title='bbox 402 2344 633 2386; x_wconf 81' lang='lat' dir='ltr'>exponunt,</span> <span class='ocrx_word' id='word_1_197' title='bbox 669 2343 798 2382; x_wconf 84' lang='lat' dir='ltr'>casto,</span> 
     </span>
     <span class='ocr_line' id='line_1_35' title="bbox 84 2393 800 2444; baseline -0.004 -12"><span class='ocrx_word' id='word_1_198' title='bbox 84 2407 167 2432; x_wconf 87' lang='lat' dir='ltr'>non</span> <span class='ocrx_word' id='word_1_199' title='bbox 183 2394 334 2433; x_wconf 87' lang='lat' dir='ltr'>infami.</span> <span class='ocrx_word' id='word_1_200' title='bbox 346 2393 450 2432; x_wconf 85' lang='lat' dir='ltr'>Mihi</span> <span class='ocrx_word' id='word_1_201' title='bbox 464 2393 697 2444; x_wconf 86' lang='lat' dir='ltr'>simpliciter</span> <span class='ocrx_word' id='word_1_202' title='bbox 715 2406 800 2430; x_wconf 89' lang='lat' dir='ltr'>om-</span> 
     </span>
     <span class='ocr_line' id='line_1_36' title="bbox 85 2452 798 2502; baseline -0.003 -12"><span class='ocrx_word' id='word_1_203' title='bbox 85 2453 146 2490; x_wconf 83' lang='lat' dir='ltr'>nis</span> <span class='ocrx_word' id='word_1_204' title='bbox 177 2465 287 2490; x_wconf 88' lang='lat' dir='ltr'>amor</span> <span class='ocrx_word' id='word_1_205' title='bbox 326 2460 366 2489; x_wconf 87' lang='lat' dir='ltr'>et</span> <span class='ocrx_word' id='word_1_206' title='bbox 405 2453 573 2490; x_wconf 83' lang='lat' dir='ltr'>amicitia</span> <span class='ocrx_word' id='word_1_207' title='bbox 611 2452 798 2502; x_wconf 79' lang='lat' dir='ltr'>pietatem</span> 
     </span>
     <span class='ocr_line' id='line_1_37' title="bbox 81 2509 795 2561; baseline -0.001 -14"><span class='ocrx_word' id='word_1_208' title='bbox 81 2512 288 2548; x_wconf 86' lang='lat' dir='ltr'>continere</span> <span class='ocrx_word' id='word_1_209' title='bbox 308 2509 469 2547; x_wconf 87' lang='lat' dir='ltr'>videtur</span> <span class='ocrx_word' id='word_1_210' title='bbox 484 2524 494 2557; x_wconf 90' lang='lat'>;</span> <span class='ocrx_word' id='word_1_211' title='bbox 512 2519 550 2547; x_wconf 87' lang='lat' dir='ltr'>et</span> <span class='ocrx_word' id='word_1_212' title='bbox 569 2523 670 2561; x_wconf 83' lang='lat' dir='ltr'>puer</span> <span class='ocrx_word' id='word_1_213' title='bbox 685 2523 795 2560; x_wconf 91' lang='lat' dir='ltr'>spec-</span> 
     </span>
     <span class='ocr_line' id='line_1_38' title="bbox 81 2568 793 2618; baseline 0.003 -14"><span class='ocrx_word' id='word_1_214' title='bbox 81 2575 136 2605; x_wconf 85' lang='lat' dir='ltr'>tat</span> <span class='ocrx_word' id='word_1_215' title='bbox 165 2568 214 2606; x_wconf 87' lang='lat' dir='ltr'>ad</span> <span class='ocrx_word' id='word_1_216' title='bbox 232 2577 407 2606; x_wconf 86' lang='lat' dir='ltr'>teneram</span> <span class='ocrx_word' id='word_1_217' title='bbox 435 2577 673 2606; x_wconf 85' lang='lat' dir='ltr'>aetatem.—</span> <span class='ocrx_word' id='word_1_218' title='bbox 697 2581 793 2618; x_wconf 85' lang='lat'>299.</span> 
     </span>
     <span class='ocr_line' id='line_1_39' title="bbox 81 2625 796 2664; baseline 0.001 -2"><span class='ocrx_word' id='word_1_219' title='bbox 81 2625 145 2663; x_wconf 83' lang='lat' dir='ltr'>Ab</span> <span class='ocrx_word' id='word_1_220' title='bbox 194 2626 376 2664; x_wconf 80' lang='lat' dir='ltr'>Arcadia</span> <span class='ocrx_word' id='word_1_221' title='bbox 425 2626 543 2664; x_wconf 89' lang='lat' dir='ltr'>multi</span> <span class='ocrx_word' id='word_1_222' title='bbox 591 2625 706 2664; x_wconf 90' lang='lat' dir='ltr'>codd.</span> <span class='ocrx_word' id='word_1_223' title='bbox 757 2635 796 2663; x_wconf 89' lang='lat' dir='ltr'>et</span> 
     </span>
     <span class='ocr_line' id='line_1_40' title="bbox 79 2683 796 2735; baseline 0.001 -15"><span class='ocrx_word' id='word_1_224' title='bbox 79 2683 194 2731; x_wconf 61' lang='lat' dir='ltr'>odd„</span> <span class='ocrx_word' id='word_1_225' title='bbox 229 2684 340 2735; x_wconf 91' lang='lat' dir='ltr'>quod</span> <span class='ocrx_word' id='word_1_226' title='bbox 364 2685 517 2722; x_wconf 84' lang='lat' dir='ltr'>mireris</span> <span class='ocrx_word' id='word_1_227' title='bbox 550 2686 678 2723; x_wconf 86' lang='lat' dir='ltr'>Pierio</span> <span class='ocrx_word' id='word_1_228' title='bbox 715 2697 796 2721; x_wconf 91' lang='lat' dir='ltr'>cas-</span> 
     </span>
     <span class='ocr_line' id='line_1_41' title="bbox 80 2741 794 2782; baseline 0.003 -4"><span class='ocrx_word' id='word_1_229' title='bbox 80 2742 157 2779; x_wconf 79' lang='lat' dir='ltr'>tius</span> <span class='ocrx_word' id='word_1_230' title='bbox 180 2743 322 2781; x_wconf 86' lang='lat' dir='ltr'>visum.</span> <span class='ocrx_word' id='word_1_231' title='bbox 355 2741 536 2781; x_wconf 79' lang='lat' dir='ltr'>Arcadio</span> <span class='ocrx_word' id='word_1_232' title='bbox 566 2746 682 2782; x_wconf 87' lang='lat' dir='ltr'>Rom.</span> <span class='ocrx_word' id='word_1_233' title='bbox 712 2744 794 2781; x_wconf 92' lang='lat' dir='ltr'>Me-</span> 
     </span>
    </p>
   </div>
   <div class='ocr_carea' id='block_1_7' title="bbox 861 1291 1602 2790">
    <p class='ocr_par' dir='ltr' id='par_1_11' title="bbox 861 1291 1602 2677">
     <span class='ocr_line' id='line_1_42' title="bbox 881 1291 1602 1344; baseline 0.001 -16"><span class='ocrx_word' id='word_1_234' title='bbox 881 1291 959 1329; x_wconf 91' lang='lat' dir='ltr'>dic.</span> <span class='ocrx_word' id='word_1_235' title='bbox 978 1300 1017 1328; x_wconf 90' lang='lat' dir='ltr'>et</span> <span class='ocrx_word' id='word_1_236' title='bbox 1036 1292 1083 1329; x_wconf 86' lang='lat' dir='ltr'>al.</span> <span class='ocrx_word' id='word_1_237' title='bbox 1102 1293 1137 1329; x_wconf 93' lang='lat' dir='ltr'><em>T</em></span> <span class='ocrx_word' id='word_1_238' title='bbox 1136 1304 1283 1343; x_wconf 79' lang='lat' dir='ltr'>egea’ae</span> <span class='ocrx_word' id='word_1_239' title='bbox 1294 1292 1492 1343; x_wconf 80' lang='lat' dir='ltr'>sanguine</span> <span class='ocrx_word' id='word_1_240' title='bbox 1507 1307 1602 1344; x_wconf 80' lang='lat' dir='ltr'>gen-</span> 
     </span>
     <span class='ocr_line' id='line_1_43' title="bbox 880 1349 1601 1400; baseline 0.003 -15"><span class='ocrx_word' id='word_1_241' title='bbox 880 1349 931 1385; x_wconf 81' lang='lat' dir='ltr'>tis</span> <span class='ocrx_word' id='word_1_242' title='bbox 958 1351 1095 1387; x_wconf 88' lang='lat' dir='ltr'>Heins.</span> <span class='ocrx_word' id='word_1_243' title='bbox 1127 1349 1302 1400; x_wconf 71' lang='lat' dir='ltr'>praetulit</span> <span class='ocrx_word' id='word_1_244' title='bbox 1324 1363 1374 1386; x_wconf 83' lang='lat' dir='ltr'>ex</span> <span class='ocrx_word' id='word_1_245' title='bbox 1395 1351 1601 1387; x_wconf 79' lang='lat' dir='ltr'>nonnullis</span> 
     </span>
     <span class='ocr_line' id='line_1_44' title="bbox 879 1407 1601 1458; baseline 0.001 -14"><span class='ocrx_word' id='word_1_246' title='bbox 879 1408 1067 1445; x_wconf 88' lang='lat' dir='ltr'>Pierianis</span> <span class='ocrx_word' id='word_1_247' title='bbox 1090 1415 1129 1444; x_wconf 85' lang='lat' dir='ltr'>et</span> <span class='ocrx_word' id='word_1_248' title='bbox 1149 1407 1254 1444; x_wconf 86' lang='lat' dir='ltr'>binis</span> <span class='ocrx_word' id='word_1_249' title='bbox 1273 1409 1354 1445; x_wconf 88' lang='lat' dir='ltr'>suis</span> <span class='ocrx_word' id='word_1_250' title='bbox 1368 1435 1378 1453; x_wconf 92' lang='lat'><strong><em>‚</em></strong></span> <span class='ocrx_word' id='word_1_251' title='bbox 1394 1409 1436 1444; x_wconf 89' lang='lat' dir='ltr'>in</span> <span class='ocrx_word' id='word_1_252' title='bbox 1454 1408 1601 1458; x_wconf 85' lang='lat' dir='ltr'>quibus</span> 
     </span>
     <span class='ocr_line' id='line_1_45' title="bbox 881 1465 1599 1518; baseline 0.001 -16"><span class='ocrx_word' id='word_1_253' title='bbox 881 1467 917 1502; x_wconf 92' lang='lat' dir='ltr'><em>T</em></span> <span class='ocrx_word' id='word_1_254' title='bbox 915 1479 1024 1518; x_wconf 64' lang='lat' dir='ltr'>egeae</span> <span class='ocrx_word' id='word_1_255' title='bbox 1052 1465 1269 1517; x_wconf 77' lang='lat' dir='ltr'>sanguine,</span> <span class='ocrx_word' id='word_1_256' title='bbox 1299 1479 1380 1516; x_wconf 85' lang='lat' dir='ltr'>quo</span> <span class='ocrx_word' id='word_1_257' title='bbox 1415 1466 1599 1503; x_wconf 85' lang='lat' dir='ltr'>alludunt</span> 
     </span>
     <span class='ocr_line' id='line_1_46' title="bbox 876 1523 1597 1570; baseline 0.003 -10"><span class='ocrx_word' id='word_1_258' title='bbox 876 1523 959 1561; x_wconf 92' lang='lat' dir='ltr'>duo</span> <span class='ocrx_word' id='word_1_259' title='bbox 979 1524 1058 1561; x_wconf 84' lang='lat' dir='ltr'>alii.</span> <span class='ocrx_word' id='word_1_260' title='bbox 1088 1524 1347 1561; x_wconf 85' lang='lat' dir='ltr'>Manifestum</span> <span class='ocrx_word' id='word_1_261' title='bbox 1375 1523 1446 1570; x_wconf 86' lang='lat' dir='ltr'>fit,</span> <span class='ocrx_word' id='word_1_262' title='bbox 1477 1526 1597 1562; x_wconf 77' lang='lat' dir='ltr'>omis-</span> 
     </span>
     <span class='ocr_line' id='line_1_47' title="bbox 876 1581 1598 1632; baseline 0.003 -14"><span class='ocrx_word' id='word_1_263' title='bbox 876 1582 1026 1619; x_wconf 89' lang='lat' dir='ltr'>sionem</span> <span class='ocrx_word' id='word_1_264' title='bbox 1044 1581 1207 1632; x_wconf 75' lang='lat' dir='ltr'>syllabae</span> <span class='ocrx_word' id='word_1_265' title='bbox 1221 1582 1353 1619; x_wconf 87' lang='lat' dir='ltr'>locum</span> <span class='ocrx_word' id='word_1_266' title='bbox 1371 1582 1522 1619; x_wconf 83' lang='lat' dir='ltr'>dedisse</span> <span class='ocrx_word' id='word_1_267' title='bbox 1541 1584 1598 1620; x_wconf 82' lang='lat' dir='ltr'>iu-</span> 
     </span>
     <span class='ocr_line' id='line_1_48' title="bbox 876 1640 1592 1692; baseline 0.003 -16"><span class='ocrx_word' id='word_1_268' title='bbox 876 1640 1133 1690; x_wconf 82' lang='lat' dir='ltr'>terpolationi</span> <span class='ocrx_word' id='word_1_269' title='bbox 1149 1642 1290 1691; x_wconf 78' lang='lat' dir='ltr'>Tegeae</span> <span class='ocrx_word' id='word_1_270' title='bbox 1307 1640 1358 1676; x_wconf 85' lang='lat' dir='ltr'>de</span> <span class='ocrx_word' id='word_1_271' title='bbox 1370 1641 1568 1692; x_wconf 78' lang='lat' dir='ltr'>sanguine</span> <span class='ocrx_word' id='word_1_272' title='bbox 1582 1671 1592 1685; x_wconf 91' lang='lat'>,</span> 
     </span>
     <span class='ocr_line' id='line_1_49' title="bbox 877 1699 1597 1748; baseline 0.003 -14"><span class='ocrx_word' id='word_1_273' title='bbox 877 1710 967 1748; x_wconf 78' lang='lat' dir='ltr'>quae</span> <span class='ocrx_word' id='word_1_274' title='bbox 996 1700 1247 1744; x_wconf 85' lang='lat' dir='ltr'>Romanum,</span> <span class='ocrx_word' id='word_1_275' title='bbox 1280 1699 1531 1745; x_wconf 87' lang='lat' dir='ltr'>Mediceum‚</span> <span class='ocrx_word' id='word_1_276' title='bbox 1559 1709 1597 1736; x_wconf 83' lang='lat' dir='ltr'>et</span> 
     </span>
     <span class='ocr_line' id='line_1_50' title="bbox 874 1757 1597 1807; baseline 0.003 -15"><span class='ocrx_word' id='word_1_277' title='bbox 874 1757 1063 1804; x_wconf 86' lang='lat' dir='ltr'>majorem</span> <span class='ocrx_word' id='word_1_278' title='bbox 1095 1764 1247 1807; x_wconf 88' lang='lat' dir='ltr'>partem</span> <span class='ocrx_word' id='word_1_279' title='bbox 1282 1757 1468 1794; x_wconf 89' lang='lat' dir='ltr'>codicum</span> <span class='ocrx_word' id='word_1_280' title='bbox 1498 1759 1597 1794; x_wconf 87' lang='lat' dir='ltr'>inse-</span> 
     </span>
     <span class='ocr_line' id='line_1_51' title="bbox 876 1814 1590 1866; baseline 0 -15"><span class='ocrx_word' id='word_1_281' title='bbox 876 1814 948 1852; x_wconf 85' lang='lat' dir='ltr'>dit.</span> <span class='ocrx_word' id='word_1_282' title='bbox 988 1814 1097 1851; x_wconf 84' lang='lat' dir='ltr'>Alias</span> <span class='ocrx_word' id='word_1_283' title='bbox 1132 1816 1283 1866; x_wconf 77' lang='lat' dir='ltr'>Tegeus</span> <span class='ocrx_word' id='word_1_284' title='bbox 1318 1823 1363 1852; x_wconf 86' lang='lat' dir='ltr'>ut</span> <span class='ocrx_word' id='word_1_285' title='bbox 1395 1817 1590 1860; x_wconf 63' lang='lat' dir='ltr'>AVemeus,</span> 
     </span>
     <span class='ocr_line' id='line_1_52' title="bbox 875 1870 1593 1926; baseline 0 -17"><span class='ocrx_word' id='word_1_286' title='bbox 875 1871 1037 1926; x_wconf 73' lang='grc' dir='ltr'><strong>Τέγεος,</strong></span> <span class='ocrx_word' id='word_1_287' title='bbox 1058 1870 1206 1925; x_wconf 75' lang='grc' dir='ltr'>Νέμεος</span> <span class='ocrx_word' id='word_1_288' title='bbox 1219 1901 1230 1918; x_wconf 89' lang='grc'><em>,</em></span> <span class='ocrx_word' id='word_1_289' title='bbox 1260 1872 1450 1921; x_wconf 86' lang='lat' dir='ltr'>adjectiva</span> <span class='ocrx_word' id='word_1_290' title='bbox 1469 1873 1593 1911; x_wconf 79' lang='lat' dir='ltr'>forma</span> 
     </span>
     <span class='ocr_line' id='line_1_53' title="bbox 875 1929 1590 1980; baseline 0.004 -14"><span class='ocrx_word' id='word_1_291' title='bbox 875 1929 1028 1966; x_wconf 82' lang='lat' dir='ltr'>dictum</span> <span class='ocrx_word' id='word_1_292' title='bbox 1055 1943 1136 1967; x_wconf 88' lang='lat' dir='ltr'>esse</span> <span class='ocrx_word' id='word_1_293' title='bbox 1174 1940 1319 1980; x_wconf 87' lang='lat' dir='ltr'>posset.</span> <span class='ocrx_word' id='word_1_294' title='bbox 1361 1931 1410 1968; x_wconf 87' lang='lat' dir='ltr'>cf.</span> <span class='ocrx_word' id='word_1_295' title='bbox 1455 1933 1590 1969; x_wconf 81' lang='lat' dir='ltr'>Heius.</span> 
     </span>
     <span class='ocr_line' id='line_1_54' title="bbox 873 1986 1589 2038; baseline 0.003 -15"><span class='ocrx_word' id='word_1_296' title='bbox 873 1986 939 2024; x_wconf 87' lang='lat' dir='ltr'>hic</span> <span class='ocrx_word' id='word_1_297' title='bbox 969 1995 1007 2023; x_wconf 91' lang='lat' dir='ltr'>et</span> <span class='ocrx_word' id='word_1_298' title='bbox 1036 2001 1123 2037; x_wconf 88' lang='lat' dir='ltr'>sup.</span> <span class='ocrx_word' id='word_1_299' title='bbox 1150 1989 1167 2023; x_wconf 96' lang='lat' dir='ltr'>I</span> <span class='ocrx_word' id='word_1_300' title='bbox 1190 1988 1335 2038; x_wconf 82' lang='lat' dir='ltr'>Georg.</span> <span class='ocrx_word' id='word_1_301' title='bbox 1366 1988 1430 2025; x_wconf 90' lang='lat'>18.</span> <span class='ocrx_word' id='word_1_302' title='bbox 1455 1990 1589 2026; x_wconf 87' lang='lat' dir='ltr'>Burm.</span> 
     </span>
     <span class='ocr_line' id='line_1_55' title="bbox 872 2043 1593 2094; baseline 0.004 -14"><span class='ocrx_word' id='word_1_303' title='bbox 872 2043 1035 2094; x_wconf 92' lang='lat' dir='ltr'>quidem</span> <span class='ocrx_word' id='word_1_304' title='bbox 1063 2045 1121 2080; x_wconf 88' lang='lat' dir='ltr'>ibi</span> <span class='ocrx_word' id='word_1_305' title='bbox 1145 2053 1184 2081; x_wconf 87' lang='lat' dir='ltr'>et</span> <span class='ocrx_word' id='word_1_306' title='bbox 1215 2044 1263 2081; x_wconf 85' lang='lat' dir='ltr'>ad</span> <span class='ocrx_word' id='word_1_307' title='bbox 1287 2044 1477 2083; x_wconf 81' lang='lat' dir='ltr'>Ovidium</span> <span class='ocrx_word' id='word_1_308' title='bbox 1503 2047 1593 2083; x_wconf 74' lang='lat' dir='ltr'>satis</span> 
     </span>
     <span class='ocr_line' id='line_1_56' title="bbox 871 2102 1590 2149; baseline 0.006 -11"><span class='ocrx_word' id='word_1_309' title='bbox 871 2102 948 2139; x_wconf 88' lang='lat' dir='ltr'>sibi</span> <span class='ocrx_word' id='word_1_310' title='bbox 979 2115 1063 2139; x_wconf 88' lang='lat' dir='ltr'>non</span> <span class='ocrx_word' id='word_1_311' title='bbox 1098 2111 1274 2149; x_wconf 86' lang='lat' dir='ltr'>constat,</span> <span class='ocrx_word' id='word_1_312' title='bbox 1300 2111 1340 2139; x_wconf 90' lang='lat' dir='ltr'>et</span> <span class='ocrx_word' id='word_1_313' title='bbox 1377 2103 1496 2141; x_wconf 91' lang='lat' dir='ltr'>modo</span> <span class='ocrx_word' id='word_1_314' title='bbox 1515 2106 1590 2142; x_wconf 89' lang='lat' dir='ltr'>Te-</span> 
     </span>
     <span class='ocr_line' id='line_1_57' title="bbox 871 2159 1587 2212; baseline 0.004 -16"><span class='ocrx_word' id='word_1_315' title='bbox 871 2173 1012 2211; x_wconf 79' lang='lat' dir='ltr'>geaeu5‚</span> <span class='ocrx_word' id='word_1_316' title='bbox 1031 2159 1150 2198; x_wconf 91' lang='lat' dir='ltr'>modo</span> <span class='ocrx_word' id='word_1_317' title='bbox 1172 2163 1346 2212; x_wconf 85' lang='lat' dir='ltr'>Tegeeus</span> <span class='ocrx_word' id='word_1_318' title='bbox 1365 2162 1516 2200; x_wconf 87' lang='lat' dir='ltr'>scribit.</span> <span class='ocrx_word' id='word_1_319' title='bbox 1539 2163 1587 2199; x_wconf 82' lang='lat' dir='ltr'>E-</span> 
     </span>
     <span class='ocr_line' id='line_1_58' title="bbox 871 2216 1586 2273; baseline 0.004 -20"><span class='ocrx_word' id='word_1_320' title='bbox 871 2219 1052 2255; x_wconf 83' lang='lat' dir='ltr'>nimvero</span> <span class='ocrx_word' id='word_1_321' title='bbox 1069 2216 1255 2273; x_wconf 74' lang='grc' dir='ltr'>Τεγέαῖος</span> <span class='ocrx_word' id='word_1_322' title='bbox 1269 2247 1279 2266; x_wconf 87' lang='grc'><em>,</em></span> <span class='ocrx_word' id='word_1_323' title='bbox 1298 2227 1344 2256; x_wconf 92' lang='lat' dir='ltr'>ut</span> <span class='ocrx_word' id='word_1_324' title='bbox 1371 2219 1561 2273; x_wconf 72' lang='grc' dir='ltr'>Νεμεαῖος</span> <span class='ocrx_word' id='word_1_325' title='bbox 1576 2249 1586 2265; x_wconf 92' lang='grc'>,</span> 
     </span>
     <span class='ocr_line' id='line_1_59' title="bbox 871 2277 1587 2316; baseline 0.003 -4"><span class='ocrx_word' id='word_1_326' title='bbox 871 2277 1067 2313; x_wconf 82' lang='lat' dir='ltr'>rationem</span> <span class='ocrx_word' id='word_1_327' title='bbox 1103 2286 1142 2314; x_wconf 90' lang='lat' dir='ltr'>et</span> <span class='ocrx_word' id='word_1_328' title='bbox 1181 2290 1297 2314; x_wconf 87' lang='lat' dir='ltr'>usum</span> <span class='ocrx_word' id='word_1_329' title='bbox 1343 2277 1466 2315; x_wconf 86' lang='lat' dir='ltr'>habet</span> <span class='ocrx_word' id='word_1_330' title='bbox 1501 2290 1510 2316; x_wconf 75' lang='grc' dir='ltr'>ε</span> <span class='ocrx_word' id='word_1_331' title='bbox 1551 2287 1587 2315; x_wconf 83' lang='lat' dir='ltr'>at</span> 
     </span>
     <span class='ocr_line' id='line_1_60' title="bbox 869 2332 1588 2386; baseline 0.004 -16"><span class='ocrx_word' id='word_1_332' title='bbox 869 2332 1051 2386; x_wconf 75' lang='grc' dir='ltr'>Νεμέειος</span> <span class='ocrx_word' id='word_1_333' title='bbox 1088 2334 1270 2373; x_wconf 88' lang='lat' dir='ltr'>nondum</span> <span class='ocrx_word' id='word_1_334' title='bbox 1317 2336 1453 2373; x_wconf 85' lang='lat' dir='ltr'>iuveni</span> <span class='ocrx_word' id='word_1_335' title='bbox 1468 2364 1478 2382; x_wconf 89' lang='lat'>‚</span> <span class='ocrx_word' id='word_1_336' title='bbox 1515 2349 1588 2374; x_wconf 89' lang='lat' dir='ltr'>nec</span> 
     </span>
     <span class='ocr_line' id='line_1_61' title="bbox 867 2390 1581 2446; baseline 0.003 -17"><span class='ocrx_word' id='word_1_337' title='bbox 867 2390 1057 2446; x_wconf 78' lang='grc' dir='ltr'><strong>Τεγέειος.</strong></span> <span class='ocrx_word' id='word_1_338' title='bbox 1079 2393 1204 2444; x_wconf 87' lang='lat' dir='ltr'>Apud</span> <span class='ocrx_word' id='word_1_339' title='bbox 1222 2393 1379 2431; x_wconf 88' lang='lat' dir='ltr'>Piudar.</span> <span class='ocrx_word' id='word_1_340' title='bbox 1397 2396 1447 2433; x_wconf 90' lang='lat' dir='ltr'>N.</span> <span class='ocrx_word' id='word_1_341' title='bbox 1465 2395 1487 2430; x_wconf 93' lang='lat'>8</span> <span class='ocrx_word' id='word_1_342' title='bbox 1500 2423 1510 2440; x_wconf 94' lang='lat'><strong>,</strong></span> <span class='ocrx_word' id='word_1_343' title='bbox 1532 2407 1581 2441; x_wconf 83' lang='lat'>²7</span> 
     </span>
     <span class='ocr_line' id='line_1_62' title="bbox 865 2449 1583 2507; baseline 0.004 -20"><span class='ocrx_word' id='word_1_344' title='bbox 865 2450 965 2487; x_wconf 84' lang='lat' dir='ltr'>male</span> <span class='ocrx_word' id='word_1_345' title='bbox 988 2463 1220 2502; x_wconf 86' lang='lat' dir='ltr'>expressum</span> <span class='ocrx_word' id='word_1_346' title='bbox 1251 2449 1434 2504; x_wconf 78' lang='grc' dir='ltr'>Νεμέειον</span> <span class='ocrx_word' id='word_1_347' title='bbox 1456 2449 1583 2507; x_wconf 71' lang='grc' dir='ltr'>ἄγαλ-</span> 
     </span>
     <span class='ocr_line' id='line_1_63' title="bbox 865 2510 1581 2562; baseline 0.003 -16"><span class='ocrx_word' id='word_1_348' title='bbox 865 2521 936 2562; x_wconf 80' lang='grc' dir='ltr'>μα.</span> <span class='ocrx_word' id='word_1_349' title='bbox 949 2530 1007 2537; x_wconf 92' lang='grc'>-</span> <span class='ocrx_word' id='word_1_350' title='bbox 1021 2510 1213 2561; x_wconf 79' lang='lat' dir='ltr'>Tegeaeae.</span> <span class='ocrx_word' id='word_1_351' title='bbox 1234 2511 1362 2561; x_wconf 85' lang='lat' dir='ltr'>Tegea</span> <span class='ocrx_word' id='word_1_352' title='bbox 1379 2511 1559 2548; x_wconf 85' lang='lat' dir='ltr'>Arcadiae</span> <span class='ocrx_word' id='word_1_353' title='bbox 1571 2539 1581 2555; x_wconf 92' lang='lat'><strong>‚</strong></span> 
     </span>
     <span class='ocr_line' id='line_1_64' title="bbox 861 2564 1578 2623; baseline 0.001 -19"><span class='ocrx_word' id='word_1_354' title='bbox 861 2564 1058 2622; x_wconf 69' lang='grc' dir='ltr'>Τεγεάτης</span> <span class='ocrx_word' id='word_1_355' title='bbox 1085 2576 1124 2604; x_wconf 90' lang='lat' dir='ltr'>et</span> <span class='ocrx_word' id='word_1_356' title='bbox 1151 2568 1350 2623; x_wconf 70' lang='grc' dir='ltr'><strong>Τεγεαῖσς.</strong></span> <span class='ocrx_word' id='word_1_357' title='bbox 1373 2570 1444 2607; x_wconf 87' lang='lat' dir='ltr'>Ge.</span> <span class='ocrx_word' id='word_1_358' title='bbox 1460 2571 1478 2606; x_wconf 95' lang='lat' dir='ltr'>I</span> <span class='ocrx_word' id='word_1_359' title='bbox 1493 2598 1503 2616; x_wconf 91' lang='lat'><strong><em>,</em></strong></span> <span class='ocrx_word' id='word_1_360' title='bbox 1532 2570 1578 2606; x_wconf 87' lang='lat'>18</span> 
     </span>
     <span class='ocr_line' id='line_1_65' title="bbox 861 2627 1285 2677; baseline 0.005 -15"><span class='ocrx_word' id='word_1_361' title='bbox 861 2627 952 2663; x_wconf 85' lang='lat' dir='ltr'>Pan</span> <span class='ocrx_word' id='word_1_362' title='bbox 975 2635 1061 2662; x_wconf 83' lang='lat' dir='ltr'>erac</span> <span class='ocrx_word' id='word_1_363' title='bbox 1085 2627 1285 2677; x_wconf 71' lang='lat' dir='ltr'>Tegea-us.</span> 
     </span>
    </p>

    <p class='ocr_par' dir='ltr' id='par_1_12' title="bbox 862 2684 1582 2790">
     <span class='ocr_line' id='line_1_66' title="bbox 921 2684 1578 2735; baseline -0.002 -13"><span class='ocrx_word' id='word_1_364' title='bbox 921 2684 1164 2722; x_wconf 86' lang='lat'>302—308.</span> <span class='ocrx_word' id='word_1_365' title='bbox 1186 2687 1248 2722; x_wconf 83' lang='lat' dir='ltr'>Ex</span> <span class='ocrx_word' id='word_1_366' title='bbox 1267 2685 1398 2723; x_wconf 84' lang='lat' dir='ltr'>Ennio</span> <span class='ocrx_word' id='word_1_367' title='bbox 1421 2697 1578 2735; x_wconf 89' lang='lat' dir='ltr'>compa-</span> 
     </span>
     <span class='ocr_line' id='line_1_67' title="bbox 862 2741 1582 2790; baseline -0.006 -11"><span class='ocrx_word' id='word_1_368' title='bbox 862 2749 922 2780; x_wconf 86' lang='lat' dir='ltr'>rat</span> <span class='ocrx_word' id='word_1_369' title='bbox 943 2742 1125 2780; x_wconf 90' lang='lat' dir='ltr'>Macrob.</span> <span class='ocrx_word' id='word_1_370' title='bbox 1160 2744 1242 2790; x_wconf 90' lang='lat' dir='ltr'>VI,</span> <span class='ocrx_word' id='word_1_371' title='bbox 1278 2756 1293 2780; x_wconf 90' lang='lat'>1</span> <span class='ocrx_word' id='word_1_372' title='bbox 1319 2742 1461 2781; x_wconf 71' lang='lat' dir='ltr'>mulcet⁸</span> <span class='ocrx_word' id='word_1_373' title='bbox 1483 2741 1582 2779; x_wconf 79' lang='lat' dir='ltr'>alici</span> 
     </span>
    </p>
   </div>
  </div>
 </body>
</html>
