1767 3054
621 148 698 190 'AD
729 152 937 190 LIBRUM
967 152 1018 187 V.
1494 153 1573 189 363

68 229 215 270 sei-lora
236 241 413 281 tempora
437 228 514 266 hoc
540 227 733 279 templum
748 255 758 275 ‚
778 235 826 264 nt
842 228 933 264 satis
957 240 1008 264 ex
1029 227 1156 265 Cicer.
1178 227 1360 265 verrinis
1375 256 1384 274 ‚
1418 237 1456 265 et
1485 231 1580 267 Tac.

74 299 179 336 Anu.
198 300 257 336 IV
270 326 280 344 ,
302 298 353 343 43
375 303 543 334 constat.

127 365 250 417 Quod
276 365 325 402 de
342 362 540 402 Anchiseo
557 364 600 401 in
619 364 750 414 Eryce
769 362 1029 416 subjungitur
1042 390 1052 410 ,
1076 377 1114 401 v.
1139 362 1219 411 760
1234 390 1244 409 ,
1271 363 1348 410 761
1367 391 1378 410 ,
1402 362 1521 402 habet
1545 375 1583 403 et

0 462 1 466 ,
67 436 198 486 ipsum
218 433 450 470 historicam
466 433 676 470 rationem.
696 433 849 483 Hygin.
866 431 894 469 f.
916 432 999 470 260
1019 431 1061 469 in
1086 431 1160 469 hoc
1179 441 1315 469 autem
1336 441 1469 471 monte
1485 432 1584 470 dici-

67 510 132 538 tur
145 499 267 538 eciam
288 499 484 538 Anchises
500 500 672 551 sepultus
686 514 702 545 ;
726 501 798 536 etsi
824 500 897 538 Ge.
916 499 1122 537 Fabricius
1141 513 1226 538 non
1242 498 1343 537 male
1362 501 1585 551 suspicatur

67 568 116 606 ad
139 568 336 619 templum
352 576 392 606 et
415 569 634 606 Flaminem
645 569 696 606 D.
718 568 880 607 Caesaris
897 576 1054 618 poetam
1081 568 1289 618 respicere.

124 635 327 685 Tandem,
362 638 435 674 etsi
465 636 554 674 ludi
581 636 768 674 funebres
795 645 924 686 poetae
952 637 1115 686 ingenio
1141 645 1181 673 et
1203 638 1369 674 Homeri
1401 636 1586 688 exemplo

66 704 269 743 debentur
301 706 436 758 (conf.
458 705 508 742 ad
537 718 598 755 pr.
625 704 652 741 l.
672 704 764 756 V),
800 704 951 742 inferiae
979 712 1109 741 tamen
1140 704 1352 752 Anchisae,
1384 706 1429 742 in
1455 705 1587 744 Sicilia

66 772 201 820 factae,
231 781 269 810 et
298 772 548 810 novemdiale
576 785 734 809 sacrum
758 773 962 823 antiquam
990 772 1166 810 habuere
1195 773 1442 810 memoriam.
1464 772 1587 811 Ovid.

68 841 171 877 Fast.
190 841 254 887 11,
276 839 299 877 5
305 841 355 884 43
373 869 382 887 ,
404 839 476 877 ubi
493 839 541 877 de
561 841 707 877 annuis
725 840 878 877 inferiis
897 851 907 878 :
928 841 1047 878 Hunc
1068 852 1219 878 morem
1249 841 1404 878 AEneas
1419 838 1586 891 pietatis

69 909 238 947 idoneus
260 919 402 946 auctor
422 908 571 946 Attulit
595 909 636 946 in
657 917 800 954 terras,
817 909 926 961 juste
951 909 1096 948 Latine
1112 938 1122 957 ‚
1147 918 1248 950 tuas.
1267 910 1343 947 Ille
1358 894 1494 960 patris
1512 910 1588 947 Ge·

69 976 137 1014 nio
166 976 370 1014 sollennia
404 976 511 1013 dona
531 975 724 1029 ferebam
754 976 862 1014 Hinc
880 977 1027 1028 populi
1051 977 1148 1015 n'tus
1171 976 1370 1014 edidicere
1390 976 1497 1027 pios.
1526 977 1585 1013 Eo

68 1050 248 1094 spectant
272 1042 350 1080 hoc
375 1042 482 1080 libro
505 1056 644 1081 versus
665 1044 733 1094 59,
761 1044 814 1081 60
845 1056 855 1082 ε
884 1053 1006 1095 atque
1026 1043 1112 1082 lzaec
1142 1056 1205 1080 me
1232 1055 1351 1080 sacra
1370 1041 1589 1093 quotannis

72 1110 173 1148 Urbe
195 1110 302 1148 velie
320 1110 456 1162 posita
484 1111 642 1162 templis
669 1110 742 1149 sibi
756 1111 871 1164 ferre
899 1111 1056 1151 dicatis.
1081 1112 1236 1149 Fanum
1257 1112 1390 1148 AEneae
1421 1111 1586 1162 Segestae

67 1187 261 1216 memorat
277 1180 446 1231 Dionys.
467 1181 487 1217 I
499 1207 510 1228 ,
538 1180 605 1219 53.

510 1522 990 1591 EXCURSUS
1041 1521 1150 1586 III.

75 1733 167 1785 De
207 1729 419 1805 Elymo
440 1774 459 1799 ,
509 1727 740 1814 Entello
765 1772 783 1797 ,
831 1727 1074 1806 aliisque
1123 1745 1198 1780 ex
1248 1726 1587 1800 antiquitate

705 1822 936 1879 Siciliae.

133 1995 187 2040 V,
205 1992 255 2040 73
278 1992 364 2027 Hoc
377 1985 713 2038 Helyrnusfacic;
726 1985 800 2022 hoc
813 1983 888 2022 aevi
906 1992 1083 2020 maturus
1100 1984 1277 2020 Acestes.
1296 1983 1441 2032 Magna
1458 1989 1586 2032 poetae

74 2062 190 2099 etiam
212 2061 255 2097 in
274 2057 352 2095 hoc
374 2057 480 2094 libro
499 2056 587 2093 laus
607 2063 683 2101 est,
706 2052 820 2104 quod
835 2051 1038 2088 historicae
1058 2048 1155 2086 fidei
1172 2049 1325 2087 fabulas
1342 2061 1432 2086 suas
1450 2061 1588 2099 super-

73 2126 266 2168 struendo
287 2124 484 2163 eruditam
512 2123 685 2173 aliquam
705 2121 953 2171 voluptatem
975 2117 1196 2156 lectoribus
1222 2118 1402 2168 apponit.
1426 2116 1591 2166 Helymi

75 2198 183 2235 enim
203 2194 269 2232 vel
294 2193 435 2243 Elymi
449 2192 599 2230 clarum
619 2202 768 2228 nomen
786 2190 829 2225 in
849 2187 992 2227 Siciliae
1011 2185 1234 2238 originibus
1252 2186 1449 2232 Trojanis.
1468 2185 1588 2233 Troja

75 2265 143 2303 ille
156 2266 236 2314 jam
256 2271 347 2301 ante
367 2242 572 2299 excidium
596 2259 709 2296 urbis
728 2258 880 2294 exierat
909 2268 1003 2292 cum
1023 2257 1194 2305 AEgesto.
1216 2266 1255 2290 v.
1274 2253 1444 2303 Dionys,
1464 2254 1482 2288 I
1495 2280 1505 2298 ‚
1534 2253 1584 2289 52

77 2341 117 2371 et
130 2346 220 2385 sup.
241 2333 410 2369 Excurs.
429 2330 448 2367 1
472 2327 522 2365 ad
540 2328 580 2365 h.
604 2325 691 2372 lib„
711 2325 784 2362 etsi
803 2323 870 2362 alii
888 2321 996 2374 apud
1017 2320 1201 2360 Strabon.
1222 2320 1345 2365 XIII,
1366 2332 1405 2370 p.
1427 2318 1509 2356 608
1528 2320 1559 2356 B
1574 2346 1586 2365 ,

77 2413 170 2440 eum
215 2402 351 2438 AEneae
389 2395 606 2435 comitibus
648 2392 958 2443 adscripserunt.
994 2391 1148 2426 Verum
1192 2386 1309 2425 etiam
1343 2385 1587 2437 Lycophron

75 2483 118 2509 v.
147 2467 230 2520 965
259 2465 450 2505 Anchisae
479 2462 652 2502 nothum
673 2473 764 2499 eum
792 2458 996 2510 perhibet,
1028 2465 1067 2494 et
1094 2455 1144 2494 ab
1171 2457 1329 2507 AEgesto
1352 2456 1396 2492 in
1414 2454 1588 2493 Siciliam

79 2536 312 2576 adductum.
344 2533 395 2573 cf.
420 2533 476 2571 ib.
505 2531 637 2570 Schol.
668 2537 707 2567 et
725 2531 834 2568 Serv.
856 2526 905 2564 ad
924 2527 978 2573 V,
1007 2526 1074 2574 73.
1095 2527 1235 2576 Itaque
1255 2523 1448 2574 Virgilius
1469 2523 1587 2561 docte

79 2604 267 2656 Elymum
294 2603 450 2641 Acestae
479 2600 666 2637 comitem
689 2595 875 2646 adjunxit
893 2608 931 2632 v.
958 2593 1009 2641 73
1038 2601 1079 2631 et
1105 2591 1178 2630 inf.
1204 2591 1303 2639 300,
1328 2591 1423 2628 301.
1454 2590 1504 2628 cf.
1528 2589 1587 2628 Si·

78 2672 180 2710 lium
192 2673 310 2719 XIV,
337 2671 411 2717 45,
435 2670 502 2714 46.

140 2739 207 2778 Ab
227 2739 306 2778 hoc
328 2739 473 2791 Elymo
493 2734 692 2789 populum
713 2734 877 2784 Elymos
902 2733 947 2770 in
973 2729 1113 2769 iisdem
1136 2729 1240 2766 circa
1266 2729 1438 2780 Erycem
1467 2734 1505 2764 et
1522 2730 1588 2765 Se-

81 2815 230 2860 gestam
244 2807 341 2848 locis
360 2805 546 2858 Thucyd.
569 2807 649 2854 VI,
676 2817 698 2842 2
729 2810 768 2841 et
794 2802 964 2853 Dionys,
991 2802 1034 2848 1,
1058 2799 1108 2838 53
1129 2797 1298 2837 ductum
1316 2809 1397 2835 esse
1417 2792 1586 2834 tradide-
