1767 3054
653 124 807 161 LIBER
837 124 930 161 vn.

1461 133 1540 168 253

44 205 194 266 Urget
218 200 440 261 utrinque
458 197 580 242 latus
601 195 833 254 nemoris,
859 195 1112 259 medioque
1134 199 1346 262 fragosus

44 281 138 324 Dat
158 276 363 324 sonitum
384 271 508 319 saxis
533 282 580 317 et
600 281 727 317 torto
746 271 926 317 vertice
953 282 1137 320 torrens
1160 291 1170 318 :

43 354 135 400 Hic
158 367 324 416 specus
343 348 662 405 horrendum,
684 348 796 394 saevi
816 348 1050 411 spiracula
1074 351 1221 408 Ditis,

43 431 362 483 Monstratur,
387 435 626 487 ruptoque
649 424 812 486 ingens
831 423 1104 471 Acheronte
1125 442 1303 490 vorago

44 501 294 549 Pestiferas
320 500 474 563 aperit
495 499 666 558 saucis;
694 499 800 562 quis
825 500 1016 546 condita
1036 501 1262 564 Erinnys,

1493 516 1554 556 57⁰

43 577 256 623 Invisum
279 591 478 634 numen,
505 585 654 622 terras
678 574 942 637 coelumque
965 575 1165 622 levabat.

110 654 212 699 Nec
233 650 389 698 minus
414 650 595 697 interea
621 661 882 696 extremam
906 651 1129 698 Saturnia
1153 650 1279 698 bello

50 820 99 859 ad
118 819 324 870 planitiem
343 815 531 870 protendi
550 815 696 866 potuit.
723 818 772 854 In

48 879 162 916 vallis
193 876 349 923 medio,
383 884 428 914 ut
461 877 578 913 Maro
609 874 773 924 quidem

48 937 186 975 locum
226 934 415 973 describit
430 962 440 981 ,
484 933 610 970 amnis
647 931 773 971 fertur

51 1007 144 1032 cum
160 996 312 1044 impetu
339 1001 379 1030 et
397 992 564 1044 fragore.
592 990 668 1028 Hic
687 1004 772 1042 spe-

51 1065 120 1090 cus
150 1051 521 1089 horrendum:n0n
555 1049 683 1096 addit,
723 1064 773 1089 an

52 1111 177 1147 amnis
193 1109 295 1146 illud
318 1109 468 1147 fecerit.
489 1111 529 1148 Si
548 1109 626 1146 loci
655 1108 773 1147 facies

53 1181 164 1206 nunc
185 1176 334 1205 mutata
353 1176 410 1204 est
424 1195 433 1213 ‚
456 1181 575 1204 nemo
595 1167 635 1203 id
656 1169 772 1204 mira-

52 1227 163 1263 bitur
175 1227 217 1263 in
228 1225 320 1262 loco
332 1225 492 1277 ignibus
504 1225 772 1262 subterraneis

54 1297 186 1321 exeso.
211 1286 356 1322 Lacum
379 1292 418 1320 et
436 1283 577 1320 vallem
597 1282 672 1320 sub
700 1284 776 1322 col-

54 1343 90 1379 le
107 1341 267 1379 ilicibus
292 1342 448 1378 consito
462 1369 471 1387 ,
495 1342 564 1391 qui
585 1342 775 1392 utrinque

54 1400 198 1437 vallem
225 1398 396 1445 claudit,
438 1399 541 1436 vidit
578 1400 776 1437 Swinbur-

58 1471 137 1503 71e;
157 1458 368 1497 Cluverius
396 1457 530 1494 lacum
558 1457 689 1494 media
716 1459 777 1495 sni

55 1525 167 1567 parte
207 1528 347 1566 aquam
380 1527 521 1566 magna
549 1528 642 1552 cum
671 1516 712 1551 vi
739 1526 778 1554 et

57 1575 226 1625 strepitu
261 1572 520 1611 ebullientem
570 1582 608 1610 et
653 1586 778 1611 resor-

56 1632 231 1670 bentem.
251 1633 374 1668 Latus
391 1630 562 1667 nemoris
579 1630 779 1682 eleganter

58 1690 170 1728 collis
199 1702 459 1735 nemorosus,
493 1691 564 1739 qui
591 1698 780 1741 tanquam

56 1749 161 1786 latus
187 1747 298 1784 lacus
327 1747 434 1784 facit.
454 1747 578 1784 Saxis
595 1758 636 1785 et
659 1749 782 1786 verti-

59 1820 104 1843 ce
116 1834 126 1850 ,
147 1805 226 1843 hoc
245 1813 303 1843 est
320 1804 541 1843 vorticibus
559 1819 754 1856 aquarum
768 1835 779 1853 ,

59 1864 260 1901 verticoso
286 1875 400 1899 amne
414 1890 424 1907 ‚
446 1863 551 1899 inter
568 1876 662 1900 saxa
690 1864 783 1901 fun-

61 1920 116 1958 di.
147 1922 283 1958 Potuit
310 1919 377 1956 hic
408 1919 505 1956 olim
532 1933 672 1970 specus
701 1934 783 1958 esse

62 1978 228 2016 odorem
246 1977 467 2014 sulfureum
487 1977 674 2015 exhalans
688 1990 697 2016 :
712 1980 783 2028 qui

63 2048 172 2073 nunc
192 2035 323 2072 lacum
348 2036 522 2085 recepit,
540 2043 716 2072 torrente
739 2037 783 2072 in

63 2103 244 2145 stagnum
266 2099 432 2129 mutato.
445 2093 614 2143 Copiose
633 2093 682 2130 de
704 2093 782 2130 hoc

65 2151 270 2189 Amsancti
302 2150 391 2187 lacu
431 2152 509 2201 egit
552 2151 785 2187 Leonardus

65 2210 116 2247 de
151 2208 289 2259 Capua
320 2206 550 2260 (Lionardo
575 2208 619 2245 di
647 2207 785 2259 Capoa

67 2265 236 2305 Leziom'
280 2265 441 2302 intorno
490 2266 577 2303 alla
623 2267 785 2303 Natura

67 2325 174 2362 delle
186 2322 336 2373 Blofhte
355 2336 400 2371 17
416 2331 478 2369 14,
493 2338 534 2375 p.
559 2337 584 2374 9
601 2323 691 2374 sq.).
709 2327 786 2361 Ve-

68 2396 159 2420 rum
192 2394 303 2420 nunc
331 2381 525 2419 habemus
553 2381 782 2432 descriptio-

68 2454 161 2478 nem
178 2440 292 2477 vallis
318 2448 357 2476 et
376 2440 486 2477 lacus
507 2454 528 2478 a
544 2441 783 2490 peritissimo

71 2507 224 2536 naturae
257 2497 332 2535 soli
368 2500 566 2548 terraquei
597 2498 784 2548 explora-

71 2560 181 2604 tore,
203 2556 346 2594 abbate
369 2555 535 2594 Alberto
558 2555 686 2593 Fortis
714 2557 788 2594 fac-

73 2621 153 2651 tam
166 2643 178 2661 ‚
197 2615 269 2665 qui
288 2614 377 2652 loca
394 2613 489 2651 adiit
506 2622 545 2652 et
563 2615 688 2666 ipsam
707 2615 789 2651 vim

73 2672 325 2722 mephiticam
343 2681 531 2724 expertus
550 2681 632 2720 est3
653 2672 791 2710 locum

75 2741 238 2781 quoque
274 2730 450 2769 aediculae
492 2730 684 2782 Mephitis
711 2730 794 2768 deae

77 2785 380 2836 deprehendisse
395 2789 472 2827 sibi
488 2790 597 2827 visus
615 2797 672 2828 est
686 2803 696 2837 3
716 2789 796 2826 loci

282 2856 367 2899 111.

840 815 979 854 faciem
1003 817 1178 855 multum
1197 831 1278 856 esse
1300 827 1508 868 mutatam,
1529 824 1561 858 si

842 887 934 912 cum
946 876 1163 929 Virgiliana
1175 876 1439 928 descriptione
1453 892 1541 917 com
1551 903 1563 908 -

840 946 967 984 pares,
984 934 1092 972 haud
1108 936 1317 973 mirabere.
1338 938 1489 974 Inserta
1504 947 1562 975 est

840 991 907 1028 illa
929 993 1220 1031 Commentatio
1240 995 1352 1031 Actis
1370 995 1559 1034 Academ.

842 1052 1041 1088 Patavinae
1064 1051 1078 1102 (
1093 1051 1222 1103 Saggi
1244 1052 1452 1105 scientifici
1468 1068 1489 1090 e
1506 1053 1563 1090 le-

842 1109 968 1160 terarj
986 1109 1071 1148 dell
1077 1111 1084 1122 '
1094 1109 1324 1146 Academia
1340 1111 1384 1146 di
1398 1111 1563 1148 Paclova

841 1169 947 1213 t.11‚
967 1181 1006 1217 p.
1044 1169 1122 1211 146
1155 1170 1255 1218 seq.)
1280 1190 1337 1196 —
1363 1169 1458 1206 568.
1487 1170 1566 1206 Hic

839 1237 975 1273 specus
1010 1225 1229 1262 horrendas
1264 1228 1416 1276 antiqui
1445 1227 1562 1265 codd.

844 1283 949 1332 apud
981 1285 1162 1321 Servium
1183 1292 1221 1320 et
1249 1298 1321 1321 ms.
1348 1284 1564 1335 Giphanii‚

843 1339 909 1378 hic
929 1341 1088 1392 quidem
1107 1351 1295 1392 sequente
1313 1352 1375 1389 et,
1396 1343 1507 1392 quod
1524 1345 1566 1381 in

844 1400 1004 1446 multis,
1026 1400 1142 1436 etiam
1167 1401 1211 1436 in
1234 1399 1322 1438 edd.
1345 1399 1572 1451 legebatur,

845 1455 929 1506 (ita
961 1470 1098 1494 versus
1129 1465 1229 1495 esset
1257 1459 1424 1508 antiquo
1455 1471 1566 1496 more

849 1516 1154 1552 constituendus
1184 1516 1294 1553 elisio
1322 1516 1440 1553 sibilo
1464 1518 1569 1554 :Hic

845 1586 983 1623 specus
1001 1572 1189 1611 horrend'
1212 1585 1252 1612 et
1275 1574 1369 1611 soevi
1387 1574 1564 1624 spiracu-

847 1632 890 1670 la
913 1630 1039 1682 Ditis)
1061 1632 1128 1670 sed
1150 1632 1351 1670 sublatum
1377 1633 1425 1670 ab
1445 1634 1568 1671 Hein-

848 1691 908 1728 sio
939 1689 1055 1728 codd.
1087 1691 1321 1738 meliorum,
1351 1692 1468 1728 etiam
1489 1693 1572 1730 Pie-

848 1749 1080 1794 rianorum,
1120 1752 1366 1787 aucton‘tate.
1391 1771 1448 1778 ——
1473 1751 1569 1799 569.

849 1809 1130 1844 Monstramur
1150 1808 1287 1844 multae
1305 1807 1393 1846 edd.
1420 1816 1458 1843 et
1478 1807 1567 1845 cod.

849 1865 1032 1914 inprimis
1073 1878 1161 1914 quae
1190 1866 1233 1902 in
1263 1879 1350 1916 sup.
1379 1878 1498 1902 versu
1534 1876 1574 1901 et

849 1924 1037 1959 retinent.
1070 1923 1126 1959 At
1157 1924 1344 1960 Heinsius
1369 1935 1528 1960 revocax
1540 1924 1573 1959 it

850 1993 901 2017 ex
930 1979 1015 2016 aliis
1044 1988 1311 2016 monstratur:
1332 1979 1440 2017 unde
1463 1993 1572 2017 com-

850 2039 929 2074 tior
970 2037 1052 2073 exit
1090 2038 1231 2074 oratio.
1275 2040 1395 2074 Mons
1429 2038 1573 2075 sterilis

851 2095 947 2132 alter
966 2094 1109 2132 Hamb.
1126 2123 1136 2140 ‚
1158 2096 1261 2132 miro
1290 2108 1436 2134 errore.
1465 2097 1574 2134 Cete-

850 2165 940 2189 rum
975 2151 1161 2189 observes
1190 2153 1365 2190 membra
1391 2154 1468 2191 sibi
1488 2167 1573 2192 non

851 2218 1032 2248 accurate
1052 2211 1143 2246 satis
1168 2211 1470 2261 respondentia,
1501 2214 1575 2250 etsi

852 2281 914 2305 res
931 2281 1013 2305 non
1031 2268 1223 2318 exemplis
1243 2278 1348 2306 caret
1367 2281 1377 2307 :
1397 2270 1474 2307 Hic
1491 2284 1574 2320 spe-

851 2334 1226 2378 cus—lgionstratur
1242 2335 1282 2363 ec
1299 2340 1458 2380 vorago
1479 2342 1572 2379 ape-

851 2384 914 2421 rit.
929 2385 1137 2434 Raptoque
1158 2384 1223 2422 alt.
1243 2386 1519 2438 Menag.—57
1533 2400 1566 2424 1.

852 2443 907 2478 Ec
935 2450 963 2480 t.
986 2441 1079 2479 Ald.
1113 2451 1260 2479 terram
1287 2443 1440 2494 aliquot
1467 2447 1570 2483 Pier.

853 2499 993 2537 coelum
1021 2508 1186 2551 terrasq.
1212 2501 1392 2540 Pan-has.
1413 2503 1574 2540 Levat-it

854 2557 1006 2607 aliquot
1018 2559 1116 2596 Pier.
1133 2567 1172 2595 et
1183 2559 1297 2597 Witt.
1312 2559 1420 2609 quod
1432 2561 1574 2599 sollen-

856 2617 946 2652 nior
959 2617 1085 2654 oratio
1096 2615 1283 2667 postulat.
1295 2616 1452 2657 Wakef.
1466 2618 1572 2656 dele-

858 2682 896 2711 ta
913 2673 1068 2724 virgula
1086 2683 1177 2725 post
1197 2674 1389 2725 Erinnys,
1409 2677 1542 2730 jungit
1562 2690 1571 2715 z

861 2744 1008 2769 numen
1037 2741 1161 2770 terras
1188 2732 1372 2785 coelumq.
1402 2734 1430 2773 I.
1443 2749 1461 2782 ,·
1484 2747 1573 2786 pro,

863 2798 984 2828 terras
1005 2792 1172 2830 numine
1189 2791 1347 2830 levabat
1359 2820 1370 2839 ‚
1389 2792 1574 2831 utillud:

1310 2887 1368 2918 22
