1767 3054
683 164 838 203 LIBER
868 164 984 202 VIII.

1506 170 1588 219 319

83 235 350 284 Janiculum
374 235 509 293 huic,
529 234 600 295 illi
622 235 777 283 fuerat
802 235 1027 285 Saturnia
1051 250 1239 283 nomen.
1267 259 1287 279 »

148 309 341 356 Talibus
362 309 486 356 inter
507 326 556 357 se
577 309 716 358 dictis
740 310 800 358 ad
825 323 949 358 tecta
972 311 1198 360 subibant

80 385 304 448 Pauperis
327 385 567 444 Evandri,
594 388 866 451 passimque
889 399 1103 434 armenta
1124 388 1354 436 videbant
1529 404 1590 432 300

78 462 388 523 Romanoque
412 463 541 521 foro,
567 474 613 509 et
636 464 775 510 lautis
796 463 982 526 mugire
1007 463 1205 511 Carinis.

78 536 143 580 Ut
165 545 359 582 ventum
385 537 445 583 ad
466 537 601 584 sedes
626 556 635 584 :
664 560 682 580 α
708 541 846 596 Haec,
869 538 1046 600 inquit,
1070 538 1232 585 limina
1255 539 1410 586 victor

76 608 265 656 Alcides
284 610 455 671 subiit;
476 613 578 658 haec
603 613 736 659 illum
758 614 889 676 regia
913 612 1054 674 cepit.

75 682 236 741 Aude,
258 683 454 747 hospes,
479 699 782 734 contemnere
806 703 944 750 opes,
970 697 1016 733 et
1043 697 1087 732 te
1112 702 1306 750 quoque
1328 688 1525 751 dignum

76 759 222 821 Finge
246 759 360 820 de03
387 762 627 825 rebusque
652 764 762 809 veni
786 780 882 810 non
908 780 1047 826 asper
1070 764 1245 826 egenis.
1272 784 1291 805 »
1528 774 1589 805 36⁵

75 834 232 893 Dixit,
258 848 305 882 et
330 839 516 899 angusti
540 838 706 885 subter
732 839 917 901 fastigia
943 838 1056 886 tecti

76 913 322 972 Ingentem
347 915 529 959 AEnean
553 913 715 970 duxit,
742 914 996 976 stratisque
1019 914 1197 960 locavit

77 984 311 1030 Effultum
333 985 456 1032 soliis
480 997 526 1032 et
550 988 671 1049 pelle
695 988 955 1050 Libystidis
981 1003 1119 1033 ursae.

77 1062 186 1106 Nox
212 1060 333 1119 ruit,
358 1071 405 1107 et
428 1062 571 1109 fuscis
595 1063 812 1110 tellurem
837 1063 1138 1125 amplectitur
1160 1061 1258 1108 alis.

141 1209 222 1257 359
251 1221 336 1258 sqq.
367 1210 494 1246 Etiam
524 1212 568 1247 in
596 1210 658 1247 his
686 1219 799 1247 vetus

80 1265 310 1316 simplicitas
357 1266 526 1304 delectat
545 1295 555 1313 ,
617 1270 800 1318 inprimis

82 1336 173 1360 cum
191 1323 483 1375 magnificentia
501 1328 660 1363 serioris
676 1328 799 1362 aetatis

81 1390 318 1431 comparata.
338 1404 397 1411 —
423 1384 520 1420 361.
558 1383 674 1421 Laetis
693 1383 800 1434 apud

81 1438 214 1478 Schol.
243 1441 400 1478 Horatii
430 1442 581 1491 Cruqu.
606 1443 623 1478 I
647 1444 719 1492 Ep.
750 1456 768 1489 7
788 1470 797 1486 ‚

85 1497 153 1542 48.
193 1497 305 1535 Latis
344 1498 521 1535 cavernis
556 1499 736 1537 Parrhas.
778 1513 799 1536 a

80 1568 134 1593 m.
156 1567 231 1594 sec.
256 1557 432 1593 cavernis
462 1558 579 1593 etiam
603 1560 720 1595 Rom.
742 1579 801 1585 ——

82 1612 219 1650 Lautis
242 1613 418 1660 Carinis,
449 1616 521 1664 qui
538 1616 581 1651 in
601 1617 656 1651 IV
675 1617 801 1666 regio-

81 1684 131 1708 ne
150 1670 264 1708 locus
283 1672 358 1708 suit
378 1672 426 1709 ab
440 1674 552 1709 Arcu
565 1672 659 1709 inde
678 1674 802 1711 Cons-

81 1729 224 1766 tantini
241 1730 345 1767 inter
356 1731 552 1780 Esquilias
569 1739 607 1767 et
625 1730 797 1768 Coelium

78 1786 322 1836 procedens»,
354 1790 554 1837 Pompeii,
587 1790 645 1826 M.
671 1791 799 1826 Anto-

83 1845 164 1890 nii,
188 1844 351 1893 aliisque
379 1844 600 1894 magnificis
618 1855 800 1882 sumtuo-

83 1903 214 1950 sisque
249 1901 436 1937 domibus
471 1911 659 1948 omatu53
693 1902 800 1940 unde

83 1959 206 1994 lanea·
241 1958 407 1996 Carinae.
445 1957 643 2007 (Servius
674 1959 799 1996 multa

84 2017 218 2065 inepte
251 2014 478 2064 cumulat.)
514 2037 570 2043 —
610 2016 706 2054 362.
751 2019 803 2052 Ut

85 2083 257 2109 ventum
281 2072 339 2108 ad
356 2071 488 2118 sedes,
521 2072 696 2110 Evandri
726 2072 798 2109 do-

84 2143 194 2167 mum
236 2131 278 2166 in
315 2129 494 2167 Palatino
533 2139 691 2174 monte,
731 2143 800 2167 seu

86 2188 256 2233 Palatio,
282 2187 391 2237 qnod
421 2187 665 2224 Pallanteum
697 2187 801 2224 dixit

85 2253 215 2297 poeta.
233 2267 290 2273 —
314 2246 414 2290 364,
451 2245 545 2282 365.
567 2244 679 2283 Nihil
696 2259 801 2296 mag-

85 2301 315 2341 nificentius
339 2303 401 2340 his
422 2302 601 2339 versibus
627 2302 706 2339 dici
729 2315 800 2353 po-

84 2369 176 2399 test.
219 2359 338 2398 Ande
369 2369 649 2405 contemnere,
690 2361 803 2410 quasi

87 2431 173 2456 rem
192 2417 356 2455 arduam
376 2426 413 2455 et
434 2417 663 2456 difficilem:
685 2419 737 2454 ita
758 2426 804 2455 ut

91 2476 247 2515 virtute·
263 2489 366 2526 opus
390 2477 441 2512 sit
458 2477 581 2513 animi
599 2475 647 2512 ad
670 2475 804 2526 expel-

89 2531 246 2570 lendam
277 2535 527 2571 mirationem
561 2532 803 2570 divitiarum.

92 2591 156 2630 Sic
182 2590 285 2628 bene
314 2594 424 2630 Serv.
457 2600 496 2628 et
534 2591 665 2629 Guell.
700 2599 741 2627 ec
767 2599 805 2627 ee

94 2660 248 2700 quoque
262 2648 429 2701 dignum
438 2648 556 2703 finge
575 2649 664 2687 deo.
687 2649 804 2687 Com-

94 2717 199 2754 poue
229 2714 289 2752 te,
323 2716 574 2758 mentemque
602 2707 772 2745 informa
788 2734 799 2751 ,

94 2760 145 2798 ad
155 2763 457 2802 similitudinem
469 2766 661 2810 numinis3
671 2765 710 2802 h.
727 2764 800 2809 fac,

93 2819 212 2856 redde
250 2828 288 2858 te
331 2823 498 2859 similem
539 2822 721 2860 Herculis
759 2823 802 2859 in

868 1218 1078 1248 contemtu
1098 1210 1175 1247 hoc
1196 1210 1324 1246 inanis
1342 1208 1477 1248 fastus.
1494 1211 1584 1250 Non

867 1282 1007 1318 asper,
1044 1281 1127 1305 nou
1156 1268 1334 1313 alicam,
1366 1281 1450 1304 non
1469 1269 1588 1308 infes-

867 1334 929 1362 tus
943 1354 952 1371 ,
971 1326 1150 1376 adeoque
1172 1338 1254 1363 non
1275 1324 1513 1364 fastidiosus.

927 1385 1009 1422 366
1037 1405 1096 1412 ——
1126 1384 1223 1421 368.
1254 1385 1285 1420 E
1321 1396 1433 1420 more
1466 1385 1589 1433 prisci

867 1444 965 1487 aevi3
992 1440 1099 1478 conf.
1123 1441 1266 1492 odyss,
1294 1437 1336 1486 ξ,
1361 1441 1413 1485 48
1430 1454 1440 1486 ;
1459 1442 1587 1492 Orph.

866 1501 1020 1551 Argon.
1048 1510 1170 1548 1009.
1186 1500 1364 1536 AEneam
1384 1497 1587 1550 ingentem

867 1557 968 1594 alius
996 1555 1230 1594 reddidisset
1260 1569 1332 1606 per
1357 1568 1366 1593 ε
1392 1555 1588 1595 inclinato

869 1616 996 1665 capite
1009 1614 1251 1651 subeuntem
1269 1621 1452 1665 angustas
1469 1613 1586 1654 fores.

867 1694 927 1701 —·
949 1673 1045 1710 368.
1074 1670 1279 1722 Effectum
1306 1685 1368 1722 pr.
1393 1672 1585 1711 Rottend.

866 1744 886 1767 a
899 1744 951 1769 m.
967 1744 1030 1780 pr.
1052 1729 1195 1779 Spoliis
1212 1729 1335 1767 Goth.
1355 1737 1443 1766 tert.
1457 1757 1467 1775 ,
1479 1730 1590 1779 quod

867 1790 999 1838 ipsum
1023 1789 1064 1823 in
1090 1795 1264 1823 mentem
1286 1787 1440 1822 venisse
1469 1787 1587 1825 video

867 1847 932 1883 JO.
956 1843 1194 1889 Schradero,
1221 1853 1267 1880 ut
1283 1844 1362 1879 sint
1378 1844 1462 1893 ipsa
1473 1844 1587 1893 pellis

867 1915 983 1939 ursae.
1024 1901 1241 1938 Libe'scriclc's
1281 1902 1385 1937 Ven.
1403 1914 1413 1946 ;
1453 1901 1587 1939 Julius

869 1960 1038 1997 Sabinus
1059 1970 1069 1995 :
1094 1958 1166 1995 vel
1185 1959 1346 2009 legatur
1362 1957 1586 2008 Hybistidis

870 2016 1005 2067 (quod
1034 2015 1150 2052 nihili
1180 2028 1262 2052 esse
1290 2014 1514 2065 arbitror),
1545 2025 1589 2054 ut

867 2086 892 2108 α
921 2072 1055 2110 Sicilia
1084 2072 1154 2122 (in
1178 2085 1256 2122 qua
1277 2072 1387 2109 nulla
1415 2073 1586 2124 Hybista

868 2130 978 2180 est),
1002 2140 1044 2166 uc
1066 2129 1243 2166 diximus
1275 2130 1316 2166 ιἰι
1337 2129 1476 2180 qm'nco
1496 2132 1582 2182 (ibi

867 2187 970 2224 nihil
991 2187 1064 2224 tale
1088 2186 1311 2237 occurrit),
1336 2187 1410 2224 vel
1429 2198 1474 2225 ut
1487 2188 1537 2226 sit
1559 2203 1587 2226 a

868 2245 1008 2294 Libya,
1025 2244 1128 2281 —si
1150 2245 1338 2281 volumus
1363 2244 1586 2298 intelligere

867 2302 1105 2353 Libystidis,
1142 2302 1310 2348 Siculae,
1345 2312 1388 2339 uc
1418 2303 1584 2353 Libysti-

870 2373 943 2397 ηας
977 2360 1127 2410 Apollo
1163 2359 1204 2397 in
1247 2359 1454 2409 Pachyno,
1493 2365 1587 2400 Fuit

870 2419 1010 2467 utique
1044 2417 1243 2467 Apollinis
1266 2418 1464 2469 Libystini
1489 2428 1587 2457 tem·

871 2475 984 2525 plum
1012 2476 1054 2512 in
1074 2475 1277 2526 Pachyno.
1298 2489 1337 2512 v.
1361 2477 1544 2516 Macrob.
1567 2480 1585 2514 1

871 2536 948 2570 Sat.
978 2545 992 2569 1
1005 2546 1040 2579 7.
1054 2532 1130 2571 Sed
1150 2533 1199 2570 ab
1215 2546 1263 2570 eo
1275 2546 1423 2570 nomen
1439 2533 1586 2572 ducere

871 2590 1042 2627 alienum
1069 2599 1140 2629 est.
1167 2593 1245 2629 Pro
1268 2587 1409 2644 ἄρκτος
1433 2588 1584 2635 Amfion-iz

872 2647 1024 2685 dictum
1047 2643 1232 2695 Λιὲυςὶς,
1254 2661 1307 2685 ex
1329 2643 1584 2693 AiGu;.—De

868 2705 1066 2754 Libystide
1089 2719 1182 2743 ursa
1205 2720 1244 2744 v.
1268 2705 1317 2743 ad
1334 2705 1406 2744 lib,
1432 2710 1484 2754 V,
1516 2710 1580 2754 37.

867 2765 993 2801 Etiam
1014 2765 1142 2817 imago
1161 2764 1301 2803 Noctis
1318 2777 1356 2801 v.
1377 2764 1458 2814 369
1473 2773 1583 2801 nota-

869 2821 971 2860 bilis.
1005 2823 1108 2859 uine
1136 2825 1230 2861 siat.
1261 2824 1279 2859 Ι
1307 2820 1450 2859 Achiu.
1498 2822 1601 2866 620„
