1767 3054
156 131 202 154 12
374 106 377 113 '
780 113 1020 150 AENfflDos

146 193 256 235 Esse
281 199 439 251 putet3
465 186 603 233 caedit
628 187 762 233 binas
788 186 846 232 de
869 201 999 231 more
1024 185 1229 232 bidentis
1246 221 1257 242 ‚

143 266 328 323 Totque
349 279 476 320 sues,
501 261 698 308 totidem
719 260 946 322 nigrantis
972 270 1100 321 terga
1121 260 1380 321 juvencos;

143 338 359 399 Vinaque
384 337 612 383 fundebat
631 336 829 399 pateris,
855 335 1150 396 animamque
1169 333 1371 379 vocabat

143 411 361 459 Anchisae
383 413 562 474 magni,
583 411 832 472 Manisque
856 409 1126 455 Acheronte
1146 408 1381 455 remissos.

143 493 243 537 Nec
267 506 362 535 non
388 501 433 534 et
453 488 591 546 socii,
615 504 720 550 quae
741 487 913 548 cuique
936 495 1005 532 est
1024 487 1182 548 copia,
1203 485 1299 531 laeti

1583 505 1642 524 100

145 567 282 609 Dona
310 564 486 621 ferunt,
514 574 711 609 onerant
736 578 862 620 aras,
883 572 1183 623 mactantque
1201 561 1442 623 juvencos.

146 638 326 684 Ordine
352 654 467 683 aona
486 638 642 684 locant
663 638 763 695 alii,
791 637 976 698 fusique
1001 652 1087 698 per
1110 625 1309 681 herbam

147 713 415 776 Subjiciunt
436 714 630 760 veribus
650 730 850 776 prunas,
873 725 918 760 et
939 713 1121 759 viscera
1141 721 1337 757 torrent.

210 792 493 849 Exspectata
513 789 612 835 dies
638 789 823 845 aderat,
849 803 1116 848 nonamque
1138 801 1303 833 serena

144 870 380 911 Auroram
402 865 671 910 Phaetontis
697 865 806 925 equi
825 865 919 926 jam
948 865 1050 909 luce
1071 862 1330 918 velicbant3

147 1087 274 1135 intpp.
292 1114 300 1130 ,
323 1093 422 1134 puto
459 1083 611 1121 dictum
640 1096 714 1134 pro
736 1084 866 1121 Genio

145 1143 331 1180 Anchisa·
352 1155 359 1180 :
385 1140 642 1195 (θεράποντα,
674 1155 766 1178 eum
797 1144 867 1192 qui

144 1201 261 1237 adest
277 1199 441 1238 homini.
462 1202 564 1238 Nam
594 1201 713 1237 Genii
733 1201 866 1236 minis-

147 1260 290 1295 terium
311 1267 498 1308 praestant
515 1287 525 1304 ‚
543 1267 739 1307 quatenus
756 1259 866 1309 geni-

145 1326 206 1353 tos
229 1317 476 1367 suscipiunt,
508 1324 696 1360 tuentur,
720 1316 768 1351 iis
803 1315 866 1352 ad-

145 1382 239 1411 sunt
265 1376 449 1424 perpetui
478 1375 642 1410 comites
665 1386 709 1409 ac
731 1382 864 1411 custo-

145 1431 235 1476 des;
257 1431 332 1469 hoc
350 1441 481 1468 autem
498 1431 589 1468 loco
611 1432 727 1468 etiam
747 1431 794 1468 ad
808 1433 871 1468 in-

146 1490 249 1526 feros
284 1491 527 1527 comitantur
554 1492 734 1526 animam.
768 1491 864 1526 Haec

149 1547 280 1583 elicias
312 1561 362 1584 ex
400 1550 471 1592 iis,
505 1560 595 1597 quae
634 1556 865 1584 coacervata

148 1614 241 1641 suut
262 1607 304 1641 in
330 1606 433 1643 Diss.
456 1606 619 1643 Passerii
652 1605 699 1642 de
736 1606 866 1643 Genio

150 1663 368 1700 domestico
383 1692 392 1709 ‚
414 1672 442 1701 t.
462 1665 521 1700 III
545 1665 678 1702 Musei
693 1665 863 1701 Etrusci.

148 1721 214 1757 Ab
237 1722 413 1758 Etruscis
439 1723 544 1758 enim
570 1723 753 1772 inprimis
775 1721 866 1758 reli-

149 1781 306 1829 gionem
332 1779 440 1816 illam
460 1779 700 1830 acceperu'nt
721 1783 866 1818 Roma-

150 1838 204 1874 ni.
232 1837 324 1874 Alio
353 1837 475 1874 modo
505 1839 548 1873 in
574 1837 672 1875 locis
693 1850 712 1873 a
730 1839 865 1875 Burm.

151 1894 198 1930 ad
226 1895 357 1932 Valer.
382 1895 439 1933 Fl.
460 1897 541 1941 IV,
574 1896 655 1932 520
687 1897 867 1932 excitatis

151 1952 342 1989 dicuntur
352 1952 513 2004 famuli
531 1965 572 1990 ac
585 1952 758 2003 famulce
778 1953 868 1990 cleo-

151 2024 237 2047 rum
262 2009 316 2047 dii
347 2025 416 2048 seu
455 2011 537 2048 deae
577 2013 774 2058 minores,
804 2012 868 2049 vel

150 2069 234 2105 aliae
273 2077 447 2116 naturae,
481 2082 652 2119 quarum
692 2071 867 2107 ministe-

151 2128 210 2163 rio
238 2125 293 2163 dij
317 2128 632 2176 muman—96.
653 2127 870 2179 Legebatur

151 2196 326 2234 qumas:
354 2186 467 2232 cujus
495 2186 615 2221 moris
646 2198 718 2222 nec
737 2198 867 2222 exem-

152 2242 214 2292 pla
239 2255 312 2278 nec
335 2243 505 2279 rationes
531 2251 773 2292 suppetunt3
792 2243 868 2279 sal-

155 2309 232 2335 tem
249 2309 420 2350 septenae
440 2313 521 2336 esse
543 2299 746 2337 deberent.
760 2302 869 2337 ,Mac-

156 2366 216 2393 ται
235 2357 351 2394 binas
369 2361 477 2396 Serv.
501 2357 547 2394 ad
568 2359 627 2394 IV
649 2360 737 2396 AEn.
771 2371 866 2396 200.

159 2414 282 2450 Binas
322 2415 468 2452 Medic.
503 2425 542 2452 et
579 2419 695 2454 Rom.
733 2428 869 2466 graves

157 2471 253 2509 adeo
280 2474 551 2510 auctoritates!
570 2475 618 2509 In
641 2473 726 2510 ah'is
753 2475 870 2511 Pierii

157 2529 352 2580 cceditque
391 2530 506 2566 binas
518 2545 532 2574 ;
562 2530 668 2567 unde
702 2530 871 2582 intelligi

157 2596 286 2637 potest
302 2600 381 2636 quo
404 2601 536 2625 errore
555 2588 700 2637 quinas
717 2587 872 2625 iHatum

157 2647 219 2683 sit.
240 2644 397 2683 Scilicet
411 2673 420 2691 ‚
438 2659 530 2682 cum
546 2654 716 2682 metrum
728 2645 868 2695 aliquis

158 2715 377 2754 repugnare
417 2703 592 2749 videret,
629 2716 712 2740 non
750 2705 870 2740 sensit

157 2774 233 2810 qne
252 2774 332 2798 esse
354 2761 658 2806 exstruendum,
677 2760 742 2798 sed
763 2775 871 2811 repo-

1586 870 1644 900 105

933 1083 1012 1119 suit
1034 1081 1258 1132 quinas.—
1274 1081 1423 1127 Coedit,
1449 1081 1499 1120 cf.
1533 1082 1645 1121 Iliad.

934 1137 981 1190 ψ,
1025 1141 1103 1177 166
1124 1153 1208 1190 sqq.
1241 1140 1446 1177 Fundebac
1479 1140 1577 1179 ibid.
1606 1156 1644 1179 v.

935 1211 1031 1236 220.
1054 1198 1254 1242 Vocabat,
1283 1210 1372 1249 sup.
1397 1200 1482 1245 ΙΙΙ,
1502 1198 1552 1247 67
1585 1201 1647 1235 In-

920 1255 1162 1308 firimus—
1175 1265 1363 1306 pateras,
1387 1255 1648 1307 animamque

932 1315 1111 1365 sepulcro
1128 1313 1343 1352 Condt‘mus
1359 1323 1398 1351 et
1415 1327 1569 1366 magna
1589 1328 1647 1351 su-

925 1386 1110 1424 premum
1142 1385 1244 1409 voce
1280 1370 1439 1409 ciemus.
1480 1374 1643 1417 Manes,

933 1432 1002 1481 qui
1020 1444 1070 1467 ex
1085 1431 1184 1468 locis
1198 1428 1334 1466 inferis
1350 1429 1480 1467 adesse
1498 1429 1648 1467 inferiis

932 1488 1206 1526 credebantur.

996 1547 1235 1584 too—103.
1253 1547 1351 1596 Quae
1362 1544 1501 1596 cuique
1513 1555 1573 1582 est
1589 1559 1649 1583 co-

924 1605 1013 1656 pia.
1033 1605 1206 1656 Vulgare
1227 1616 1237 1642 :
1256 1617 1330 1655 pro
1363 1604 1554 1654 cujusque
1584 1617 1648 1641 co-

932 1664 1020 1714 piis.
1035 1666 1143 1701 Serv.
1157 1676 1235 1713 pro
1254 1675 1326 1698 sua
1348 1661 1512 1713 quisque
1515 1661 1649 1713 facul-

934 1731 1030 1759 tace.
1069 1721 1275 1758 onerant:
1294 1721 1438 1772 Georg.
1466 1722 1538 1767 IV,
1565 1721 1645 1767 378

934 1784 1034 1818 Pars
1051 1778 1177 1829 epulis
1204 1788 1377 1815 onerant
1401 1791 1573 1815 mensas.
1589 1800 1648 1806 -—

934 1841 1126 1875 Juvencos
1154 1849 1207 1874 sc.
1230 1850 1281 1873 ex
1296 1851 1334 1874 v.
1349 1837 1400 1874 61
1418 1865 1428 1883 ‚
1450 1836 1503 1873 62
1517 1864 1527 1882 ,
1541 1835 1648 1872 Bina

933 1896 1049 1933 boum
1082 1894 1197 1932 vobis
1225 1896 1390 1932 Acestes
1411 1894 1484 1932 dac
1511 1893 1648 1944 capita

934 1954 974 1991 in
1015 1966 1147 1990 naves.
1166 1974 1224 1981 ——
1242 1953 1367 1989 Aena
1404 1953 1455 1991 cf.
1489 1965 1578 2002 sup.
1606 1954 1646 1997 Ι,

937 2013 1018 2050 216
1034 2041 1044 2059 ‚
1076 2024 1190 2059 2173
1217 2011 1286 2048 alii
1315 2019 1456 2061 parant
1489 2009 1647 2060 epulas,

935 2084 1022 2121 quae
1039 2070 1080 2107 h.
1097 2069 1125 2107 1.
1155 2069 1262 2106 festae
1279 2078 1373 2105 sunt
1386 2096 1396 2114 ‚
1416 2079 1490 2104 nec
1518 2075 1649 2104 tamen

935 2143 985 2166 ex
1020 2128 1189 2164 victimis
1208 2139 1218 2164 :
1248 2138 1338 2162 nam
1370 2121 1528 2162 inferias
1560 2122 1649 2161 fieri

934 2185 1180 2222 vidimus.—
1189 2197 1204 2220 1
1212 2196 1236 2221 o
1246 2196 1261 2220 1
1271 2213 1280 2220 .
1291 2183 1437 2234 Vulgg.
1450 2183 1650 2220 onerant-

936 2257 1030 2294 que;
1046 2241 1114 2280 sed
1133 2255 1209 2292 que
1228 2249 1509 2292 post.onerant
1522 2252 1545 2276 a
1561 2240 1649 2290 plu·

935 2302 1044 2338 rimis
1065 2302 1166 2338 Pier.
1190 2297 1318 2350 (inter
1334 2311 1435 2348 quos
1445 2301 1648 2336 Romanus

936 2357 1015 2409 est)
1033 2366 1072 2395 et
1091 2358 1228 2395 Heius.
1240 2358 1363 2406 inque
1382 2355 1444 2393 his
1461 2368 1482 2392 a
1500 2353 1646 2392 Medic.

935 2417 1057 2453 abest.
1071 2416 1202 2452 Auras
1213 2417 1343 2464 Sprot.
1356 2415 1541 2463 Arasque
1553 2426 1648 2450 one-

935 2472 1318 2511 rachVall.——103,
1336 2473 1376 2506 V
1372 2470 1496 2507 eribus
1510 2472 1648 2508 Heius.

938 2543 1029 2568 cum
1046 2529 1246 2579 plerisque
1263 2529 1380 2565 etiam
1401 2530 1501 2566 Pier.
1514 2528 1648 2579 Vulgo

937 2587 1121 2626 verubus.
1160 2586 1209 2623 cf.
1248 2587 1287 2622 II
1318 2587 1463 2638 Georg.
1489 2586 1594 2635 3963
1628 2588 1647 2622 I

935 2649 1023 2684 AEn.
1047 2652 1143 2688 242.

1000 2702 1091 2740 105.
1125 2700 1307 2739 Phaeton
1339 2701 1380 2740 h.
1401 2701 1429 2740 l.
1453 2702 1537 2753 ipse
1566 2700 1645 2747 sol,

939 2770 982 2798 ut
1003 2774 1065 2811 ap.
1097 2761 1258 2798 Homer.
1284 2772 1385 2810 saepe
1403 2750 1534 2804 Ἠέλιος
1554 2757 1649 2809 φαέ-
1681 2808 1686 2813 ·
