1767 3054
103 195 212 252 260⁸

729 214 969 253 AENEIDOS

103 287 459 333 Pulverulentus
480 285 611 348 equis
635 285 768 344 furit3
798 302 958 332 omnes
983 301 1112 332 arma
1137 287 1398 349 requirunt.

1536 295 1597 327 625

103 366 213 409 Pars
238 363 352 409 levis
379 358 591 425 clypeos,
615 373 660 407 et
684 362 864 423 spicula
885 361 1041 407 lucida
1067 372 1255 424 tergunt

102 438 282 483 Arvina
306 437 490 500 pingui,
517 435 836 498 subiguntque.
862 435 910 480 in
931 447 1034 481 cote
1057 437 1257 494 securis3

104 513 340 574 Signaque
361 512 484 557 ferre
500 512 657 573 juvat,
680 508 955 568 sonitusque
981 508 1144 554 audire
1167 509 1402 556 tubarum.

97 587 327 648 'Quinque
354 586 471 631 adeo
498 599 676 646 magnae
701 582 866 644 positis
890 581 1143 628 incudibus
1164 582 1307 629 urbes

104 663 216 708 Tela
239 673 439 718 novant,
459 661 599 706 Atina
619 669 810 721 potens,
830 656 1075 718 Tiburque
1097 657 1380 719 superbum,

107 737 285 793 Ardea,
311 734 722 795 Crustumerique,
746 744 791 778 et
812 731 1058 793 turrigerae
1083 734 1341 777 Antemnae.

107 811 333 873 Tegmina
355 822 455 856 tuta
480 819 648 855 cavant
672 808 902 869 capitum,
928 806 1216 868 flectuntque
1237 806 1436 870 salignas

108 885 383 931 Umbonum
408 884 569 942 crati53
596 882 675 928 alii
697 881 915 928 thoracas
936 880 1134 940 ahenos,

110 965 206 1006 Aut
230 960 344 1005 levis
370 974 532 1004 ocreas
556 958 683 1004 lento
709 958 889 1004 ducunt
913 969 1129 1019 argent03

109 1034 325 1079 Vomeris
350 1033 464 1090 huc,
490 1043 536 1078 et
560 1033 690 1078 falcis
710 1032 884 1089 honos,
910 1032 1005 1078 huc
1030 1031 1180 1078 omnis
1203 1031 1349 1078 aratri

1545 1041 1606 1072 635

110 1108 256 1154 Cessit
282 1123 414 1153 amor
423 1126 435 1167 3
462 1118 727 1170 recoquunt
750 1107 929 1170 patrios
952 1106 1224 1155 fornacibus
1246 1106 1379 1154 ensis.

109 1248 144 1284 le
163 1246 347 1284 habebat.
369 1268 427 1275 —
454 1245 550 1283 625.
572 1245 824 1283 Pulverulen-

109 1315 191 1349 τμη
211 1305 269 1342 nil
286 1304 531 1354 frequentius
553 1303 627 1340 hac
655 1305 824 1354 imagine

109 1371 226 1400 motae
244 1375 388 1412 pugnae
401 1390 410 1407 ‚
430 1361 495 1398 vel
506 1375 643 1399 cursus
659 1363 826 1399 concita-

112 1421 236 1465 tioris,
253 1421 317 1457 vel
332 1419 535 1456 industriae
548 1429 587 1457 et
605 1419 748 1466 studii3
766 1416 826 1457 κό-

111 1491 187 1523 νις,
223 1476 488 1531 ἐγκενεῖσται,
515 1475 749 1520 κονίσσαλος.
769 1499 827 1505 -

115 1536 277 1573 Omneis
290 1548 405 1572 arma
419 1537 635 1585 requirunt,
649 1535 827 1572 debitum

113 1595 244 1631 Ennio
280 1607 359 1630 esse
395 1601 508 1629 notat
537 1593 717 1631 Macrob.
750 1596 827 1632 Sat.

113 1653 194 1697 VI,
221 1664 254 1688 1.
276 1651 352 1689 Sed
370 1651 413 1687 in
434 1664 469 1688 v,
494 1651 577 1688 626
598 1650 645 1687 ad
673 1658 829 1688 nostros

114 1708 249 1746 decori
268 1721 405 1746 sensus
428 1708 646 1759 exigendus
668 1721 749 1745 non
773 1716 830 1745 est

114 1767 237 1804 laevor
270 1774 308 1803 et
330 1766 541 1815 splendor,
577 1779 627 1803 ex
659 1768 830 1817 axungia

113 1833 153 1862 et
175 1824 292 1861 suillo
312 1823 425 1874 adipe
443 1823 457 1875 (
476 1821 613 1878 ἀργέτι
631 1819 742 1877 δημῳ
765 1838 828 1874 ap.

114 1881 360 1933 Homerum)
377 1882 577 1931 quaesitus.
599 1883 682 1920 Nec
704 1891 833 1919 tamen

114 1953 185 1990 per
208 1953 247 1976 se
271 1941 452 1986 tenuior,
478 1947 547 1976 aut
562 1941 681 1977 vilior
703 1941 761 1977 rei
777 1948 835 1977 est

115 1998 261 2048 species
274 2024 285 2044 ‚
309 2011 428 2047 quam
448 2010 617 2034 acumen
633 2011 683 2035 ex
702 2006 802 2035 cote.

175 2056 258 2105 629
278 2068 364 2105 sqq.
387 2054 663 2092 Voluntariam
681 2055 750 2092 has
766 2069 833 2092 ur-

116 2113 186 2150 bes
211 2113 393 2150 mih'tiam
423 2114 639 2163 suscepisse
668 2113 836 2164 putabat

118 2170 266 2217 Cerda,
291 2183 416 2220 quum
438 2172 576 2207 ceteris
599 2173 836 2222 imperatum

117 2237 237 2273 esset,
284 2236 330 2264 ut
370 2227 597 2267 militarent.
640 2228 836 2279 Equidem

117 2285 249 2321 verbis
270 2293 421 2322 tantum
445 2286 571 2322 inesse
588 2285 704 2323 video
726 2285 804 2323 hoc
824 2296 834 2323 ε

119 2354 203 2379 non
241 2342 360 2380 modo
394 2351 562 2394 agrestes
596 2342 835 2381 confluxisse

120 2399 193 2450 (ut
229 2400 307 2445 573
347 2413 426 2449 seq.
458 2409 662 2437 narratum
699 2399 831 2451 erat),

120 2468 259 2492 verum
289 2456 405 2492 etiam
438 2470 596 2508 magnas
615 2458 733 2495 urbes
752 2458 835 2495 bel-

120 2512 227 2550 laudi
280 2513 410 2550 studio
454 2516 654 2553 exarsisse.
704 2517 833 2565 Quin-

123 2583 201 2621 que
235 2579 365 2606 autem
417 2581 618 2618 numerat,
660 2581 705 2609 ut
741 2585 835 2622 poe-

123 2637 161 2665 ta
175 2655 186 2674 ‚
209 2628 275 2664 cui
298 2629 431 2664 omnia
454 2627 615 2665 definite
637 2629 836 2666 efferenda

123 2693 230 2723 sunt.
250 2684 402 2722 Debuit
423 2693 553 2721 tamen
581 2685 721 2723 harum
739 2687 839 2724 Latii

125 2742 288 2780 urbium
314 2743 558 2792 praecipuum
582 2755 731 2780 nomen
756 2757 838 2781 esse

125 2800 404 2850 antiquissimis
423 2799 667 2850 temporibus
690 2812 699 2838 :
720 2801 764 2838 in
793 2799 836 2837 fi-

124 2858 242 2896 nibus
271 2856 454 2911 quidem,
482 2856 727 2895 occidentem
751 2870 837 2895 ver·

889 1259 975 1292 sus,
990 1245 1249 1282 Crustumerii
1266 1253 1304 1283 et
1320 1245 1611 1283 Antemnarum

892 1303 939 1340 ad
959 1304 1153 1340 orientem
1179 1311 1309 1339 autem
1331 1304 1430 1340 Latii
1444 1331 1454 1350 ‚
1478 1304 1611 1340 Atinae

891 1363 933 1398 in
950 1361 1120 1399 Volscis,
1136 1383 1194 1389 ——-
1214 1361 1312 1399 630.
1340 1359 1461 1398 Tibur
1483 1373 1613 1411 super-

892 1419 983 1456 bum
1009 1432 1029 1455 a
1059 1417 1350 1470 magnificentia
1378 1419 1524 1469 partim
1560 1431 1611 1455 ex

893 1477 1039 1527 opibus
1065 1485 1104 1513 et
1130 1477 1262 1523 cultu,
1282 1478 1426 1527 partim
1449 1489 1499 1513 ex
1532 1477 1612 1514 situ

892 1536 935 1571 in
954 1533 1060 1571 edito
1070 1534 1177 1572 loco.
1192 1535 1334 1572 Astute
1347 1563 1358 1582 ,
1373 1547 1425 1571 ne
1441 1542 1612 1571 metrum

895 1600 1153 1642 repugnaret,
1173 1605 1248 1641 pro
1275 1591 1537 1629 Crustumerio
1558 1592 1612 1628 ci-

896 1662 962 1685 ves
985 1649 1251 1686 Crustumeros
1265 1649 1395 1687 dixit:
1407 1649 1484 1686 nisi
1504 1648 1613 1686 Crus-

896 1702 1050 1742 tumen*
1081 1706 1157 1742 fuit
1196 1719 1270 1756 pro
1316 1707 1577 1745 Crustumerii
1602 1720 1611 1745 :

895 1763 1006 1814 quod
1029 1776 1169 1800 verum
1196 1776 1277 1800 esse
1297 1765 1489 1814 suspicor.
1512 1767 1614 1815 Quae

896 1829 1116 1871 sequuntur
1131 1849 1141 1868 ,
1175 1820 1224 1858 ad
1260 1821 1330 1859 has
1362 1823 1614 1872 potissimum

900 1879 1018 1916 urbes
1038 1887 1229 1929 spectant,
1243 1887 1380 1916 ornate
1392 1893 1434 1916 ea
1452 1879 1614 1930 quidem

901 1939 1079 1987 exposita
1093 1965 1103 1984 ,
1127 1936 1195 1973 sed
1221 1937 1312 1974 satis
1342 1936 1390 1974 ab
1412 1937 1495 1974 aliis
1515 1950 1614 1988 quo-

900 2009 978 2045 que
1006 1995 1266 2044 frequentata.
1279 2016 1335 2023 —
1348 1995 1446 2033 631.
1471 1994 1615 2032 Ardua

902 2053 1025 2091 Goth.
1052 2065 1129 2090 sec.
1172 2053 1504 2103 Crustumerumq.
1541 2052 1614 2090 Ed.

901 2110 996 2149 Ald.
1009 2123 1071 2161 pr.
1084 2118 1122 2147 et
1133 2112 1159 2148 J
1163 2119 1249 2148 unt.
1261 2139 1271 2159 ‚
1286 2109 1521 2148 sed-emend.
1542 2119 1616 2148 sta—

903 2170 974 2205 tim
993 2171 1037 2205 in
1059 2167 1154 2206 Ald.
1171 2181 1247 2206 sec.
1273 2168 1613 2218 Crustumenumq.

902 2228 1061 2276 Menag.
1085 2239 1145 2276 pr.
1173 2224 1476 2276 Crustumiumq.
1489 2224 1612 2263 Goth.

902 2297 964 2333 pr.
975 2312 986 2331 ‚
999 2283 1107 2334 quod
1125 2296 1185 2334 ap.
1199 2284 1338 2321 Silium
1350 2283 1614 2335 legiturVIII‚

905 2341 983 2389 367
1014 2350 1053 2378 et
1075 2341 1297 2379 crustumia
1314 2341 1410 2391 pira
1431 2352 1518 2390 sup.
1540 2339 1612 2377 Ge.

900 2399 960 2447 ΙΙ,
981 2400 1048 2436 88.
1064 2400 1119 2436 Ec
1133 2398 1242 2435 abest
1257 2402 1374 2437 Rom.
1384 2398 1589 2435 Antennae
1600 2425 1611 2441 ,

899 2459 1103 2502 Aetennoe‚
1120 2457 1356 2500 Amtennae,
1378 2454 1544 2493 aberrat.
1564 2455 1614 2492 cf.

900 2516 1040 2552 Heins.
1055 2535 1113 2542 --
1128 2513 1226 2550 632.
1262 2511 1352 2549 Alii
1384 2511 1510 2563 galeas
1546 2525 1614 2549 cu-

901 2571 1018 2617 dunt,
1057 2579 1124 2607 aut
1170 2568 1352 2620 salignea·
1393 2568 1616 2608 Umbonum

903 2637 1055 2674 crates,
1089 2635 1199 2664 scuta
1232 2626 1281 2663 de
1312 2626 1459 2663 vimine
1485 2627 1586 2664 facta
1603 2655 1614 2674 ,

903 2686 1020 2723 coriis
1053 2682 1240 2721 inductis.
1271 2704 1328 2712 --
1351 2683 1448 2721 636.
1496 2687 1618 2722 Reco-

901 2750 1050 2793 quunt‚
1083 2742 1343 2778 instrumenta
1372 2741 1437 2778 illa
1470 2743 1617 2779 rustica

899 2798 1108 2850 liquefacta
1139 2798 1348 2837 recudunt.
1382 2801 1469 2836 Hoc
1509 2798 1618 2850 apud

899 2860 1059 2906 Lucret.
1079 2858 1137 2905 V,
1166 2869 1271 2908 1292
1292 2868 1302 2895 :
1327 2856 1428 2895 Inde
1448 2855 1619 2896 minuta-
