1767 3054
156 199 235 224 22²

782 187 1022 228 AENEIDOS

162 262 300 305 More
321 257 458 306 daret*
473 258 685 322 populis,
710 269 1067 321 sceptrumque,
1088 275 1311 321 sacerque
1336 259 1500 317 tiaras,

169 332 464 395 Iliadumque
490 333 645 391 labor,
672 343 838 378 vestes,
864 353 883 373 »

233 401 426 454 Talibus
450 407 615 453 Ilionei
636 407 771 452 dietis
797 406 949 452 delixa
973 406 1166 454 Latinus

171 480 360 528 Obtutu
385 493 510 526 tenet
535 497 641 537 ora,
667 480 862 540 soloque
887 479 1125 526 inmobilis
1149 481 1318 540 haeret,

1605 489 1663 519 250

170 556 381 600 Intentos
407 554 598 599 volvens
620 553 800 610 oculos3
827 568 914 597 nec
938 569 1154 614 purpura
1173 570 1330 616 regem

171 627 302 672 Picta
323 639 479 672 movet
491 661 503 683 ,
529 643 615 672 nec
639 636 823 687 sceptra
843 637 1034 671 movent
1053 627 1284 672 Priameia
1303 638 1481 673 tantum
1497 661 1508 683 ,

173 705 416 758 Quantum
440 702 488 746 in
508 700 745 746 connubio
768 711 887 745 natae
907 700 1208 762 thalamoque
1232 713 1468 757 moratur,

175 777 235 821 Et
258 776 430 821 veteris
453 776 603 821 Fauni
626 775 775 821 volvit
797 774 886 821 sub
907 787 1098 836 pectore
1121 785 1309 821 sortem.

177 853 317 896 Hunc
341 850 472 896 illum
493 851 598 896 fatis
620 862 814 896 externa
833 850 893 896 ab
919 849 1029 896 sede
1049 850 1314 912 profectum

1608 857 1667 888 255

177 923 400 970 Portendi
422 940 669 985 generum,
696 924 984 987 paribusque
1004 924 1053 970 in
1072 941 1217 987 regna
1240 924 1402 970 vocari

180 998 415 1059 Auspiciis
442 1017 451 1043 :
475 998 588 1044 huic
608 999 884 1062 progeniem
907 1001 1083 1045 virtute
1108 1000 1316 1046 futuram

181 1071 452 1133 Egregium,
478 1082 525 1117 et
546 1082 698 1118 totum
718 1090 822 1135 quae
841 1073 1023 1120 viribus
1048 1085 1247 1134 occupet
1266 1072 1444 1119 orbem.

181 1145 391 1192 Tandem
416 1147 549 1193 laetus
574 1147 639 1192 ait
661 1165 669 1192 ι
698 1170 717 1190 «
740 1149 803 1194 Di
825 1160 987 1195 nostra
1005 1149 1192 1210 incepta
1210 1147 1488 1205 secundent,

183 1222 547 1282 Auguriumque
568 1226 726 1268 suum!
750 1223 977 1281 Dabitur,
1002 1224 1228 1285 Trojane,
1256 1222 1384 1285 quod
1408 1233 1555 1285 optas.
1612 1233 1670 1262 260

185 1298 388 1341 Munera
412 1311 498 1341 nec
522 1313 710 1357 sperno.
735 1301 843 1344 Non
867 1297 1026 1355 vobis,
1047 1313 1157 1359 rege
1182 1298 1373 1354 Latino,

184 1370 357 1416 Divitis
381 1369 502 1416 uber
524 1372 646 1433 agri,
671 1373 885 1435 Trojaeve
911 1372 1153 1435 opulentia
1172 1373 1336 1419 deerit.

182 1551 333 1587 litatem
349 1551 391 1587 in
413 1550 474 1585 his
494 1552 606 1599 sequi
625 1560 739 1601 poeta
756 1553 899 1590 noluit.

186 1614 343 1653 —247.
359 1606 497 1644 Paullo
515 1608 696 1645 callidior
708 1611 795 1658 quis
812 1622 903 1647 con-

185 1666 329 1712 jectare
362 1664 484 1713 possit
504 1675 513 1700 :
538 1666 623 1700 Hoc
643 1664 798 1702 Priami
813 1680 903 1718 ges-

191 1730 329 1758 tamen
349 1730 437 1757 erac
457 1741 516 1748 -—
535 1731 727 1770 sceptrum
739 1738 754 1767 ‚·
784 1726 905 1760 Assa-

190 1777 354 1827 racique
383 1777 536 1821 tiaras;
569 1779 823 1829 Iliadumque
846 1781 904 1816 Ια-

192 1835 262 1872 bor
276 1843 422 1871 vestes.
435 1856 494 1862 —
505 1836 605 1870 Jura
622 1836 741 1872 darec
759 1850 796 1874 v.
814 1850 902 1887 sup.

189 1895 209 1929 I
222 1919 233 1938 ‚
267 1892 363 1938 507.
388 1893 463 1929 Jus
481 1891 611 1928 dicere
624 1919 635 1938 ‚
658 1893 904 1942 praecipuum

188 1961 338 1986 munus
353 1956 533 1984 veterum
548 1962 686 1999 regum
701 1949 820 1986 fuisse
837 1963 905 1987 no·

190 2014 280 2043 tum
306 2013 386 2050 est3
418 2006 549 2054 itaque
578 2006 626 2041 ab
647 2006 723 2042 hoe
743 2019 905 2044 munere

193 2075 334 2100 eorum
370 2061 538 2110 dignitas
570 2061 757 2100 declarari
792 2064 903 2102 solet.

191 2117 337 2157 Sedent
372 2127 503 2155 autem
533 2120 597 2166 jus
631 2119 779 2156 dicturi
815 2133 906 2157 cum

195 2177 365 2225 sceptro.
408 2175 474 2212 Ad
513 2176 590 2212 hoe
627 2176 907 2214 illustrandum

196 2232 377 2269 Guellius
392 2232 569 2268 laudavit
584 2233 773 2283 Apollon.
793 2232 881 2284 (IV
895 2263 905 2281 ,

201 2302 217 2325 1
232 2302 304 2336 177
322 2289 336 2339 )
361 2297 400 2325 et
416 2289 632 2326 Pindarum
660 2289 804 2340 (Pyth.
824 2293 881 2327 IV
895 2319 905 2337 ‚

199 2357 281 2391 270
305 2359 389 2394 sqq,
407 2345 421 2394 )
439 2374 448 2391 ‚
484 2346 553 2383 sed
571 2359 631 2383 res
655 2360 702 2383 ex
732 2349 907 2385 Homero

195 2402 287 2437 satis
320 2403 449 2440 obvia.
485 2404 626 2439 Tlaras
657 2404 876 2454 improprie
893 2432 904 2450 ‚

195 2471 336 2508 nempe
374 2459 577 2509 Phrygum
611 2461 760 2509 pileus,
785 2474 905 2510 quem

195 2513 280 2551 aliis
306 2515 403 2550 locis
434 2516 593 2552 mitram
612 2517 736 2563 dixit3
757 2531 796 2555 v.
815 2531 903 2568 sup.

194 2573 278 2615 IV,
315 2572 396 2607 216
412 2599 422 2616 ,
456 2571 514 2607 ibi
534 2586 572 2609 v.
604 2573 707 2611 conf.
731 2574 801 2613 inf.
820 2576 878 2613 IX
895 2603 905 2622 ,

195 2628 293 2665 616.
327 2628 451 2663 Sacer
477 2635 630 2665 tantum
665 2629 713 2666 ad
744 2644 905 2668 venera-

195 2685 344 2722 tionem
380 2684 522 2722 Priami
559 2686 687 2723 valere
720 2687 877 2725 videtur
889 2716 900 2734 ‚

194 2749 240 2780 ut
254 2750 467 2793 augustum
483 2741 678 2792 significet
705 2753 901 2783 ornatum.

196 2798 337 2848 Vestes>
353 2807 485 2836 autem
503 2808 597 2836 sunt
616 2799 801 2851 Phrygia·
821 2802 903 2839 vul-

968 1566 1019 1603 go
1047 1552 1162 1590 dictae
1175 1581 1185 1600 ‚
1205 1566 1227 1590 a
1247 1553 1427 1601 Trojanis
1445 1552 1677 1590 mulieribus

969 1623 1042 1647 acu
1064 1612 1203 1659 pictae‚
1230 1609 1328 1664 ἔργει
1346 1612 1552 1663 γυναικῶν.
1573 1611 1676 1648 Mox

969 1666 1103 1704 eadem
1114 1681 1292 1717 purpura
1302 1666 1431 1716 picta.

1030 1725 1270 1773 249—258.
1308 1726 1355 1760 In
1391 1723 1523 1774 primo
1562 1735 1677 1759 versu

970 1780 1081 1817 Iliad.
1101 1794 1142 1834 γ,
1183 1794 1262 1828 217
1279 1808 1290 1827 ,
1321 1780 1371 1816 de
1392 1780 1534 1830 Ulysse
1556 1779 1675 1816 verba

969 1836 1149 1883 faciente,
1171 1850 1401 1888 expressum
1416 1849 1497 1874 esse
1513 1835 1678 1882 volunt3

970 1895 1087 1930 nimis
1121 1893 1249 1932 docte.
1290 1894 1520 1932 Communis
1552 1895 1585 1930 is
1622 1902 1681 1931 est

973 1952 1051 1987 oris
1082 1950 1241 1988 habitus
1276 1964 1438 1998 eorum,
1474 1951 1544 2000 qui
1576 1958 1681 1987 stant

971 2007 1036 2044 vel
1064 2008 1202 2045 sedent
1223 2007 1493 2059 cogitabundi.
1520 2009 1577 2044 Ita
1605 2006 1676 2044 inf.

973 2078 1010 2102 v.
1034 2065 1263 2114 291;conf.
1281 2078 1368 2115 sup.
1390 2067 1431 2110 I,
1459 2065 1561 2112 226,
1582 2065 1677 2100 228.

973 2121 1108 2158 Fauni
1135 2131 1278 2159 sortem
1304 2135 1392 2172 sup.
1427 2135 1466 2160 V.
1488 2122 1542 2172 95
1569 2133 1676 2171 seqq.

973 2178 1139 2214 Paribus
1155 2178 1362 2229 auspiciis,
1391 2179 1678 2216 communicato

973 2247 1109 2285 regno.
1138 2250 1176 2274 v.
1205 2237 1277 2274 inf.
1304 2238 1408 2282 XII,
1443 2248 1543 2284 190,
1586 2247 1676 2283 191.

974 2293 1035 2329 Sic
1061 2295 1143 2338 IV,
1180 2305 1257 2330 102
1295 2292 1546 2329 Communem
1576 2290 1679 2327 hanc

974 2361 1066 2399 ergo
1086 2351 1281 2399 populum
1302 2343 1540 2398 paribusque
1562 2361 1676 2399 rega-

975 2418 1058 2441 mus
1079 2406 1288 2456 Auspiciis.
1307 2427 1365 2434 ——
1382 2398 1434 2442 25
1440 2405 1476 2442 8.
1505 2405 1603 2454 Quae
1618 2406 1678 2442 vi-

970 2461 1096 2506 ribus,
1132 2463 1173 2500 h.
1203 2461 1436 2500 fortitudine
1464 2468 1504 2497 et
1532 2463 1677 2499 virtute

971 2517 1132 2564 bellica3
1169 2526 1217 2555 ut
1250 2519 1299 2555 sit
1332 2514 1458 2567 βίῃφιν
1497 2518 1677 2555 Homeri-

971 2587 1088 2620 cum;
1116 2575 1192 2615 nisi
1222 2587 1297 2624 pro
1326 2574 1495 2624 imperio
1525 2573 1676 2613 dictum

970 2631 1148 2680 accipias.

1028 2685 1268 2737 259—-267,
1307 2687 1531 2739 Augurium
1560 2703 1672 2730 suum

967 2743 1008 2783 h.
1027 2752 1194 2789 sortem,
1214 2745 1340 2781 Fauni
1356 2745 1573 2786 oraculum.
1590 2750 1676 2786 Mu-

969 2813 1066 2839 nera
1096 2814 1168 2838 nec
1193 2813 1331 2851 sperno
1345 2816 1361 2848 ,·
1394 2802 1535 2841 lubens
1568 2807 1671 2843 aeci-
