1767 3054
203 136 280 181 148

826 136 1068 175 AENEIDOS

196 205 307 251 Vidi
328 215 374 251 et
393 204 597 252 crudelis
621 203 809 251 dantem
831 206 1078 252 Salmonea
1100 223 1282 270 poenas,

1635 221 1694 253 585

196 282 323 325 Dum
344 280 552 326 flammas
577 284 602 326 J
607 279 708 326 ovis
731 292 776 326 et
801 280 979 327 sonitus
1003 282 1215 330 imitatur
1239 284 1447 347 Olympi.

198 357 417 411 Quatuor
438 355 515 400 hic
540 355 753 401 invectus
774 356 931 417 cquis,
959 367 1004 402 et
1026 357 1243 421 lampada
1266 376 1512 422 quassans,

196 431 284 474 Per
305 429 501 475 Graium
525 430 727 491 populos
753 429 1013 490 mediaeque
1037 448 1124 493 per
1145 434 1294 480 Elidis
1322 434 1489 481 urbem

196 502 303 549 Ibat
324 521 490 561 ovans,
516 505 774 565 divumque
796 503 887 550 sibi
911 505 1139 567 poscebat
1163 507 1394 556 honorem
1408 546 1421 569 ‚

196 581 422 624 Demens!
448 579 530 640 qui
554 578 762 636 nimbos,
790 589 835 624 et
857 595 952 625 non
972 580 1201 628 imitabile
1224 583 1400 630 fulmen

198 654 308 697 AEre
327 662 373 696 et
397 653 707 715 cornipedum
731 654 870 715 pulsu
894 655 1137 701 simularat
1159 661 1416 717 equorum!

200 733 261 773 At
281 739 416 789 pater
436 728 732 790 omnipotens
757 729 900 776 densa
919 730 1042 777 inter
1065 730 1230 778 nubila
1253 733 1398 779 telum

199 802 461 861 Contorsit3
481 818 575 848 non
597 803 673 849 ille
700 804 845 863 faces,
867 822 955 852 nec
980 806 1138 853 fumea
1163 806 1296 854 taedis

262 986 504 1035 585—594.
531 985 624 1024 Vidi
638 987 800 1024 dantem
828 1001 911 1037 ρω-

201 1056 297 1090 nas,
327 1044 420 1081 dum
456 1043 634 1082 imitatur
665 1059 678 1081 .·
703 1058 799 1095 pro,
823 1045 915 1082 dan-

199 1110 278 1138 tem
300 1115 457 1152 poenas,
480 1102 588 1152 quod
615 1104 790 1140 imitatus
820 1112 916 1140 erat.

199 1160 356 1197 Scilicet
390 1173 465 1210 pro
503 1159 577 1198 deo
613 1161 750 1198 haberi
775 1161 915 1198 voluit.

200 1220 360 1257 Sonitus
395 1219 468 1264 0.,
510 1220 698 1257 tonitrua.
734 1241 791 1247 -—-
820 1219 916 1255 588.

199 1277 460 1326 stlediamque
493 1278 650 1327 Menag.
681 1290 742 1327 pr.
785 1276 915 1323 bene,

202 1334 270 1371 sed
304 1335 471 1372 alterum
505 1332 675 1371 doctius.
705 1334 918 1384 ,Medioque

199 1395 338 1431 Franc.
355 1391 494 1427 Urbem
516 1393 639 1429 miror
659 1404 678 1428 a
693 1393 850 1428 nemine
863 1405 918 1428 es-

199 1464 240 1487 se
269 1449 547 1488 sollicitatam:
582 1462 670 1502 quae
712 1450 817 1486 enim
850 1449 917 1486 illa

198 1507 295 1546 urbs
324 1507 475 1544 Elidis?
499 1521 588 1557 quae
616 1507 786 1546 heroicis
819 1515 917 1544 tem-

197 1565 366 1618 poribus
388 1578 462 1602 nec
495 1567 637 1604 urbem
665 1579 712 1603 eo
731 1566 917 1610 nomine,

200 1638 274 1661 nec
306 1621 425 1661 urbes
455 1626 622 1662 omnino
655 1623 815 1670 habuit,
851 1621 919 1659 sed

198 1684 307 1719 vicos
321 1709 330 1727 ‚
356 1681 484 1718 multo
506 1691 596 1732 post
613 1683 657 1719 in
678 1682 832 1719 Elidem
852 1693 918 1716 ur-

199 1741 291 1778 bem
311 1746 535 1776 contractos
552 1738 619 1789 (v.
640 1739 779 1777 Strabo
796 1738 917 1783 VIII,

200 1813 240 1850 p.
284 1797 366 1835 336
395 1795 486 1847 D);
519 1797 638 1834 urbes
669 1805 801 1833 autem
836 1807 920 1831 non

201 1857 279 1893 nisi
299 1855 436 1892 serius.
465 1855 505 1892 Si
531 1869 602 1904 per
618 1854 821 1904 prolepsin
838 1851 919 1888 dic-

200 1922 287 1950 tum
300 1939 311 1958 ,
337 1911 613 1960 accipiendum
627 1938 638 1955 ‚
657 1924 730 1960 per
750 1909 919 1946 mediam

201 1970 342 2008 urbem
393 1967 558 2006 Elidem.
607 1970 759 2005 Verum
797 1965 920 2004 Elidis

201 2028 297 2065 urbs
322 2025 532 2062 Salmonia
560 2025 623 2062 vel
651 2025 841 2062 Salmone
867 2023 917 2060 ad

202 2084 405 2135 Alpheum
417 2081 670 2133 intelligenda
683 2110 694 2128 ‚
705 2095 823 2132 quam
840 2081 917 2120 Sal-

201 2154 368 2179 moneus
399 2143 481 2178 sive
511 2139 712 2186 condidit,
742 2141 823 2176 sive
854 2140 915 2175 in-

202 2199 405 2236 habitavit.
438 2198 518 2236 vid.
561 2197 701 2235 Strabo
736 2197 762 2235 l.
803 2210 836 2234 c.
873 2210 912 2246 p.

205 2257 300 2293 856.
318 2259 376 2302 D;
394 2256 560 2293 Diodor.
573 2257 645 2301 IV,
658 2256 725 2292 68.
741 2255 840 2292 Pisae
851 2268 915 2292 ne-

205 2326 317 2350 mora
351 2323 389 2350 ec
411 2314 538 2350 Elidis
557 2326 676 2363 agros
704 2326 778 2350 suo
806 2326 915 2351 more

200 2379 391 2407 memorat
409 2372 582 2407 imitator
599 2371 679 2407 loci
702 2370 834 2408 Valet.
857 2372 914 2409 Fl.

201 2431 245 2475 1,
284 2428 364 2464 662
399 2441 456 2477 sq.
482 2431 562 2464 Per
582 2428 778 2465 Hellados
805 2428 916 2466 urbes

202 2486 309 2533 conj.
322 2487 347 2522 J
350 2498 387 2522 o.
406 2485 611 2522 Schrader.
632 2486 675 2521 in
687 2485 916 2523 schedis.—

200 2542 508 2592 Medioequeper
523 2541 652 2578 Elidis
664 2543 795 2579 urbem
809 2558 822 2580 .·
841 2557 913 2581 no-

196 2613 287 2638 vam
297 2599 438 2637 urbem
451 2612 469 2634 a
483 2599 690 2637 Salmoneo
701 2600 914 2646 conditam,

197 2657 457 2701 Salmoniam,
486 2656 533 2692 ad
553 2656 751 2706 Alpheum
765 2686 775 2703 ‚
799 2658 915 2694 adeo-

197 2728 276 2766 que
294 2716 338 2752 iu
356 2713 482 2751 media
505 2713 616 2751 Elide
639 2716 751 2751 sitnm
766 2743 776 2760 ‚
799 2715 914 2752 intel-

197 2772 318 2826 ligere
364 2772 518 2824 potuit;
561 2770 694 2808 eadem
750 2772 914 2809 fulmine

980 988 1237 1039 conflagrasse
1249 990 1375 1027 fertur
1391 991 1496 1040 apud
1509 991 1696 1042 Apollod.

982 1048 1028 1092 I,
1060 1060 1110 1096 9,
1151 1061 1188 1094 7.
1218 1049 1286 1095 Si,
1315 1048 1425 1098 quod
1458 1062 1509 1086 ex
1534 1051 1698 1099 poeticae

982 1106 1171 1142 orationis
1191 1118 1266 1142 usu
1291 1105 1417 1143 facere
1444 1106 1559 1152 licet,
1575 1108 1698 1158 ipsam

983 1163 1148 1206 urbem,
1166 1162 1342 1208 Elidem,
1363 1163 1596 1201 declaratam
1618 1178 1698 1202 esse

985 1220 1214 1268 contendis,
1245 1229 1291 1258 ut
1318 1220 1447 1258 Elidis
1473 1221 1560 1258 urbs
1595 1221 1698 1259 dicta

983 1280 1034 1316 sit
1054 1291 1129 1328 pro
1153 1278 1266 1316 Elide
1279 1306 1289 1325 ,
1303 1291 1378 1327 per
1405 1292 1496 1316 eam
1523 1279 1695 1316 mediam

983 1338 1085 1382 ibat,
1101 1346 1176 1375 etc.
1188 1344 1273 1373 tum
1293 1336 1508 1373 dicendum
1519 1364 1529 1382 ‚
1544 1345 1700 1387 poetam

983 1408 1122 1446 parum
1134 1402 1313 1432 accurate
1331 1407 1402 1444 per
1422 1394 1625 1444 prolepsin
1638 1406 1699 1431 ur-

983 1453 1074 1490 bem
1089 1453 1212 1490 serius
1230 1451 1431 1488 conditam
1450 1463 1698 1488 memorasse.

983 1532 1042 1539 —-
1064 1511 1157 1561 590.
1190 1511 1388 1553 Demeam
1408 1523 1458 1546 ex
1480 1505 1627 1551 Niriz-:teg
1651 1508 1698 1544 ΙΙ.

985 1567 1030 1617 β,
1060 1581 1099 1606 v.
1125 1568 1174 1605 38
1198 1575 1236 1604 et
1256 1567 1304 1604 al.
1340 1565 1542 1616 Σχέτλιος,
1565 1563 1603 1609 ὃς
1623 1573 1698 1602 etc.

984 1625 1097 1664 Iliad.
1128 1638 1164 1669 ε,
1208 1625 1288 1669 403
1324 1624 1373 1661 de
1408 1623 1580 1661 Hercule
1592 1651 1603 1669 ‚
1630 1622 1701 1672 qui

985 1684 1195 1721 Plutonem
1213 1682 1348 1732 sagitta
1367 1689 1622 1730 percusserat.
1642 1701 1700 1708 —-

988 1742 1040 1790 59
1052 1754 1083 1778 1.
1102 1739 1225 1777 Pulsa
1235 1740 1372 1776 Heius.
1385 1739 1536 1788 recepit
1545 1750 1596 1774 ex
1612 1738 1699 1774 Me-

985 1798 1063 1836 dic.
1078 1810 1163 1834 am.
1182 1810 1244 1847 pr.
1262 1805 1301 1833 et
1317 1794 1422 1832 Gud.
1443 1802 1586 1845 praeter
1605 1793 1699 1831 alios

986 1853 1091 1904 apud
1114 1856 1250 1889 Burm.
1273 1853 1526 1899 etvmajorem
1548 1859 1698 1901 partem

986 1913 1086 1949 Pier.
1100 1938 1110 1956 ,
1141 1911 1246 1946 inter
1281 1921 1381 1959 quos
1417 1912 1534 1947 Rom.
1554 1921 1564 1955 ;
1604 1907 1700 1945 adde

986 1967 1266 2019 fragm.Vatie.
1291 1979 1312 2002 a
1334 1979 1386 2004 m.
1406 1979 1468 2017 pr.
1491 1964 1611 2003 Haud
1631 1964 1700 2002 du-

982 2027 1048 2063 bie
1066 2025 1294 2077 elegantiuS.
1318 2025 1402 2062 Alii
1429 2032 1469 2061 et
1495 2023 1585 2061 edd.
1605 2022 1699 2060 inde

983 2085 1032 2122 ab
1052 2083 1180 2130 Aldo,
1203 2083 1600 2132 interpretamentum
1628 2080 1697 2118 ha-

981 2142 1104 2179 bent:
1124 2153 1255 2185 cursu,·
1282 2139 1347 2177 alii
1363 2151 1492 2176 curru.
1509 2136 1695 2176 Rottend.

980 2213 1042 2250 pr.
1057 2212 1077 2235 a
1088 2213 1140 2237 m.
1155 2211 1231 2236 sec.
1246 2210 1389 2235 cursus.
1409 2195 1622 2234 Simularec
1630 2193 1698 2231 ali-

983 2265 1083 2307 quot
1115 2257 1216 2294 Pier.
1262 2262 1307 2292 et'
1338 2256 1516 2305 quinque
1559 2253 1694 2288 Burm.

983 2327 1075 2351 cum
1101 2314 1238 2365 fragm.
1271 2313 1399 2350 Vatic.
1423 2324 1442 2347 a
1471 2323 1524 2347 m.
1543 2322 1605 2359 pr.
1632 2308 1697 2346 alii

981 2371 1206 2409 simulabat.
1219 2371 1383 2407 -AEre
1401 2367 1561 2416 etpulsu
1580 2379 1695 2417 equo-

981 2443 1066 2466 rum
1083 2443 1096 2465 .·
1112 2440 1213 2466 aereo
1228 2438 1372 2472 curru3
1391 2433 1429 2462 et
1443 2424 1544 2461 forte
1557 2451 1567 2469 ‚
1585 2424 1696 2474 quod

981 2486 1156 2523 additum
1191 2484 1240 2521 ab
1264 2483 1368 2528 aliis,
1399 2482 1508 2518 aereis
1540 2481 1696 2518 laminis

980 2546 1024 2580 in
1042 2543 1128 2580 solo
1142 2541 1345 2578 substratis
1357 2566 1367 2586 ,
1387 2551 1484 2588 quas
1501 2551 1694 2589 equorum

981 2599 1141 2651 ungulae
1172 2596 1570 2648 pulsarent.-593.
1599 2597 1694 2633 Non

979 2657 1048 2694 ille
1061 2655 1178 2707 faces
1196 2654 1273 2691 hoc
1296 2654 1410 2691 valde
1428 2667 1548 2691 suave
1564 2653 1613 2691 ad
1633 2653 1695 2691 de-

979 2711 1234 2764 primendum
1288 2711 1551 2751 Salmoneum.
1599 2715 1696 2750 Tres

981 2779 1092 2809 erant
1121 2768 1279 2808 dicendi
1309 2770 1512 2817 formulae,
1537 2783 1585 2808 ex
1604 2770 1690 2820 qui-
