1767 3054
758 99 911 137 Ltmm
942 101 991 135 v.
1568 112 1615 147 τι

121 178 265 222 Farre
289 176 391 239 pio,
414 185 461 221 et
484 173 623 236 plena
645 172 845 235 supplex
869 182 1124 216 veneratur
1147 188 1323 218 acerra.
1561 184 1620 223 τῆς

188 251 434 314 Extemplo
459 249 611 296 socios
638 249 942 311 primumque
964 248 1158 293 arcessit
1178 251 1403 304 Acesten,

121 328 179 372 Et
197 327 327 373 Jovis
349 323 625 387 imperium,
647 334 693 369 et
717 323 815 368 cari
838 333 1078 384 praecepta
1103 323 1312 384 parentis

120 399 319 456 Edocet,
343 409 390 445 et
411 415 515 460 quae
540 414 666 444 nunc
691 397 848 443 animo
869 396 1102 443 sententia
1125 406 1322 442 constet.

119 473 258 520 Haud
284 490 419 520 mora
439 473 668 531 consilii53
688 490 774 519 nec
789 473 919 536 jussa
939 482 1125 519 recusat
1149 475 1356 518 Acestes.

115 549 457 596 Transcribunt
479 548 589 595 urbi
615 560 810 605 matres,
839 548 1165 611 populumque
1184 547 1423 594 volentem
1560 558 1618 597 750

117 628 400 688 Deponunt,
425 625 605 671 animos
631 625 694 670 nil
721 640 901 687 magnae
925 623 1076 670 laudis
1101 635 1305 686 egentes.

116 702 212 764 Ipsi
237 712 442 748 transtra
459 714 662 759 novant,
684 701 977 762 flammisque
1002 698 1193 745 ambesa
1218 709 1455 761 reponunt

116 775 311 823 Robora
336 777 560 839 navigii53
586 786 749 839 aptant
773 791 1022 838 remosque
1043 774 1375 836 rudentisque3

117 950 199 988 Alii
227 952 354 1000 ipsam
387 953 546 987 Vestam
575 951 830 1003 intelligunt;

116 1007 226 1058 quod
260 1009 406 1046 durum
436 1016 493 1045 est
519 1021 528 1046 z
561 1022 634 1045 nec
673 1012 833 1047 Vestam

116 1079 187 1116 per
215 1069 353 1104 Larem
391 1066 602 1111 declarari,
634 1076 701 1104 ant
730 1069 834 1104 inter

116 1126 231 1161 Lares
251 1123 389 1162 referri
415 1123 510 1160 widi.
534 1123 672 1161 Malim
694 1123 743 1160 de
762 1128 835 1160 Pe-

117 1182 273 1219 natibus
305 1183 500 1232 accipere,
530 1182 601 1231 qui
634 1194 709 1233 pro
739 1184 834 1219 Lare

116 1242 150 1277 Τ
152 1240 246 1288 rojae
264 1241 430 1278 omnino
458 1238 618 1285 haberi,
643 1248 761 1290 atque
780 1241 833 1276 ita

116 1306 244 1347 poetae
272 1298 460 1348 appellari
487 1306 684 1349 poterant.
710 1297 759 1335 cf.
780 1299 830 1334 si·

115 1355 250 1393 milem
269 1356 404 1394 locum
435 1369 521 1406 sup.
551 1357 632 1401 III,
668 1356 744 1399 148
770 1369 828 1406 sq.

120 1415 221 1462 176,
249 1427 324 1462 177
343 1427 354 1460 ;
374 1414 476 1451 adde
498 1415 556 1460 ΙΙ,
582 1414 661 1463 293
682 1427 739 1464 sq.
759 1416 827 1450 La-

113 1485 174 1510 res
201 1481 334 1510 autem
364 1481 403 1510 et
429 1474 593 1510 Penates
616 1474 834 1522 permutari

112 1530 291 1568 sollenne
325 1538 395 1569 est.
431 1529 668 1567 penetralia
701 1532 832 1567 Vestoe

112 1601 187 1638 pro
210 1591 333 1626 Vesta
361 1588 485 1633 dixit,
503 1600 593 1638 quae
620 1588 759 1624 intima
780 1601 831 1624 ae-

113 1645 225 1683 dium
243 1655 377 1697 parte,
408 1645 532 1683 velata
560 1654 599 1682 et
628 1645 679 1682 ab
704 1645 832 1683 homi-

111 1717 210 1742 num
233 1704 420 1756 adspectu
449 1704 621 1750 intacta,
649 1703 831 1740 servaba-

112 1770 190 1800 tur.
212 1765 375 1800 AEneam
392 1763 528 1812 itaque
543 1762 670 1813 cogita
688 1761 737 1798 ad
755 1761 831 1799 hoe

112 1819 258 1857 aedium
283 1820 482 1871 penetrale
505 1833 742 1858 conversum
770 1833 829 1856 sa-

113 1890 180 1914 cra
218 1878 367 1916 secisse.
411 1878 528 1914 Cana
565 1879 684 1914 Vesta
701 1907 713 1923 ‚
765 1877 829 1915 vel

112 1944 276 1986 propter
292 1936 493 1985 antiquam
513 1934 763 1985 religionem,
784 1944 830 1971 ut

114 1996 153 2040 1,
181 2007 262 2044 29²
287 2006 395 2030 cana
423 1991 565 2037 Fides,
584 1992 648 2028 vel
676 1993 785 2042 quod
807 2006 828 2029 e

112 2050 337 2090 senioribus
355 2051 450 2097 diis,
472 2051 540 2101 qui
553 2050 632 2096 jam
656 2058 746 2086 ante
762 2052 787 2088 J
790 2063 828 2087 o-

112 2111 171 2146 vis
194 2111 310 2160 pueri
332 2121 501 2159 regnum
525 2107 669 2144 coelum
695 2115 828 2144 tenue-

112 2176 207 2205 runt
219 2195 231 2214 ,
249 2180 329 2205 una
347 2175 417 2204 est.
441 2169 517 2203 Res
537 2178 587 2203 ex
607 2164 829 2216 theogoniis

112 2234 220 2263 nota.
250 2224 373 2276 Quod
409 2232 524 2274 poeta
555 2221 676 2260 thuris
710 2236 828 2260 usum

111 2283 281 2322 heroicis
315 2281 560 2332 temporibus
588 2280 751 2327 tribuit,
783 2282 826 2319 in

110 2355 179 2387 eo,
196 2342 277 2379 suis
292 2342 414 2392 magis
430 2337 689 2390 temporibus,
707 2352 824 2389 quam

113 2401 169 2436 rei
199 2400 355 2436 veritati
391 2397 648 2448 obtemperat.
686 2396 826 2434 Iliacis

111 2456 361 2507 temporibus,
380 2464 522 2494 notum
541 2463 598 2492 est
613 2468 663 2491 ex
679 2455 823 2502 Plinio,

113 2528 186 2552 nec
209 2513 321 2552 thure
339 2512 644 2565 supplicabatur,
667 2512 716 2550 de
740 2527 822 2564 quo

111 2573 158 2610 cf.
183 2571 299 2611 Cerd.

172 2630 269 2678 746.
293 2628 472 2667 Accersit
495 2629 596 2667 male
622 2629 711 2668 edd.
736 2638 824 2668 ante

109 2690 332 2735 Heius—7
341 2688 453 2733 48.S.
461 2697 600 2740 surgat
613 2689 822 2739 pr.M0ret.

112 2753 158 2786 ut
172 2747 246 2796 lx,
263 2747 414 2799 19131,
431 2746 526 2784 582.
541 2744 616 2784 Sed
629 2759 665 2785 v.
685 2747 822 2784 Heius.

900 964 988 1002 sup.
1014 950 1063 988 ad
1079 964 1137 988 vs.
1161 951 1257 995 486,
1292 950 1363 987 ubi
1393 959 1549 1002 poetam
1578 951 1619 987 in

900 1010 961 1046 his
978 1008 1174 1047 variandae
1190 1009 1382 1047 orationis
1396 1007 1619 1046 studiosum

902 1067 1019 1103 fuisse
1046 1067 1176 1105 docet.
1207 1067 1319 1104 Alibi
1346 1075 1403 1103 est
1422 1079 1431 1104 ε
1450 1080 1540 1117 quae
1568 1066 1621 1102 sic

902 1125 1100 1161 sententia
1118 1125 1254 1162 menti.
1277 1125 1399 1161 Sedet
1418 1124 1617 1161 sententia

903 1183 1004 1228 Vll,
1028 1184 1242 1229 61131x‚
1277 1185 1486 1229 220;X1‚
1520 1183 1616 1219 551.

963 1241 1043 1286 750
1056 1269 1066 1286 ‚
1098 1242 1193 1287 751.
1212 1241 1354 1279 Ornati
1372 1248 1465 1277 sunt
1482 1253 1618 1277 versus

901 1296 1050 1334 dilectu
1086 1298 1316 1335 verborum.
1365 1300 1400 1334 T
1397 1297 1618 1334 ranscribe—

899 1367 941 1391 re
960 1356 1156 1401 Romani,
1196 1357 1248 1392 ait
1282 1357 1466 1402 Servius,
1498 1355 1618 1392 moris

896 1412 1061 1450 ‘verbum
1099 1424 1157 1450 est
1186 1428 1200 1451 .·
1236 1413 1464 1464 transcripti
1510 1414 1617 1450 enim

901 1469 940 1506 in
967 1471 1149 1508 colonias
1176 1471 1435 1509 ducebantur.
1480 1474 1616 1510 Potius

899 1529 952 1564 ita
983 1528 1202 1566 dicendum
1229 1541 1239 1566 :
1267 1531 1338 1578 qui
1365 1529 1614 1575 deducendi,

899 1599 950 1622 ex
991 1596 1124 1625 vetere
1154 1589 1198 1624 in
1225 1599 1369 1624 novam
1415 1588 1616 1626 civitatem

898 1645 1232 1683 transcribantur.
1275 1645 1402 1682 Iidem
1437 1644 1476 1681 in
1509 1647 1616 1683 colo-

899 1701 1008 1739 niam
1037 1702 1213 1740 adscribi
1235 1702 1332 1740 dicti
1353 1712 1459 1741 sunt.
1482 1705 1615 1754 Depo·

899 1769 1002 1797 nunt
1026 1763 1178 1812 signate
1193 1789 1203 1807 ,
1240 1770 1286 1798 ut
1322 1762 1462 1799 inutile
1497 1775 1613 1799 onus.

897 1818 969 1855 Illa
996 1832 1091 1857 vero
1115 1820 1270 1871 egregia
1290 1820 1408 1870 plane
1426 1832 1435 1857 :
1456 1819 1615 1857 animos

897 1875 960 1912 nil
977 1889 1141 1927 magnae
1164 1876 1296 1912 laudis
1316 1887 1500 1928 egentes,
1530 1891 1614 1915 non

896 1933 1160 1971 desiderantes
1179 1942 1247 1970 aut
1263 1933 1490 1984 adpetentes
1502 1963 1513 1980 ‚
1531 1948 1614 1974 non

895 1991 1030 2042 gloriae
1053 1990 1244 2042 cupidos,
1277 1991 1347 2028 sed
1376 1992 1544 2043 ingloria
1576 2004 1615 2032 et

896 2048 1065 2085 obscura
1082 2050 1162 2086 vita
1175 2077 1185 2095 ,
1205 2048 1326 2086 modo
1346 2063 1612 2089 aerumnarum

896 2114 933 2143 et
962 2106 1145 2144 laborum
1174 2116 1360 2158 experte,
1389 2117 1610 2148 contentos.

893 2185 952 2192 ·—-
991 2165 1087 2212 751.
1124 2165 1212 2203 Nec
1246 2179 1409 2217 magna:
1439 2168 1611 2205 Dorvill.

895 2224 1074 2273 Agentes
1094 2221 1269 2261 Parrhas.
1283 2224 1478 2275 probante
1501 2226 1609 2262 Heu-

895 2293 1058 2327 mann03
1094 2281 1204 2331 atqui
1226 2281 1303 2319 hoe
1327 2282 1490 2334 vulgare
1520 2285 1610 2321 satis

893 2347 1003 2377 esset.
1021 2340 1163 2389 Neque
1179 2338 1268 2376 laus
1281 2339 1322 2378 h.
1340 2339 1367 2378 l.
1385 2342 1512 2377 virtus
1531 2351 1608 2388 est;

891 2395 958 2433 sed
987 2397 1110 2449 gloria
1141 2410 1192 2434 ex
1219 2410 1361 2449 magna
1390 2399 1539 2436 virtute
1570 2408 1609 2436 et

890 2453 1008 2492 rebus
1026 2455 1156 2507 gestis.
1185 2456 1291 2494 conf.
1310 2457 1445 2493 Burm.
1479 2454 1522 2493 τὸ
1547 2459 1609 2494 κῦ-

891 2507 970 2558 δος.

949 2570 1189 2620 752-754,
1206 2570 1289 2622 Ipsi
1304 2572 1399 2610 socii
1418 2569 1607 2610 reficiunt

892 2628 1064 2668 classem.
1081 2632 1296 2681 Reponunt
1305 2629 1346 2668 h.
1356 2630 1383 2668 l.
1396 2639 1604 2675 renovant,

892 2700 984 2725 cum
1001 2689 1165 2739 integris
1179 2695 1420 2739 permutant.
1437 2710 1493 2716 —
1509 2689 1560 2735 75
1567 2689 1605 2725 3.

893 2745 1046 2784 Robora
1069 2745 1245 2798 remigiis
1271 2749 1402 2798 Sprot.
1433 2747 1605 2784 Distine-
