1767 3054
717 97 867 135 LIBER
900 99 972 134 VI.

1520 103 1595 146 143

92 171 150 215 Et
173 169 268 215 sors
289 184 426 214 omne
453 168 615 212 datum
642 167 883 212 traherent
910 184 995 230 per
1020 168 1130 213 talia
1158 178 1366 231 tempus;

95 243 189 290 Sed
215 259 370 289 comes
390 241 636 286 admonuit
652 277 664 297 ,
689 242 996 305 breviterque
1020 242 1176 288 adfata
1198 243 1376 305 Sibylla
1400 259 1466 292 est
1491 266 1498 291 :

94 339 112 357 α
137 320 245 363 Nox
270 316 384 373 ruit,
407 317 578 372 AEnea3
605 331 690 361 nos
716 318 873 362 flendo
899 318 1115 364 ducimus
1138 320 1294 365 horas.

93 394 182 439 Hic
203 393 332 438 locus
357 403 450 448 est,
476 390 623 453 partis
651 390 733 436 ubi
759 408 807 437 se
834 392 911 437 via
935 392 1070 439 findit
1095 395 1142 439 in
1165 393 1349 453 ambas3
1537 409 1598 443 540

92 469 323 536 Dextera,
344 482 450 528 quae
475 465 597 511 Ditis
624 467 781 529 magni
806 466 894 513 sub
921 468 1092 513 moenia
1119 469 1268 516 tendit
1278 490 1291 529 ;

92 544 193 587 Hae
218 541 308 587 iter
331 541 542 602 Elysium
567 541 704 588 nobis
728 560 737 586 ε
762 553 808 588 at
832 542 948 587 laeva
973 543 1204 589 malorum

91 617 291 662 Exercet
312 633 473 678 poenas
488 653 500 675 ‚
525 627 569 661 et
593 617 651 662 ad
674 617 818 679 impia
841 620 1040 663 Tartara
1062 619 1218 664 mittit.
1244 639 1261 658 »

90 693 371 755 Deiphobus
398 703 562 738 contra
584 711 592 736 :
620 716 636 733 «
660 697 732 739 Ne
757 693 892 751 saevi,
915 709 1084 754 magna
1109 692 1349 751 sacerdos;

91 769 366 827 Discedam,
393 769 597 832 explebo
616 785 891 826 numerum,
915 769 1183 832 reddarque
1209 769 1430 816 tenebris.

1535 781 1595 816 545

91 848 114 890 I
139 845 305 903 decus,
331 846 369 901 i,
390 855 626 903 nostrum3
653 844 928 891 melioribus
950 855 1084 890 utere
1110 845 1232 892 satis.
1257 867 1275 885 υ

92 922 295 966 Tantum
322 919 515 976 effatus,
540 930 586 964 et
612 922 658 964 in
684 919 834 965 verbo
858 920 1058 982 vestigia
1083 920 1232 965 torsit.

157 995 367 1057 Respicit
394 997 560 1041 AEneas
585 995 743 1042 subito
761 1031 773 1052 ,
800 1006 845 1041 et
872 995 961 1042 sub
986 1012 1105 1058 rupe
1128 995 1314 1042 sinistra

95 1206 246 1249 partem
279 1198 473 1247 aliquam,
501 1210 592 1234 nam
610 1225 619 1242 ‚
656 1212 705 1235 ex
729 1198 812 1235 vul-

96 1257 178 1305 gari
216 1264 422 1306 poetarum
454 1268 553 1301 usu,
594 1269 675 1305 quo
709 1258 811 1292 intra

96 1313 196 1350 lines
213 1315 344 1350 omnia
363 1322 454 1349 sunt
473 1312 604 1349 media
621 1341 631 1358 ‚
652 1313 691 1350 id
710 1326 812 1363 quo-

97 1384 174 1421 que
211 1370 382 1407 medium
413 1370 553 1406 coelum
580 1380 706 1420 poetae
735 1370 813 1407 dici

96 1436 249 1478 potest,
282 1441 403 1465 cursu
429 1436 636 1477 exegerat,
666 1437 711 1465 ut
729 1441 813 1464 nox

97 1498 207 1522 nunc
229 1498 394 1536 prorsus
411 1485 573 1535 depulsa
591 1494 712 1532 esset3
741 1487 812 1522 ita-

97 1556 174 1593 que
193 1552 308 1594 poeta
328 1544 404 1581 ait:
424 1545 520 1580 Nox
539 1542 638 1590 ruit,
662 1545 811 1581 AEnea.

98 1602 284 1651 Argutias
294 1609 421 1651 captat
434 1602 592 1638 Servius
605 1613 695 1638 cum
712 1601 812 1639 aliis,

97 1660 259 1696 saniora
277 1658 390 1696 affert
409 1658 548 1698 Cerda.
573 1661 632 1696 De
660 1659 812 1696 reditus

97 1715 146 1753 ad
180 1729 345 1767 superos
372 1724 550 1767 tempore
581 1717 639 1753 nil
664 1730 812 1754 memo-

98 1781 157 1810 rat
184 1782 313 1823 poeta.
343 1775 482 1823 Itaque
506 1787 581 1811 nec
605 1774 654 1811 de
684 1788 730 1812 eo
759 1775 813 1811 la-

98 1829 336 1868 horandum.
376 1831 451 1869 Sed
465 1859 476 1876 ‚
523 1845 574 1869 ex
607 1845 813 1869 sacrorum

98 1888 288 1925 Manibus
321 1887 516 1925 factorum
551 1902 684 1935 more,
724 1897 814 1926 orto

101 1944 181 1989 die,
216 1947 298 1982 sive
319 1944 397 1981 hoc
432 1946 513 1981 sive
548 1945 649 1991 alio,
676 1949 814 1983 AEneas

100 2001 224 2038 infera
243 2003 329 2039 loca
349 2001 571 2050 relinquere
588 2001 747 2047 debuit3
770 2011 816 2039 ut

99 2060 271 2096 vicissim
303 2072 394 2096 cum
425 2067 516 2095 ortu
555 2058 648 2095 solis
678 2061 815 2096 Manes

100 2115 147 2153 ad
166 2118 290 2154 infera
308 2117 394 2154 loca
415 2115 543 2152 redire
563 2116 704 2153 solent.

161 2175 313 2219 540-
334 2176 428 2221 547.
460 2175 568 2210 Inter
594 2174 678 2210 haec
699 2174 739 2209 in
760 2173 820 2209 bi-

100 2233 165 2269 vio
200 2241 312 2269 erant
343 2232 572 2275 constituti3
607 2231 725 2268 altera
758 2233 822 2268 via

98 2297 240 2340 praeter
256 2291 358 2327 Ditis
378 2291 521 2340 regiam
542 2288 589 2325 ad
611 2289 807 2340 Elysium,

99 2346 217 2384 altera
237 2347 284 2384 ad
296 2351 503 2386 Tartarum
522 2346 703 2384 ducente.
717 2349 813 2384 Am-

100 2404 171 2441 bas
187 2433 198 2452 ,
219 2405 350 2456 simpl.
374 2418 448 2455 pro
463 2433 472 2451 ,
502 2404 611 2442 duas.
631 2404 812 2442 Plutonis

99 2463 245 2514 regiam
272 2462 446 2514 intellige
475 2476 546 2513 per
579 2461 685 2500 Ditis
719 2475 813 2498 ma·-

102 2518 200 2566 nia;
224 2520 329 2558 conf.
350 2522 422 2558 inf.
451 2521 534 2557 620
557 2533 614 2570 sq.
635 2541 692 2548 —
714 2520 809 2564 543.

100 2579 159 2614 Ac
183 2578 284 2615 Iaeva
314 2578 506 2615 malorum
532 2579 707 2615 Exercet
725 2591 813 2628 pa·-

100 2647 175 2672 nas
186 2664 198 2683 ,
217 2635 319 2673 bene
333 2636 511 2688 intelligo
539 2635 814 2686 accipiendum

100 2703 205 2740 esse,
240 2707 338 2744 pro,
368 2694 466 2731 laeva
489 2703 599 2745 parte
628 2707 814 2731 exercen-

103 2754 168 2787 tur
181 2762 311 2802 poenae
324 2753 369 2790 in
383 2751 526 2802 malos3
546 2751 615 2791 sed
630 2760 716 2791 tum
730 2765 814 2791 non

880 1197 980 1235 bene
1002 1196 1210 1246 adjicitur:
1229 1206 1269 1233 ec
1283 1196 1342 1233 ad
1359 1196 1485 1246 impia
1506 1199 1597 1233 Tar-

880 1265 970 1292 tara
989 1255 1120 1292 mittit.
1139 1257 1239 1293 Nam
1262 1256 1318 1291 sic
1348 1254 1448 1290 Iceva
1465 1256 1596 1304 primo

878 1314 969 1351 loco
1003 1327 1073 1363 per
1106 1311 1301 1364 figuram,
1345 1311 1467 1349 altero
1505 1312 1596 1350 loco

879 1371 1041 1422 proprie
1082 1378 1138 1406 est
1182 1369 1472 1420 accipiendum.
1514 1373 1599 1406 Aut

878 1431 1001 1480 igitur
1031 1428 1327 1464 hemistichium
1349 1426 1398 1463 ab
1428 1427 1501 1464 alia
1518 1440 1597 1464 ma-

880 1500 937 1523 nu
971 1486 1192 1533 succrevit,
1235 1486 1278 1523 id
1313 1484 1422 1535 quod
1460 1485 1596 1523 admo-

880 1543 975 1581 dum
995 1542 1204 1594 probabile
1221 1541 1267 1580 fit
1282 1558 1292 1590 ;
1313 1551 1382 1579 aut
1399 1542 1476 1580 hoc
1494 1545 1598 1580 inter

881 1601 1126 1639 emendanda
1164 1614 1184 1638 a
1218 1609 1335 1652 poeta
1380 1603 1597 1651 sepositum

879 1660 966 1698 fuit.
998 1661 1129 1710 Friget
1155 1672 1317 1710 quoque
1346 1656 1388 1695 τὸ
1423 1658 1536 1695 nobis
1556 1672 1595 1697 v,

880 1719 1112 1763 542.-At
1124 1717 1226 1754 lawa
1249 1717 1447 1753 malonem
1468 1718 1596 1753 Exer-

878 1784 940 1813 cet
966 1788 1114 1825 poenas
1141 1789 1154 1811 .·
1186 1775 1299 1812 locus
1326 1775 1493 1824 ponitur
1521 1787 1596 1824 pro

879 1834 958 1871 illis
971 1861 982 1879 ,
1001 1834 1071 1883 qui
1091 1841 1299 1879 exercent,
1323 1840 1597 1882 exsequuntur

881 1903 1030 1941 poenas,
1045 1892 1155 1927 Dura
1171 1899 1301 1927 tamen
1318 1890 1593 1932 ratim—544.

882 1949 945 1985 Ne
969 1947 1060 1984 servi
1086 1960 1159 1997 pro
1178 1947 1331 1998 vulgari
1351 1958 1360 1983 :
1381 1958 1432 1982 ne
1452 1947 1594 1982 irasce-

882 2019 936 2042 re.
985 2004 1168 2054 Explebo
1215 2016 1434 2041 numerum.
1485 2004 1596 2054 Piget

882 2063 1157 2099 Servianarmn
1175 2074 1382 2112 nugarum.
1394 2059 1513 2097 Haud
1526 2061 1597 2098 du-

882 2118 946 2155 bie
967 2117 1015 2154 de
1040 2117 1168 2155 reditu
1187 2117 1236 2155 ad
1258 2118 1442 2163 umbras,
1474 2131 1494 2154 a
1510 2118 1596 2168 quj-

881 2175 955 2213 bus
990 2175 1240 2223 discesserat,
1278 2184 1336 2212 est
1368 2175 1592 2226 intelligen-

880 2233 1001 2279 dum;
1029 2246 1219 2271 numerus
1247 2246 1382 2271 earum
1409 2234 1492 2281 ers
1519 2233 1593 2272 dis-

879 2304 990 2329 cessu
1008 2304 1090 2328 uno
1104 2292 1230 2342 capite
1249 2299 1332 2329 erat
1348 2291 1591 2330 deminutus,

879 2348 1044 2388 Reddar
1063 2349 1254 2395 tenebris,
1292 2358 1388 2400 puta
1414 2362 1481 2386 eos
1499 2362 1591 2387 con-

879 2406 1094 2444 fabulando
1119 2408 1335 2458 processise
1366 2408 1429 2443 via
1455 2419 1591 2443 versus

879 2465 1071 2516 Elysium.
1103 2465 1323 2516 Caliginosa
1352 2472 1483 2501 autem
1504 2464 1591 2501 haec

880 2523 1061 2561 citeriora
1101 2522 1188 2560 loca
1233 2536 1314 2561 esse
1356 2523 1447 2561 satis
1489 2521 1590 2560 vidi·

880 2593 981 2620 mus,

939 2638 1019 2684 548
1043 2639 1309 2690 sqq.Omnino
1334 2637 1401 2676 ille
1432 2638 1474 2674 in
1506 2644 1591 2673 toto

878 2695 955 2733 hoc
984 2696 1076 2734 loco
1099 2698 1266 2734 carceris
1295 2696 1434 2734 faciem
1453 2693 1585 2730 habet.

880 2753 985 2794 Cura
1012 2755 1095 2804 ejus
1128 2753 1308 2793 mandata
1341 2752 1585 2794 Rhadaman-
