<?xml version="1.0" encoding="UTF-8"?>
<!DOCTYPE html PUBLIC "-//W3C//DTD XHTML 1.0 Transitional//EN"
    "http://www.w3.org/TR/xhtml1/DTD/xhtml1-transitional.dtd">
<html xmlns="http://www.w3.org/1999/xhtml" xml:lang="en" lang="en">
 <head>
  <title>
</title>
<meta http-equiv="Content-Type" content="text/html;charset=utf-8" />
  <meta name='ocr-system' content='tesseract 3.04.00' />
  <meta name='ocr-capabilities' content='ocr_page ocr_carea ocr_par ocr_line ocrx_word'/>
</head>
<body>
  <div class='ocr_page' id='page_1' title='image "./operahey03virguoft_0069.png"; bbox 0 0 1767 3054; ppageno 0'>
   <div class='ocr_carea' id='block_1_1' title="bbox 751 102 1623 154">
    <p class='ocr_par' dir='ltr' id='par_1_1' title="bbox 751 102 1623 154">
     <span class='ocr_line' id='line_1_1' title="bbox 751 102 1623 154; baseline 0.003 -16"><span class='ocrx_word' id='word_1_1' title='bbox 751 102 903 139; x_wconf 73' lang='lat' dir='ltr'>Ltssssa</span> <span class='ocrx_word' id='word_1_2' title='bbox 938 102 987 139; x_wconf 81' lang='lat' dir='ltr'>v,</span> <span class='ocrx_word' id='word_1_3' title='bbox 1574 106 1623 154; x_wconf 73' lang='lat'>⁵9</span> 
     </span>
    </p>
   </div>
   <div class='ocr_carea' id='block_1_2' title="bbox 123 173 1621 614">
    <p class='ocr_par' dir='ltr' id='par_1_2' title="bbox 123 173 1621 614">
     <span class='ocr_line' id='line_1_2' title="bbox 125 173 1260 235; baseline -0.003 -12"><span class='ocrx_word' id='word_1_4' title='bbox 125 179 223 223; x_wconf 89' lang='lat' dir='ltr'>Hac</span> <span class='ocrx_word' id='word_1_5' title='bbox 250 175 485 222; x_wconf 80' lang='lat' dir='ltr'>celebrata</span> <span class='ocrx_word' id='word_1_6' title='bbox 507 186 639 220; x_wconf 85' lang='lat' dir='ltr'>tenus</span> <span class='ocrx_word' id='word_1_7' title='bbox 665 184 827 220; x_wconf 88' lang='lat' dir='ltr'>sancto</span> <span class='ocrx_word' id='word_1_8' title='bbox 846 173 1103 220; x_wconf 84' lang='lat' dir='ltr'>certamina</span> <span class='ocrx_word' id='word_1_9' title='bbox 1124 175 1260 235; x_wconf 82' lang='lat' dir='ltr'>patri.</span> 
     </span>
     <span class='ocr_line' id='line_1_3' title="bbox 191 250 1331 313; baseline -0.004 -15"><span class='ocrx_word' id='word_1_10' title='bbox 191 253 280 298; x_wconf 88' lang='lat' dir='ltr'>Hic</span> <span class='ocrx_word' id='word_1_11' title='bbox 304 251 509 313; x_wconf 77' lang='lat' dir='ltr'>pm‘mum</span> <span class='ocrx_word' id='word_1_12' title='bbox 532 253 741 296; x_wconf 79' lang='lat' dir='ltr'>Fortuna</span> <span class='ocrx_word' id='word_1_13' title='bbox 763 250 901 296; x_wconf 85' lang='lat' dir='ltr'>fidem</span> <span class='ocrx_word' id='word_1_14' title='bbox 923 261 1101 295; x_wconf 88' lang='lat' dir='ltr'>mutata</span> <span class='ocrx_word' id='word_1_15' title='bbox 1123 250 1331 296; x_wconf 82' lang='lat' dir='ltr'>novavit.</span> 
     </span>
     <span class='ocr_line' id='line_1_4' title="bbox 124 325 1621 383; baseline -0.003 -10"><span class='ocrx_word' id='word_1_16' title='bbox 124 332 249 374; x_wconf 88' lang='lat' dir='ltr'>Dum</span> <span class='ocrx_word' id='word_1_17' title='bbox 270 325 414 372; x_wconf 86' lang='lat' dir='ltr'>variis</span> <span class='ocrx_word' id='word_1_18' title='bbox 439 325 620 371; x_wconf 86' lang='lat' dir='ltr'>tumulo</span> <span class='ocrx_word' id='word_1_19' title='bbox 645 326 856 372; x_wconf 82' lang='lat' dir='ltr'>referunt</span> <span class='ocrx_word' id='word_1_20' title='bbox 881 326 1106 372; x_wconf 81' lang='lat' dir='ltr'>sollennia</span> <span class='ocrx_word' id='word_1_21' title='bbox 1127 325 1248 372; x_wconf 85' lang='lat' dir='ltr'>ludis</span> <span class='ocrx_word' id='word_1_22' title='bbox 1264 362 1277 383; x_wconf 92' lang='lat'>‚</span> <span class='ocrx_word' id='word_1_23' title='bbox 1561 339 1621 368; x_wconf 52' lang='grc' dir='ltr'>οφ</span> 
     </span>
     <span class='ocr_line' id='line_1_5' title="bbox 124 400 999 448; baseline -0.002 0"><span class='ocrx_word' id='word_1_24' title='bbox 124 403 235 448; x_wconf 87' lang='lat' dir='ltr'>Irim</span> <span class='ocrx_word' id='word_1_25' title='bbox 259 400 317 446; x_wconf 91' lang='lat' dir='ltr'>de</span> <span class='ocrx_word' id='word_1_26' title='bbox 337 401 454 446; x_wconf 83' lang='lat' dir='ltr'>coelo</span> <span class='ocrx_word' id='word_1_27' title='bbox 476 400 603 446; x_wconf 83' lang='lat' dir='ltr'>misit</span> <span class='ocrx_word' id='word_1_28' title='bbox 627 402 851 446; x_wconf 84' lang='lat' dir='ltr'>Saturnia</span> <span class='ocrx_word' id='word_1_29' title='bbox 874 405 999 446; x_wconf 89' lang='lat' dir='ltr'>Juno</span> 
     </span>
     <span class='ocr_line' id='line_1_6' title="bbox 124 475 1328 539; baseline -0.003 -15"><span class='ocrx_word' id='word_1_30' title='bbox 124 479 312 524; x_wconf 83' lang='lat' dir='ltr'>Iliacam</span> <span class='ocrx_word' id='word_1_31' title='bbox 333 476 392 522; x_wconf 88' lang='lat' dir='ltr'>ad</span> <span class='ocrx_word' id='word_1_32' title='bbox 417 476 609 522; x_wconf 84' lang='lat' dir='ltr'><strong>classem</strong></span> <span class='ocrx_word' id='word_1_33' title='bbox 625 511 636 532; x_wconf 94' lang='lat'>‚</span> <span class='ocrx_word' id='word_1_34' title='bbox 656 488 918 538; x_wconf 77' lang='lat' dir='ltr'>ventosque</span> <span class='ocrx_word' id='word_1_35' title='bbox 940 475 1149 539; x_wconf 80' lang='lat' dir='ltr'>adspirat</span> <span class='ocrx_word' id='word_1_36' title='bbox 1175 476 1328 532; x_wconf 89' lang='lat' dir='ltr'>eunti,</span> 
     </span>
     <span class='ocr_line' id='line_1_7' title="bbox 123 551 1491 614; baseline -0.002 -14"><span class='ocrx_word' id='word_1_37' title='bbox 123 553 275 600; x_wconf 89' lang='lat' dir='ltr'>Multa</span> <span class='ocrx_word' id='word_1_38' title='bbox 295 567 512 609; x_wconf 85' lang='lat' dir='ltr'>movens,</span> <span class='ocrx_word' id='word_1_39' title='bbox 536 552 739 599; x_wconf 80' lang='lat' dir='ltr'>necdum</span> <span class='ocrx_word' id='word_1_40' title='bbox 765 551 1013 614; x_wconf 88' lang='lat' dir='ltr'>antiquum</span> <span class='ocrx_word' id='word_1_41' title='bbox 1034 561 1243 598; x_wconf 85' lang='lat' dir='ltr'>saturata</span> <span class='ocrx_word' id='word_1_42' title='bbox 1265 551 1491 599; x_wconf 88' lang='lat' dir='ltr'>dolorem.</span> 
     </span>
    </p>
   </div>
   <div class='ocr_carea' id='block_1_3' title="bbox 110 734 837 2805">
    <p class='ocr_par' dir='ltr' id='par_1_3' title="bbox 120 734 837 888">
     <span class='ocr_line' id='line_1_8' title="bbox 120 734 835 786; baseline -0.007 -11"><span class='ocrx_word' id='word_1_43' title='bbox 120 735 338 783; x_wconf 74' lang='lat' dir='ltr'>&#39;l&#39;rojanum</span> <span class='ocrx_word' id='word_1_44' title='bbox 355 734 433 772; x_wconf 92' lang='lat' dir='ltr'>hoc</span> <span class='ocrx_word' id='word_1_45' title='bbox 449 747 665 785; x_wconf 88' lang='lat' dir='ltr'>puerorum</span> <span class='ocrx_word' id='word_1_46' title='bbox 674 746 814 786; x_wconf 81' lang='lat' dir='ltr'><strong>agmen</strong></span> <span class='ocrx_word' id='word_1_47' title='bbox 825 762 835 777; x_wconf 82' lang='lat'>,</span> 
     </span>
     <span class='ocr_line' id='line_1_9' title="bbox 125 791 837 844; baseline -0.001 -15"><span class='ocrx_word' id='word_1_48' title='bbox 125 792 244 844; x_wconf 78' lang='lat' dir='ltr'>&#39;I&#39;roja</span> <span class='ocrx_word' id='word_1_49' title='bbox 265 792 507 844; x_wconf 79' lang='lat' dir='ltr'>appellatur3</span> <span class='ocrx_word' id='word_1_50' title='bbox 534 801 572 830; x_wconf 91' lang='lat' dir='ltr'>at</span> <span class='ocrx_word' id='word_1_51' title='bbox 592 792 759 829; x_wconf 81' lang='lat' dir='ltr'>alterum</span> <span class='ocrx_word' id='word_1_52' title='bbox 781 791 837 828; x_wconf 89' lang='lat' dir='ltr'>le·</span> 
     </span>
     <span class='ocr_line' id='line_1_10' title="bbox 120 864 225 888; baseline 0.01 -1"><span class='ocrx_word' id='word_1_53' title='bbox 120 864 225 888; x_wconf 78' lang='lat' dir='ltr'>mus,</span> 
     </span>
    </p>

    <p class='ocr_par' dir='ltr' id='par_1_4' title="bbox 110 907 837 2174">
     <span class='ocr_line' id='line_1_11' title="bbox 180 907 837 960; baseline 0 -15"><span class='ocrx_word' id='word_1_54' title='bbox 180 909 264 954; x_wconf 70' lang='lat'>604</span> <span class='ocrx_word' id='word_1_55' title='bbox 304 921 391 960; x_wconf 86' lang='lat' dir='ltr'><strong>sqq.</strong></span> <span class='ocrx_word' id='word_1_56' title='bbox 438 909 599 945; x_wconf 78' lang='lat' dir='ltr'>Novum</span> <span class='ocrx_word' id='word_1_57' title='bbox 632 907 837 945; x_wconf 78' lang='lat' dir='ltr'>avertendi</span> 
     </span>
     <span class='ocr_line' id='line_1_12' title="bbox 122 966 834 1014; baseline -0.003 -10"><span class='ocrx_word' id='word_1_58' title='bbox 122 968 315 1014; x_wconf 85' lang='lat' dir='ltr'>Trojanos</span> <span class='ocrx_word' id='word_1_59' title='bbox 332 967 381 1003; x_wconf 87' lang='lat' dir='ltr'>ab</span> <span class='ocrx_word' id='word_1_60' title='bbox 398 966 508 1004; x_wconf 89' lang='lat' dir='ltr'>Italia</span> <span class='ocrx_word' id='word_1_61' title='bbox 527 966 737 1004; x_wconf 89' lang='lat' dir='ltr'>consilium</span> <span class='ocrx_word' id='word_1_62' title='bbox 760 968 786 1004; x_wconf 89' lang='lat' dir='ltr'>J</span> <span class='ocrx_word' id='word_1_63' title='bbox 790 979 834 1002; x_wconf 93' lang='lat' dir='ltr'>u-</span> 
     </span>
     <span class='ocr_line' id='line_1_13' title="bbox 120 1023 836 1071; baseline -0.003 -9"><span class='ocrx_word' id='word_1_64' title='bbox 120 1026 237 1062; x_wconf 87' lang='lat' dir='ltr'>nonis</span> <span class='ocrx_word' id='word_1_65' title='bbox 250 1053 261 1071; x_wconf 89' lang='lat'><strong>‚</strong></span> <span class='ocrx_word' id='word_1_66' title='bbox 278 1025 449 1061; x_wconf 83' lang='lat' dir='ltr'>incensis</span> <span class='ocrx_word' id='word_1_67' title='bbox 464 1024 656 1071; x_wconf 78' lang='lat' dir='ltr'>navibus3</span> <span class='ocrx_word' id='word_1_68' title='bbox 675 1023 724 1061; x_wconf 89' lang='lat' dir='ltr'>ad</span> <span class='ocrx_word' id='word_1_69' title='bbox 742 1023 836 1060; x_wconf 90' lang='lat' dir='ltr'>duc-</span> 
     </span>
     <span class='ocr_line' id='line_1_14' title="bbox 121 1082 836 1128; baseline 0 -10"><span class='ocrx_word' id='word_1_70' title='bbox 121 1091 208 1119; x_wconf 88' lang='lat' dir='ltr'>tum</span> <span class='ocrx_word' id='word_1_71' title='bbox 226 1082 401 1120; x_wconf 86' lang='lat' dir='ltr'>historiae</span> <span class='ocrx_word' id='word_1_72' title='bbox 420 1084 536 1119; x_wconf 87' lang='lat' dir='ltr'>etiam</span> <span class='ocrx_word' id='word_1_73' title='bbox 556 1082 634 1119; x_wconf 88' lang='lat' dir='ltr'>hoc</span> <span class='ocrx_word' id='word_1_74' title='bbox 648 1111 658 1128; x_wconf 92' lang='lat'>,</span> <span class='ocrx_word' id='word_1_75' title='bbox 680 1083 753 1119; x_wconf 89' lang='lat' dir='ltr'>etsi</span> <span class='ocrx_word' id='word_1_76' title='bbox 771 1094 836 1118; x_wconf 79' lang='lat' dir='ltr'>va-</span> 
     </span>
     <span class='ocr_line' id='line_1_15' title="bbox 120 1140 834 1190; baseline 0 -14"><span class='ocrx_word' id='word_1_77' title='bbox 120 1141 186 1178; x_wconf 85' lang='lat' dir='ltr'>riis</span> <span class='ocrx_word' id='word_1_78' title='bbox 198 1140 326 1178; x_wconf 83' lang='lat' dir='ltr'>modis</span> <span class='ocrx_word' id='word_1_79' title='bbox 340 1140 417 1178; x_wconf 81' lang='lat' dir='ltr'>fnit</span> <span class='ocrx_word' id='word_1_80' title='bbox 426 1148 643 1177; x_wconf 86' lang='lat' dir='ltr'>narratum.</span> <span class='ocrx_word' id='word_1_81' title='bbox 654 1140 728 1178; x_wconf 86' lang='lat' dir='ltr'>Sed</span> <span class='ocrx_word' id='word_1_82' title='bbox 742 1152 834 1190; x_wconf 91' lang='lat' dir='ltr'>poe-</span> 
     </span>
     <span class='ocr_line' id='line_1_16' title="bbox 121 1197 835 1245; baseline -0.001 -10"><span class='ocrx_word' id='word_1_83' title='bbox 121 1207 198 1235; x_wconf 87' lang='lat' dir='ltr'>tam</span> <span class='ocrx_word' id='word_1_84' title='bbox 218 1198 381 1236; x_wconf 81' lang='lat' dir='ltr'>decebat</span> <span class='ocrx_word' id='word_1_85' title='bbox 403 1199 488 1235; x_wconf 74' lang='lat' dir='ltr'>haec</span> <span class='ocrx_word' id='word_1_86' title='bbox 508 1197 558 1234; x_wconf 85' lang='lat' dir='ltr'>ad</span> <span class='ocrx_word' id='word_1_87' title='bbox 586 1197 669 1235; x_wconf 78' lang='lat' dir='ltr'>dece</span> <span class='ocrx_word' id='word_1_88' title='bbox 698 1199 835 1245; x_wconf 81' lang='lat' dir='ltr'>Troja-</span> 
     </span>
     <span class='ocr_line' id='line_1_17' title="bbox 120 1256 833 1294; baseline 0.001 -2"><span class='ocrx_word' id='word_1_89' title='bbox 120 1257 181 1294; x_wconf 80' lang='lat' dir='ltr'>nis</span> <span class='ocrx_word' id='word_1_90' title='bbox 200 1257 352 1294; x_wconf 85' lang='lat' dir='ltr'>insestae</span> <span class='ocrx_word' id='word_1_91' title='bbox 376 1256 685 1294; x_wconf 76' lang='lat' dir='ltr'>machinationes</span> <span class='ocrx_word' id='word_1_92' title='bbox 716 1257 833 1293; x_wconf 87' lang='lat' dir='ltr'>refer·</span> 
     </span>
     <span class='ocr_line' id='line_1_18' title="bbox 119 1315 833 1365; baseline 0.001 -15"><span class='ocrx_word' id='word_1_93' title='bbox 119 1326 174 1352; x_wconf 91' lang='lat' dir='ltr'>re.</span> <span class='ocrx_word' id='word_1_94' title='bbox 194 1315 316 1365; x_wconf 89' lang='lat' dir='ltr'>Quod</span> <span class='ocrx_word' id='word_1_95' title='bbox 334 1315 449 1352; x_wconf 84' lang='lat' dir='ltr'>Iridis</span> <span class='ocrx_word' id='word_1_96' title='bbox 467 1315 686 1351; x_wconf 89' lang='lat' dir='ltr'>ministerio</span> <span class='ocrx_word' id='word_1_97' title='bbox 707 1315 833 1351; x_wconf 88' lang='lat' dir='ltr'>utitur</span> 
     </span>
     <span class='ocr_line' id='line_1_19' title="bbox 118 1371 831 1423; baseline 0.001 -14"><span class='ocrx_word' id='word_1_98' title='bbox 118 1373 250 1419; x_wconf 89' lang='lat' dir='ltr'>Juno,</span> <span class='ocrx_word' id='word_1_99' title='bbox 279 1373 444 1410; x_wconf 87' lang='lat' dir='ltr'>Homeri</span> <span class='ocrx_word' id='word_1_100' title='bbox 481 1372 664 1423; x_wconf 84' lang='lat' dir='ltr'>exemplo</span> <span class='ocrx_word' id='word_1_101' title='bbox 693 1371 753 1410; x_wconf 79' lang='lat' dir='ltr'>fit,</span> <span class='ocrx_word' id='word_1_102' title='bbox 793 1386 831 1410; x_wconf 78' lang='lat' dir='ltr'>v.</span> 
     </span>
     <span class='ocr_line' id='line_1_20' title="bbox 118 1429 833 1481; baseline -0.001 -13"><span class='ocrx_word' id='word_1_103' title='bbox 118 1443 206 1481; x_wconf 88' lang='lat' dir='ltr'>sup.</span> <span class='ocrx_word' id='word_1_104' title='bbox 235 1429 283 1468; x_wconf 88' lang='lat' dir='ltr'>ad</span> <span class='ocrx_word' id='word_1_105' title='bbox 302 1432 382 1478; x_wconf 73' lang='lat' dir='ltr'>IV,</span> <span class='ocrx_word' id='word_1_106' title='bbox 401 1431 499 1481; x_wconf 77' lang='lat'><strong>694.</strong></span> <span class='ocrx_word' id='word_1_107' title='bbox 524 1430 646 1480; x_wconf 88' lang='lat' dir='ltr'><strong>Apud</strong></span> <span class='ocrx_word' id='word_1_108' title='bbox 662 1429 833 1467; x_wconf 87' lang='lat' dir='ltr'>eundem</span> 
     </span>
     <span class='ocr_line' id='line_1_21' title="bbox 116 1485 831 1540; baseline 0.001 -15"><span class='ocrx_word' id='word_1_109' title='bbox 116 1488 229 1526; x_wconf 84' lang='lat' dir='ltr'>Iliad.</span> <span class='ocrx_word' id='word_1_110' title='bbox 261 1485 299 1535; x_wconf 67' lang='lat'>⁸,</span> <span class='ocrx_word' id='word_1_111' title='bbox 328 1490 403 1540; x_wconf 90' lang='lat'>198</span> <span class='ocrx_word' id='word_1_112' title='bbox 432 1502 518 1539; x_wconf 90' lang='lat' dir='ltr'><strong>sqq.</strong></span> <span class='ocrx_word' id='word_1_113' title='bbox 542 1488 591 1525; x_wconf 91' lang='lat' dir='ltr'>ad</span> <span class='ocrx_word' id='word_1_114' title='bbox 610 1491 762 1526; x_wconf 82' lang='lat' dir='ltr'>Ventos</span> <span class='ocrx_word' id='word_1_115' title='bbox 788 1502 831 1526; x_wconf 91' lang='lat' dir='ltr'>ea</span> 
     </span>
     <span class='ocr_line' id='line_1_22' title="bbox 115 1546 830 1600; baseline 0.001 -17"><span class='ocrx_word' id='word_1_116' title='bbox 115 1548 310 1594; x_wconf 79' lang='lat' dir='ltr'>mittitur,</span> <span class='ocrx_word' id='word_1_117' title='bbox 333 1555 380 1584; x_wconf 89' lang='lat' dir='ltr'>ut</span> <span class='ocrx_word' id='word_1_118' title='bbox 413 1546 583 1586; x_wconf 82' lang='lat' dir='ltr'>Patrocli</span> <span class='ocrx_word' id='word_1_119' title='bbox 610 1560 751 1600; x_wconf 87' lang='lat' dir='ltr'>rogum</span> <span class='ocrx_word' id='word_1_120' title='bbox 770 1547 830 1584; x_wconf 90' lang='lat' dir='ltr'>illi</span> 
     </span>
     <span class='ocr_line' id='line_1_23' title="bbox 113 1605 829 1665; baseline 0.001 -24"><span class='ocrx_word' id='word_1_121' title='bbox 113 1605 268 1665; x_wconf 58' lang='lat' dir='ltr'>flagnma</span> <span class='ocrx_word' id='word_1_122' title='bbox 279 1605 501 1643; x_wconf 82' lang='lat' dir='ltr'>involvant.</span> <span class='ocrx_word' id='word_1_123' title='bbox 513 1606 737 1656; x_wconf 86' lang='lat' dir='ltr'>Argutatur</span> <span class='ocrx_word' id='word_1_124' title='bbox 747 1609 829 1646; x_wconf 88' lang='lat' dir='ltr'>Ser-</span> 
     </span>
     <span class='ocr_line' id='line_1_24' title="bbox 114 1663 828 1713; baseline 0.004 -14"><span class='ocrx_word' id='word_1_125' title='bbox 114 1665 202 1700; x_wconf 81' lang='lat' dir='ltr'>vius</span> <span class='ocrx_word' id='word_1_126' title='bbox 230 1664 274 1701; x_wconf 82' lang='lat' dir='ltr'>in</span> <span class='ocrx_word' id='word_1_127' title='bbox 305 1675 439 1701; x_wconf 83' lang='lat' dir='ltr'>caussa</span> <span class='ocrx_word' id='word_1_128' title='bbox 476 1663 731 1713; x_wconf 87' lang='lat' dir='ltr'>reperienda,</span> <span class='ocrx_word' id='word_1_129' title='bbox 756 1678 828 1702; x_wconf 91' lang='lat' dir='ltr'>cur</span> 
     </span>
     <span class='ocr_line' id='line_1_25' title="bbox 115 1721 825 1761; baseline 0.004 -4"><span class='ocrx_word' id='word_1_130' title='bbox 115 1721 230 1759; x_wconf 83' lang='lat' dir='ltr'>Iridis</span> <span class='ocrx_word' id='word_1_131' title='bbox 268 1723 440 1758; x_wconf 75' lang='lat' dir='ltr'>maxime</span> <span class='ocrx_word' id='word_1_132' title='bbox 473 1722 695 1759; x_wconf 79' lang='lat' dir='ltr'>ministerio</span> <span class='ocrx_word' id='word_1_133' title='bbox 727 1723 767 1760; x_wconf 90' lang='lat' dir='ltr'>h.</span> <span class='ocrx_word' id='word_1_134' title='bbox 798 1722 825 1761; x_wconf 93' lang='grc'>1.</span> 
     </span>
     <span class='ocr_line' id='line_1_26' title="bbox 112 1778 827 1829; baseline 0.001 -13"><span class='ocrx_word' id='word_1_135' title='bbox 112 1787 229 1829; x_wconf 86' lang='lat' dir='ltr'>poeta</span> <span class='ocrx_word' id='word_1_136' title='bbox 254 1788 388 1817; x_wconf 85' lang='lat' dir='ltr'>utatur</span> <span class='ocrx_word' id='word_1_137' title='bbox 400 1807 410 1826; x_wconf 87' lang='lat'>,</span> <span class='ocrx_word' id='word_1_138' title='bbox 435 1787 474 1816; x_wconf 87' lang='lat' dir='ltr'>et</span> <span class='ocrx_word' id='word_1_139' title='bbox 505 1778 619 1817; x_wconf 86' lang='lat' dir='ltr'>affert</span> <span class='ocrx_word' id='word_1_140' title='bbox 650 1779 774 1817; x_wconf 88' lang='lat' dir='ltr'>aliena</span> <span class='ocrx_word' id='word_1_141' title='bbox 806 1794 827 1817; x_wconf 89' lang='lat' dir='ltr'>a</span> 
     </span>
     <span class='ocr_line' id='line_1_27' title="bbox 112 1838 827 1886; baseline 0.003 -15"><span class='ocrx_word' id='word_1_142' title='bbox 112 1844 241 1886; x_wconf 86' lang='lat' dir='ltr'>poeta.</span> <span class='ocrx_word' id='word_1_143' title='bbox 261 1839 285 1875; x_wconf 91' lang='lat' dir='ltr'>J</span> <span class='ocrx_word' id='word_1_144' title='bbox 290 1838 417 1875; x_wconf 87' lang='lat' dir='ltr'>unoni</span> <span class='ocrx_word' id='word_1_145' title='bbox 431 1838 537 1874; x_wconf 89' lang='lat' dir='ltr'>enim</span> <span class='ocrx_word' id='word_1_146' title='bbox 554 1838 734 1874; x_wconf 85' lang='lat' dir='ltr'>ministra</span> <span class='ocrx_word' id='word_1_147' title='bbox 751 1839 827 1876; x_wconf 88' lang='lat' dir='ltr'>Iris</span> 
     </span>
     <span class='ocr_line' id='line_1_28' title="bbox 112 1894 827 1939; baseline 0.004 -10"><span class='ocrx_word' id='word_1_148' title='bbox 112 1894 201 1930; x_wconf 87' lang='lat' dir='ltr'>data</span> <span class='ocrx_word' id='word_1_149' title='bbox 220 1903 278 1931; x_wconf 87' lang='lat' dir='ltr'>est</span> <span class='ocrx_word' id='word_1_150' title='bbox 295 1908 406 1931; x_wconf 87' lang='lat' dir='ltr'>more</span> <span class='ocrx_word' id='word_1_151' title='bbox 422 1894 611 1939; x_wconf 84' lang='lat' dir='ltr'>sollenni,</span> <span class='ocrx_word' id='word_1_152' title='bbox 628 1907 712 1932; x_wconf 93' lang='lat' dir='ltr'>non</span> <span class='ocrx_word' id='word_1_153' title='bbox 725 1897 827 1932; x_wconf 90' lang='lat' dir='ltr'>Mer-</span> 
     </span>
     <span class='ocr_line' id='line_1_29' title="bbox 113 1951 828 1989; baseline 0.003 -2"><span class='ocrx_word' id='word_1_154' title='bbox 113 1953 262 1989; x_wconf 79' lang='lat' dir='ltr'>curius.</span> <span class='ocrx_word' id='word_1_155' title='bbox 280 1952 509 1988; x_wconf 87' lang='lat' dir='ltr'>Transitum</span> <span class='ocrx_word' id='word_1_156' title='bbox 526 1963 547 1987; x_wconf 88' lang='lat' dir='ltr'>a</span> <span class='ocrx_word' id='word_1_157' title='bbox 563 1951 664 1988; x_wconf 82' lang='lat' dir='ltr'>laetis</span> <span class='ocrx_word' id='word_1_158' title='bbox 683 1952 732 1989; x_wconf 91' lang='lat' dir='ltr'>ad</span> <span class='ocrx_word' id='word_1_159' title='bbox 744 1954 828 1989; x_wconf 89' lang='lat' dir='ltr'>tris-</span> 
     </span>
     <span class='ocr_line' id='line_1_30' title="bbox 110 2008 827 2060; baseline 0.001 -14"><span class='ocrx_word' id='word_1_160' title='bbox 110 2010 183 2054; x_wconf 73' lang='lat' dir='ltr'>tia,</span> <span class='ocrx_word' id='word_1_161' title='bbox 224 2008 400 2060; x_wconf 84' lang='lat' dir='ltr'>adeoque</span> <span class='ocrx_word' id='word_1_162' title='bbox 439 2008 741 2046; x_wconf 87' lang='lat' dir='ltr'>delectationem</span> <span class='ocrx_word' id='word_1_163' title='bbox 777 2024 827 2047; x_wconf 86' lang='lat' dir='ltr'>ex</span> 
     </span>
     <span class='ocr_line' id='line_1_31' title="bbox 112 2067 827 2116; baseline -0.001 -12"><span class='ocrx_word' id='word_1_164' title='bbox 112 2080 245 2104; x_wconf 83' lang='lat' dir='ltr'>rerum</span> <span class='ocrx_word' id='word_1_165' title='bbox 255 2068 455 2111; x_wconf 79' lang='lat' dir='ltr'>varietate,</span> <span class='ocrx_word' id='word_1_166' title='bbox 470 2067 744 2116; x_wconf 80' lang='lat' dir='ltr'>unusquisque</span> <span class='ocrx_word' id='word_1_167' title='bbox 761 2067 827 2105; x_wconf 75' lang='lat' dir='ltr'>ol)-</span> 
     </span>
     <span class='ocr_line' id='line_1_32' title="bbox 112 2123 733 2174; baseline 0.002 -13"><span class='ocrx_word' id='word_1_168' title='bbox 112 2134 253 2162; x_wconf 83' lang='lat' dir='ltr'>servet.</span> <span class='ocrx_word' id='word_1_169' title='bbox 275 2125 381 2162; x_wconf 92' lang='lat' dir='ltr'>conf.</span> <span class='ocrx_word' id='word_1_170' title='bbox 401 2127 547 2174; x_wconf 78' lang='lat' dir='ltr'>Tmpp.</span> <span class='ocrx_word' id='word_1_171' title='bbox 573 2123 621 2160; x_wconf 91' lang='lat' dir='ltr'>ad</span> <span class='ocrx_word' id='word_1_172' title='bbox 644 2124 683 2162; x_wconf 86' lang='lat' dir='ltr'>h.</span> <span class='ocrx_word' id='word_1_173' title='bbox 707 2125 733 2162; x_wconf 93' lang='lat' dir='ltr'>l.</span> 
     </span>
    </p>

    <p class='ocr_par' dir='ltr' id='par_1_5' title="bbox 111 2182 832 2805">
     <span class='ocr_line' id='line_1_33' title="bbox 172 2182 819 2228; baseline 0.003 -10"><span class='ocrx_word' id='word_1_174' title='bbox 172 2182 415 2228; x_wconf 70' lang='lat'>604—610.</span> <span class='ocrx_word' id='word_1_175' title='bbox 453 2184 612 2219; x_wconf 75' lang='lat' dir='ltr'>Mutata</span> <span class='ocrx_word' id='word_1_176' title='bbox 643 2183 819 2228; x_wconf 67' lang='lat' dir='ltr'>novavit,</span> 
     </span>
     <span class='ocr_line' id='line_1_34' title="bbox 112 2240 824 2291; baseline 0.001 -14"><span class='ocrx_word' id='word_1_177' title='bbox 112 2253 186 2291; x_wconf 83' lang='lat' dir='ltr'>pro</span> <span class='ocrx_word' id='word_1_178' title='bbox 204 2240 392 2286; x_wconf 75' lang='lat' dir='ltr'>mutavit,</span> <span class='ocrx_word' id='word_1_179' title='bbox 420 2248 571 2278; x_wconf 86' lang='lat' dir='ltr'>ornate.</span> <span class='ocrx_word' id='word_1_180' title='bbox 593 2240 731 2278; x_wconf 88' lang='lat' dir='ltr'>Manil.</span> <span class='ocrx_word' id='word_1_181' title='bbox 752 2244 824 2286; x_wconf 76' lang='lat' dir='ltr'>IV,</span> 
     </span>
     <span class='ocr_line' id='line_1_35' title="bbox 117 2297 825 2348; baseline 0.001 -13"><span class='ocrx_word' id='word_1_182' title='bbox 117 2299 198 2335; x_wconf 88' lang='lat'>580</span> <span class='ocrx_word' id='word_1_183' title='bbox 221 2298 381 2336; x_wconf 77' lang='lat' dir='ltr'>Scilicet</span> <span class='ocrx_word' id='word_1_184' title='bbox 415 2298 455 2335; x_wconf 77' lang='lat' dir='ltr'>in</span> <span class='ocrx_word' id='word_1_185' title='bbox 483 2297 631 2348; x_wconf 65' lang='lat' dir='ltr'>piscem</span> <span class='ocrx_word' id='word_1_186' title='bbox 651 2312 734 2335; x_wconf 88' lang='lat' dir='ltr'>sese</span> <span class='ocrx_word' id='word_1_187' title='bbox 755 2300 825 2348; x_wconf 69' lang='lat' dir='ltr'>Cy·-</span> 
     </span>
     <span class='ocr_line' id='line_1_36' title="bbox 112 2354 824 2394; baseline 0.003 -2"><span class='ocrx_word' id='word_1_188' title='bbox 112 2354 249 2394; x_wconf 84' lang='lat' dir='ltr'>therea</span> <span class='ocrx_word' id='word_1_189' title='bbox 284 2355 451 2394; x_wconf 75' lang='lat' dir='ltr'>novavit.</span> <span class='ocrx_word' id='word_1_190' title='bbox 484 2359 670 2394; x_wconf 82' lang='lat' dir='ltr'>Fortunae</span> <span class='ocrx_word' id='word_1_191' title='bbox 694 2365 824 2394; x_wconf 85' lang='lat' dir='ltr'>autern</span> 
     </span>
     <span class='ocr_line' id='line_1_37' title="bbox 111 2413 825 2468; baseline 0.003 -18"><span class='ocrx_word' id='word_1_192' title='bbox 111 2413 281 2468; x_wconf 75' lang='lat' dir='ltr'>perfidia</span> <span class='ocrx_word' id='word_1_193' title='bbox 309 2427 353 2451; x_wconf 88' lang='lat' dir='ltr'>ac</span> <span class='ocrx_word' id='word_1_194' title='bbox 373 2414 476 2466; x_wconf 85' lang='lat' dir='ltr'>fides</span> <span class='ocrx_word' id='word_1_195' title='bbox 498 2416 663 2465; x_wconf 91' lang='lat' dir='ltr'>proprio</span> <span class='ocrx_word' id='word_1_196' title='bbox 691 2415 825 2465; x_wconf 89' lang='lat' dir='ltr'>aliquo</span> 
     </span>
     <span class='ocr_line' id='line_1_38' title="bbox 115 2470 828 2523; baseline 0.003 -15"><span class='ocrx_word' id='word_1_197' title='bbox 115 2470 234 2510; x_wconf 90' lang='lat' dir='ltr'>modo</span> <span class='ocrx_word' id='word_1_198' title='bbox 269 2472 482 2519; x_wconf 82' lang='lat' dir='ltr'>tribuitur,</span> <span class='ocrx_word' id='word_1_199' title='bbox 503 2481 697 2523; x_wconf 86' lang='lat' dir='ltr'>quatenus</span> <span class='ocrx_word' id='word_1_200' title='bbox 730 2472 828 2510; x_wconf 87' lang='lat' dir='ltr'>fallit</span> 
     </span>
     <span class='ocr_line' id='line_1_39' title="bbox 114 2530 828 2579; baseline 0.001 -13"><span class='ocrx_word' id='word_1_201' title='bbox 114 2541 223 2579; x_wconf 90' lang='lat' dir='ltr'>spem</span> <span class='ocrx_word' id='word_1_202' title='bbox 240 2530 305 2567; x_wconf 83' lang='lat' dir='ltr'>vel</span> <span class='ocrx_word' id='word_1_203' title='bbox 319 2539 510 2568; x_wconf 87' lang='lat' dir='ltr'>sustentat</span> <span class='ocrx_word' id='word_1_204' title='bbox 527 2531 744 2568; x_wconf 86' lang='lat' dir='ltr'>constantia</span> <span class='ocrx_word' id='word_1_205' title='bbox 761 2539 828 2568; x_wconf 88' lang='lat' dir='ltr'>aut</span> 
     </span>
     <span class='ocr_line' id='line_1_40' title="bbox 114 2587 831 2639; baseline 0.003 -15"><span class='ocrx_word' id='word_1_206' title='bbox 114 2587 272 2625; x_wconf 85' lang='lat' dir='ltr'>levitate</span> <span class='ocrx_word' id='word_1_207' title='bbox 288 2600 370 2626; x_wconf 84' lang='lat' dir='ltr'>sua.</span> <span class='ocrx_word' id='word_1_208' title='bbox 386 2591 532 2626; x_wconf 83' lang='lat' dir='ltr'>Ventos</span> <span class='ocrx_word' id='word_1_209' title='bbox 540 2588 724 2639; x_wconf 83' lang='lat' dir='ltr'>adspirat</span> <span class='ocrx_word' id='word_1_210' title='bbox 741 2601 831 2626; x_wconf 82' lang='lat' dir='ltr'>eun-</span> 
     </span>
     <span class='ocr_line' id='line_1_41' title="bbox 115 2643 830 2697; baseline 0.004 -16"><span class='ocrx_word' id='word_1_211' title='bbox 115 2643 149 2680; x_wconf 83' lang='lat' dir='ltr'>ti</span> <span class='ocrx_word' id='word_1_212' title='bbox 159 2673 169 2692; x_wconf 95' lang='lat'>,</span> <span class='ocrx_word' id='word_1_213' title='bbox 192 2645 377 2696; x_wconf 79' lang='lat' dir='ltr'>proeclare</span> <span class='ocrx_word' id='word_1_214' title='bbox 393 2659 467 2697; x_wconf 87' lang='lat' dir='ltr'>pro</span> <span class='ocrx_word' id='word_1_215' title='bbox 480 2675 491 2692; x_wconf 94' lang='lat'>,</span> <span class='ocrx_word' id='word_1_216' title='bbox 515 2647 715 2685; x_wconf 84' lang='lat' dir='ltr'>volantem</span> <span class='ocrx_word' id='word_1_217' title='bbox 734 2648 830 2684; x_wconf 90' lang='lat' dir='ltr'>inci-</span> 
     </span>
     <span class='ocr_line' id='line_1_42' title="bbox 117 2705 832 2756; baseline 0.004 -18"><span class='ocrx_word' id='word_1_218' title='bbox 117 2710 195 2748; x_wconf 84' lang='lat' dir='ltr'>tat,</span> <span class='ocrx_word' id='word_1_219' title='bbox 221 2716 435 2755; x_wconf 87' lang='lat' dir='ltr'>properare</span> <span class='ocrx_word' id='word_1_220' title='bbox 462 2705 579 2752; x_wconf 81' lang='lat' dir='ltr'>facit3</span> <span class='ocrx_word' id='word_1_221' title='bbox 598 2705 710 2756; x_wconf 89' lang='lat' dir='ltr'>quod</span> <span class='ocrx_word' id='word_1_222' title='bbox 733 2705 832 2756; x_wconf 90' lang='lat' dir='ltr'>opti-</span> 
     </span>
     <span class='ocr_line' id='line_1_43' title="bbox 119 2758 832 2805; baseline 0.006 -7"><span class='ocrx_word' id='word_1_223' title='bbox 119 2772 180 2798; x_wconf 83' lang='lat' dir='ltr'>me</span> <span class='ocrx_word' id='word_1_224' title='bbox 197 2758 244 2803; x_wconf 78' lang='lat' dir='ltr'>fit</span> <span class='ocrx_word' id='word_1_225' title='bbox 264 2770 383 2805; x_wconf 83' lang='lat' dir='ltr'>vento</span> <span class='ocrx_word' id='word_1_226' title='bbox 399 2762 574 2802; x_wconf 85' lang='lat' dir='ltr'>secundo</span> <span class='ocrx_word' id='word_1_227' title='bbox 598 2763 666 2802; x_wconf 80' lang='lat' dir='ltr'>alis</span> <span class='ocrx_word' id='word_1_228' title='bbox 681 2764 832 2802; x_wconf 85' lang='lat' dir='ltr'>immis-</span> 
     </span>
    </p>
   </div>
   <div class='ocr_carea' id='block_1_4' title="bbox 886 732 1621 2805">
    <p class='ocr_par' dir='ltr' id='par_1_6' title="bbox 886 732 1621 2805">
     <span class='ocr_line' id='line_1_44' title="bbox 903 732 1618 785; baseline 0.003 -15"><span class='ocrx_word' id='word_1_229' title='bbox 903 747 960 772; x_wconf 90' lang='lat' dir='ltr'>so.</span> <span class='ocrx_word' id='word_1_230' title='bbox 984 732 1049 771; x_wconf 85' lang='lat' dir='ltr'>Ad</span> <span class='ocrx_word' id='word_1_231' title='bbox 1075 734 1324 771; x_wconf 87' lang='lat' dir='ltr'>Mercurium</span> <span class='ocrx_word' id='word_1_232' title='bbox 1342 734 1502 784; x_wconf 86' lang='lat' dir='ltr'>Jupiter</span> <span class='ocrx_word' id='word_1_233' title='bbox 1530 747 1618 785; x_wconf 88' lang='lat' dir='ltr'>sup.</span> 
     </span>
     <span class='ocr_line' id='line_1_45' title="bbox 903 792 1616 844; baseline 0 -16"><span class='ocrx_word' id='word_1_234' title='bbox 903 793 962 828; x_wconf 92' lang='lat' dir='ltr'>IV</span> <span class='ocrx_word' id='word_1_235' title='bbox 975 819 985 837; x_wconf 87' lang='lat'>‚</span> <span class='ocrx_word' id='word_1_236' title='bbox 1008 792 1088 829; x_wconf 84' lang='lat'>223</span> <span class='ocrx_word' id='word_1_237' title='bbox 1113 792 1226 828; x_wconf 86' lang='lat' dir='ltr'>Vade</span> <span class='ocrx_word' id='word_1_238' title='bbox 1247 805 1348 844; x_wconf 79' lang='lat' dir='ltr'>age,</span> <span class='ocrx_word' id='word_1_239' title='bbox 1369 801 1481 837; x_wconf 82' lang='lat' dir='ltr'>nate,</span> <span class='ocrx_word' id='word_1_240' title='bbox 1508 806 1616 829; x_wconf 81' lang='lat' dir='ltr'>voca</span> 
     </span>
     <span class='ocr_line' id='line_1_46' title="bbox 903 848 1620 900; baseline 0 -13"><span class='ocrx_word' id='word_1_241' title='bbox 903 853 940 887; x_wconf 93' lang='lat' dir='ltr'><em>Z</em></span> <span class='ocrx_word' id='word_1_242' title='bbox 943 848 1110 900; x_wconf 68' lang='lat' dir='ltr'>ephyros</span> <span class='ocrx_word' id='word_1_243' title='bbox 1129 859 1169 887; x_wconf 88' lang='lat' dir='ltr'>et</span> <span class='ocrx_word' id='word_1_244' title='bbox 1189 849 1323 887; x_wconf 85' lang='lat' dir='ltr'>labere</span> <span class='ocrx_word' id='word_1_245' title='bbox 1333 849 1498 900; x_wconf 82' lang='lat' dir='ltr'>pennis.</span> <span class='ocrx_word' id='word_1_246' title='bbox 1519 852 1620 888; x_wconf 83' lang='lat' dir='ltr'>Sunt</span> 
     </span>
     <span class='ocr_line' id='line_1_47' title="bbox 903 907 1619 946; baseline -0.001 -1"><span class='ocrx_word' id='word_1_247' title='bbox 903 917 1035 945; x_wconf 87' lang='lat' dir='ltr'>autem</span> <span class='ocrx_word' id='word_1_248' title='bbox 1056 907 1165 946; x_wconf 89' lang='lat' dir='ltr'>modi</span> <span class='ocrx_word' id='word_1_249' title='bbox 1193 908 1371 945; x_wconf 77' lang='lat' dir='ltr'>volatum</span> <span class='ocrx_word' id='word_1_250' title='bbox 1391 907 1619 945; x_wconf 88' lang='lat' dir='ltr'>declarandi</span> 
     </span>
     <span class='ocr_line' id='line_1_48' title="bbox 904 964 1621 1017; baseline 0 -15"><span class='ocrx_word' id='word_1_251' title='bbox 904 968 1003 1002; x_wconf 79' lang='lat' dir='ltr'>varii</span> <span class='ocrx_word' id='word_1_252' title='bbox 1025 964 1131 1016; x_wconf 90' lang='lat' dir='ltr'>apud</span> <span class='ocrx_word' id='word_1_253' title='bbox 1162 974 1298 1016; x_wconf 89' lang='lat' dir='ltr'>poetas</span> <span class='ocrx_word' id='word_1_254' title='bbox 1316 978 1325 1003; x_wconf 75' lang='grc' dir='ltr'>ε</span> <span class='ocrx_word' id='word_1_255' title='bbox 1356 965 1475 1003; x_wconf 93' lang='lat' dir='ltr'>modo</span> <span class='ocrx_word' id='word_1_256' title='bbox 1485 965 1621 1017; x_wconf 70' lang='lat' dir='ltr'>fertur</span> 
     </span>
     <span class='ocr_line' id='line_1_49' title="bbox 902 1023 1615 1074; baseline -0.001 -13"><span class='ocrx_word' id='word_1_257' title='bbox 902 1023 1049 1074; x_wconf 76' lang='lat' dir='ltr'>aliquis</span> <span class='ocrx_word' id='word_1_258' title='bbox 1062 1033 1188 1060; x_wconf 76' lang='lat' dir='ltr'>vento</span> <span class='ocrx_word' id='word_1_259' title='bbox 1198 1052 1209 1067; x_wconf 92' lang='lat'>,</span> <span class='ocrx_word' id='word_1_260' title='bbox 1226 1032 1271 1060; x_wconf 92' lang='lat' dir='ltr'>ut</span> <span class='ocrx_word' id='word_1_261' title='bbox 1283 1032 1321 1061; x_wconf 86' lang='lat' dir='ltr'>et</span> <span class='ocrx_word' id='word_1_262' title='bbox 1333 1023 1440 1074; x_wconf 86' lang='lat' dir='ltr'>apud</span> <span class='ocrx_word' id='word_1_263' title='bbox 1452 1025 1615 1061; x_wconf 86' lang='lat' dir='ltr'>Homer.</span> 
     </span>
     <span class='ocr_line' id='line_1_50' title="bbox 902 1078 1615 1133; baseline -0.003 -15"><span class='ocrx_word' id='word_1_264' title='bbox 902 1080 1043 1119; x_wconf 79' lang='grc' dir='ltr'>πέτετο</span> <span class='ocrx_word' id='word_1_265' title='bbox 1070 1083 1220 1133; x_wconf 70' lang='grc' dir='ltr'>πνοιῇσ’</span> <span class='ocrx_word' id='word_1_266' title='bbox 1254 1078 1409 1133; x_wconf 68' lang='grc' dir='ltr'>ἀνέμοιο</span> <span class='ocrx_word' id='word_1_267' title='bbox 1451 1093 1460 1118; x_wconf 89' lang='lat'><strong>:</strong></span> <span class='ocrx_word' id='word_1_268' title='bbox 1493 1082 1615 1119; x_wconf 85' lang='lat' dir='ltr'>modo</span> 
     </span>
     <span class='ocr_line' id='line_1_51' title="bbox 903 1137 1618 1193; baseline 0 -17"><span class='ocrx_word' id='word_1_269' title='bbox 903 1140 1012 1177; x_wconf 67' lang='lat' dir='ltr'>volat</span> <span class='ocrx_word' id='word_1_270' title='bbox 1040 1137 1125 1192; x_wconf 78' lang='grc' dir='ltr'>ἅμα</span> <span class='ocrx_word' id='word_1_271' title='bbox 1150 1139 1300 1191; x_wconf 69' lang='grc' dir='ltr'>πνοιῇσ’</span> <span class='ocrx_word' id='word_1_272' title='bbox 1330 1137 1484 1193; x_wconf 72' lang='grc' dir='ltr'>ἀνέμοιο</span> <span class='ocrx_word' id='word_1_273' title='bbox 1513 1140 1618 1190; x_wconf 88' lang='lat' dir='ltr'>apud</span> 
     </span>
     <span class='ocr_line' id='line_1_52' title="bbox 904 1197 1616 1247; baseline 0 -13"><span class='ocrx_word' id='word_1_274' title='bbox 904 1200 1125 1235; x_wconf 89' lang='lat' dir='ltr'>Homerum</span> <span class='ocrx_word' id='word_1_275' title='bbox 1157 1206 1195 1235; x_wconf 91' lang='lat' dir='ltr'>et</span> <span class='ocrx_word' id='word_1_276' title='bbox 1233 1197 1476 1243; x_wconf 88' lang='lat' dir='ltr'>Hesiodum,</span> <span class='ocrx_word' id='word_1_277' title='bbox 1506 1198 1616 1247; x_wconf 84' lang='lat' dir='ltr'>quod</span> 
     </span>
     <span class='ocr_line' id='line_1_53' title="bbox 900 1255 1615 1306; baseline 0.001 -14"><span class='ocrx_word' id='word_1_278' title='bbox 900 1255 1100 1292; x_wconf 88' lang='lat' dir='ltr'>redditum</span> <span class='ocrx_word' id='word_1_279' title='bbox 1133 1265 1214 1292; x_wconf 84' lang='lat' dir='ltr'>erat</span> <span class='ocrx_word' id='word_1_280' title='bbox 1250 1268 1369 1306; x_wconf 90' lang='lat' dir='ltr'>supra</span> <span class='ocrx_word' id='word_1_281' title='bbox 1393 1258 1472 1301; x_wconf 90' lang='lat' dir='ltr'>IV,</span> <span class='ocrx_word' id='word_1_282' title='bbox 1502 1263 1578 1300; x_wconf 71' lang='lat'>241</span> <span class='ocrx_word' id='word_1_283' title='bbox 1606 1270 1615 1294; x_wconf 73' lang='grc' dir='ltr'><strong><em>ε</em></strong></span> 
     </span>
     <span class='ocr_line' id='line_1_54' title="bbox 900 1313 1616 1351; baseline 0 -1"><span class='ocrx_word' id='word_1_284' title='bbox 900 1315 1150 1351; x_wconf 86' lang='lat' dir='ltr'>Mercurium</span> <span class='ocrx_word' id='word_1_285' title='bbox 1172 1313 1306 1351; x_wconf 81' lang='lat' dir='ltr'>talaria</span> <span class='ocrx_word' id='word_1_286' title='bbox 1318 1313 1524 1350; x_wconf 84' lang='lat' dir='ltr'>sublimem</span> <span class='ocrx_word' id='word_1_287' title='bbox 1538 1314 1616 1350; x_wconf 75' lang='lat' dir='ltr'>alis</span> 
     </span>
     <span class='ocr_line' id='line_1_55' title="bbox 902 1371 1610 1422; baseline 0.001 -14"><span class='ocrx_word' id='word_1_288' title='bbox 902 1371 1123 1418; x_wconf 89' lang='lat' dir='ltr'>volantem,</span> <span class='ocrx_word' id='word_1_289' title='bbox 1166 1371 1308 1422; x_wconf 82' lang='lat' dir='ltr'>rapido</span> <span class='ocrx_word' id='word_1_290' title='bbox 1335 1371 1493 1422; x_wconf 77' lang='lat' dir='ltr'>pariter</span> <span class='ocrx_word' id='word_1_291' title='bbox 1523 1386 1610 1409; x_wconf 87' lang='lat' dir='ltr'>cum</span> 
     </span>
     <span class='ocr_line' id='line_1_56' title="bbox 887 1430 1611 1483; baseline 0.001 -17"><span class='ocrx_word' id='word_1_292' title='bbox 887 1430 1067 1483; x_wconf 79' lang='lat' dir='ltr'>flamine</span> <span class='ocrx_word' id='word_1_293' title='bbox 1079 1438 1270 1481; x_wconf 83' lang='lat' dir='ltr'>portant,</span> <span class='ocrx_word' id='word_1_294' title='bbox 1291 1442 1360 1466; x_wconf 90' lang='lat' dir='ltr'>seu</span> <span class='ocrx_word' id='word_1_295' title='bbox 1395 1439 1440 1467; x_wconf 85' lang='lat' dir='ltr'>ut</span> <span class='ocrx_word' id='word_1_296' title='bbox 1481 1439 1611 1481; x_wconf 84' lang='lat' dir='ltr'>aequet</span> 
     </span>
     <span class='ocr_line' id='line_1_57' title="bbox 898 1487 1608 1536; baseline 0 -11"><span class='ocrx_word' id='word_1_297' title='bbox 898 1497 1088 1536; x_wconf 85' lang='lat' dir='ltr'>ventum,</span> <span class='ocrx_word' id='word_1_298' title='bbox 1105 1502 1174 1526; x_wconf 91' lang='lat' dir='ltr'>seu</span> <span class='ocrx_word' id='word_1_299' title='bbox 1204 1497 1250 1525; x_wconf 87' lang='lat' dir='ltr'>ut</span> <span class='ocrx_word' id='word_1_300' title='bbox 1274 1487 1384 1525; x_wconf 86' lang='lat' dir='ltr'>volet</span> <span class='ocrx_word' id='word_1_301' title='bbox 1410 1500 1489 1525; x_wconf 88' lang='lat' dir='ltr'>una</span> <span class='ocrx_word' id='word_1_302' title='bbox 1518 1501 1608 1525; x_wconf 91' lang='lat' dir='ltr'>cum</span> 
     </span>
     <span class='ocr_line' id='line_1_58' title="bbox 895 1546 1610 1594; baseline -0.001 -10"><span class='ocrx_word' id='word_1_303' title='bbox 895 1555 1036 1594; x_wconf 84' lang='lat' dir='ltr'>vent03</span> <span class='ocrx_word' id='word_1_304' title='bbox 1056 1560 1148 1584; x_wconf 90' lang='lat' dir='ltr'>nam</span> <span class='ocrx_word' id='word_1_305' title='bbox 1166 1555 1212 1585; x_wconf 91' lang='lat' dir='ltr'>ut</span> <span class='ocrx_word' id='word_1_306' title='bbox 1228 1547 1278 1584; x_wconf 90' lang='lat' dir='ltr'>sit</span> <span class='ocrx_word' id='word_1_307' title='bbox 1295 1558 1304 1584; x_wconf 92' lang='lat'>:</span> <span class='ocrx_word' id='word_1_308' title='bbox 1325 1546 1432 1584; x_wconf 79' lang='lat' dir='ltr'>volat</span> <span class='ocrx_word' id='word_1_309' title='bbox 1449 1555 1529 1583; x_wconf 86' lang='lat' dir='ltr'>tam</span> <span class='ocrx_word' id='word_1_310' title='bbox 1548 1559 1610 1583; x_wconf 86' lang='lat' dir='ltr'>ce-</span> 
     </span>
     <span class='ocr_line' id='line_1_59' title="bbox 893 1605 1609 1656; baseline 0 -14"><span class='ocrx_word' id='word_1_311' title='bbox 893 1606 1028 1642; x_wconf 87' lang='lat' dir='ltr'>leriter</span> <span class='ocrx_word' id='word_1_312' title='bbox 1038 1619 1157 1656; x_wconf 90' lang='lat' dir='ltr'>quam</span> <span class='ocrx_word' id='word_1_313' title='bbox 1168 1613 1311 1643; x_wconf 88' lang='lat' dir='ltr'>ventus</span> <span class='ocrx_word' id='word_1_314' title='bbox 1323 1632 1333 1650; x_wconf 94' lang='lat'>‚</span> <span class='ocrx_word' id='word_1_315' title='bbox 1353 1618 1421 1643; x_wconf 93' lang='lat' dir='ltr'>seu</span> <span class='ocrx_word' id='word_1_316' title='bbox 1435 1633 1445 1652; x_wconf 92' lang='lat'>‚</span> <span class='ocrx_word' id='word_1_317' title='bbox 1459 1614 1504 1642; x_wconf 92' lang='lat' dir='ltr'>ut</span> <span class='ocrx_word' id='word_1_318' title='bbox 1521 1605 1609 1642; x_wconf 89' lang='lat' dir='ltr'>red—</span> 
     </span>
     <span class='ocr_line' id='line_1_60' title="bbox 895 1663 1608 1715; baseline -0.001 -14"><span class='ocrx_word' id='word_1_319' title='bbox 895 1663 1009 1710; x_wconf 85' lang='lat' dir='ltr'>dunt,</span> <span class='ocrx_word' id='word_1_320' title='bbox 1021 1665 1201 1701; x_wconf 81' lang='lat' dir='ltr'>similiter</span> <span class='ocrx_word' id='word_1_321' title='bbox 1219 1676 1263 1700; x_wconf 88' lang='lat' dir='ltr'>ac</span> <span class='ocrx_word' id='word_1_322' title='bbox 1285 1672 1447 1710; x_wconf 71' lang='lat' dir='ltr'>ventus,</span> <span class='ocrx_word' id='word_1_323' title='bbox 1471 1676 1608 1715; x_wconf 86' lang='lat' dir='ltr'>repug-</span> 
     </span>
     <span class='ocr_line' id='line_1_61' title="bbox 895 1719 1604 1774; baseline -0.001 -15"><span class='ocrx_word' id='word_1_324' title='bbox 895 1730 962 1759; x_wconf 88' lang='lat' dir='ltr'>nat</span> <span class='ocrx_word' id='word_1_325' title='bbox 978 1723 1069 1759; x_wconf 90' lang='lat' dir='ltr'>usui</span> <span class='ocrx_word' id='word_1_326' title='bbox 1086 1721 1276 1773; x_wconf 85' lang='lat' dir='ltr'>loquendi</span> <span class='ocrx_word' id='word_1_327' title='bbox 1293 1724 1358 1759; x_wconf 71' lang='grc' dir='ltr'>τεῦ</span> <span class='ocrx_word' id='word_1_328' title='bbox 1379 1719 1465 1774; x_wconf 72' lang='grc' dir='ltr'>ἅμα</span> <span class='ocrx_word' id='word_1_329' title='bbox 1486 1730 1524 1759; x_wconf 85' lang='lat' dir='ltr'>et</span> <span class='ocrx_word' id='word_1_330' title='bbox 1537 1724 1604 1759; x_wconf 68' lang='grc' dir='ltr'>τοῦ</span> 
     </span>
     <span class='ocr_line' id='line_1_62' title="bbox 886 1779 1606 1830; baseline -0.001 -13"><span class='ocrx_word' id='word_1_331' title='bbox 886 1780 1046 1830; x_wconf 84' lang='lat' dir='ltr'>pariter</span> <span class='ocrx_word' id='word_1_332' title='bbox 1067 1794 1170 1818; x_wconf 86' lang='lat' dir='ltr'>cum.</span> <span class='ocrx_word' id='word_1_333' title='bbox 1199 1782 1302 1818; x_wconf 81' lang='lat' dir='ltr'>Mox</span> <span class='ocrx_word' id='word_1_334' title='bbox 1325 1780 1433 1817; x_wconf 80' lang='lat' dir='ltr'>iuius</span> <span class='ocrx_word' id='word_1_335' title='bbox 1451 1779 1606 1817; x_wconf 85' lang='lat' dir='ltr'>volatus</span> 
     </span>
     <span class='ocr_line' id='line_1_63' title="bbox 894 1837 1607 1890; baseline 0 -16"><span class='ocrx_word' id='word_1_336' title='bbox 894 1838 1168 1875; x_wconf 86' lang='lat' dir='ltr'>declarabatur</span> <span class='ocrx_word' id='word_1_337' title='bbox 1187 1851 1196 1876; x_wconf 93' lang='lat'>:</span> <span class='ocrx_word' id='word_1_338' title='bbox 1219 1837 1309 1890; x_wconf 80' lang='lat' dir='ltr'>agit</span> <span class='ocrx_word' id='word_1_339' title='bbox 1322 1846 1465 1875; x_wconf 79' lang='lat' dir='ltr'>ventos</span> <span class='ocrx_word' id='word_1_340' title='bbox 1485 1847 1524 1874; x_wconf 86' lang='lat' dir='ltr'>et</span> <span class='ocrx_word' id='word_1_341' title='bbox 1540 1851 1607 1874; x_wconf 79' lang='grc' dir='ltr'>ηα-</span> 
     </span>
     <span class='ocr_line' id='line_1_64' title="bbox 892 1893 1607 1945; baseline -0.001 -14"><span class='ocrx_word' id='word_1_342' title='bbox 892 1895 975 1932; x_wconf 82' lang='lat' dir='ltr'>bila</span> <span class='ocrx_word' id='word_1_343' title='bbox 1010 1903 1169 1940; x_wconf 79' lang='lat' dir='ltr'>tranat,</span> <span class='ocrx_word' id='word_1_344' title='bbox 1196 1893 1316 1932; x_wconf 76' lang='lat' dir='ltr'>findit</span> <span class='ocrx_word' id='word_1_345' title='bbox 1354 1907 1507 1942; x_wconf 89' lang='lat' dir='ltr'>aerem,</span> <span class='ocrx_word' id='word_1_346' title='bbox 1529 1908 1607 1945; x_wconf 83' lang='lat' dir='ltr'>qua</span> 
     </span>
     <span class='ocr_line' id='line_1_65' title="bbox 893 1952 1607 2004; baseline 0 -15"><span class='ocrx_word' id='word_1_347' title='bbox 893 1952 1096 2004; x_wconf 87' lang='lat' dir='ltr'>pervolat,</span> <span class='ocrx_word' id='word_1_348' title='bbox 1134 1961 1172 1990; x_wconf 85' lang='lat' dir='ltr'>et</span> <span class='ocrx_word' id='word_1_349' title='bbox 1202 1953 1303 2002; x_wconf 83' lang='lat' dir='ltr'>agit,</span> <span class='ocrx_word' id='word_1_350' title='bbox 1331 1960 1488 1997; x_wconf 87' lang='lat' dir='ltr'>movet,</span> <span class='ocrx_word' id='word_1_351' title='bbox 1517 1960 1607 1989; x_wconf 77' lang='lat' dir='ltr'>ante</span> 
     </span>
     <span class='ocr_line' id='line_1_66' title="bbox 893 2009 1607 2048; baseline 0 -1"><span class='ocrx_word' id='word_1_352' title='bbox 893 2023 946 2048; x_wconf 87' lang='lat' dir='ltr'>se.</span> <span class='ocrx_word' id='word_1_353' title='bbox 963 2010 1132 2047; x_wconf 80' lang='lat'>—608.</span> <span class='ocrx_word' id='word_1_354' title='bbox 1154 2012 1322 2047; x_wconf 82' lang='lat' dir='ltr'>Monens</span> <span class='ocrx_word' id='word_1_355' title='bbox 1344 2009 1539 2047; x_wconf 89' lang='lat' dir='ltr'>Montalb.</span> <span class='ocrx_word' id='word_1_356' title='bbox 1569 2019 1607 2047; x_wconf 86' lang='lat' dir='ltr'>et</span> 
     </span>
     <span class='ocr_line' id='line_1_67' title="bbox 895 2067 1604 2118; baseline 0 -13"><span class='ocrx_word' id='word_1_357' title='bbox 895 2067 956 2105; x_wconf 90' lang='lat' dir='ltr'>ed.</span> <span class='ocrx_word' id='word_1_358' title='bbox 977 2069 1090 2105; x_wconf 89' lang='lat' dir='ltr'>Junt.</span> <span class='ocrx_word' id='word_1_359' title='bbox 1106 2095 1118 2112; x_wconf 93' lang='lat'>‚</span> <span class='ocrx_word' id='word_1_360' title='bbox 1139 2068 1258 2105; x_wconf 88' lang='lat' dir='ltr'>solito</span> <span class='ocrx_word' id='word_1_361' title='bbox 1291 2067 1417 2118; x_wconf 85' lang='lat' dir='ltr'>lapsu.</span> <span class='ocrx_word' id='word_1_362' title='bbox 1438 2069 1604 2105; x_wconf 80' lang='lat' dir='ltr'>Satura-</span> 
     </span>
     <span class='ocr_line' id='line_1_68' title="bbox 895 2125 1604 2164; baseline 0.003 -2"><span class='ocrx_word' id='word_1_363' title='bbox 895 2136 937 2162; x_wconf 87' lang='lat' dir='ltr'>ta</span> <span class='ocrx_word' id='word_1_364' title='bbox 958 2125 1076 2164; x_wconf 89' lang='lat' dir='ltr'>codd.</span> <span class='ocrx_word' id='word_1_365' title='bbox 1098 2127 1200 2164; x_wconf 90' lang='lat' dir='ltr'>Picr.</span> <span class='ocrx_word' id='word_1_366' title='bbox 1230 2134 1268 2163; x_wconf 89' lang='lat' dir='ltr'>et</span> <span class='ocrx_word' id='word_1_367' title='bbox 1291 2138 1455 2163; x_wconf 88' lang='lat' dir='ltr'>suorum</span> <span class='ocrx_word' id='word_1_368' title='bbox 1478 2139 1523 2163; x_wconf 87' lang='lat' dir='ltr'>ac</span> <span class='ocrx_word' id='word_1_369' title='bbox 1548 2128 1604 2164; x_wconf 87' lang='lat' dir='ltr'>A-</span> 
     </span>
     <span class='ocr_line' id='line_1_69' title="bbox 893 2184 1603 2223; baseline 0.004 -3"><span class='ocrx_word' id='word_1_370' title='bbox 893 2184 1041 2221; x_wconf 89' lang='lat' dir='ltr'>rusiani</span> <span class='ocrx_word' id='word_1_371' title='bbox 1071 2184 1207 2222; x_wconf 85' lang='lat' dir='ltr'>Messii</span> <span class='ocrx_word' id='word_1_372' title='bbox 1241 2185 1472 2221; x_wconf 86' lang='lat' dir='ltr'>auctoritate</span> <span class='ocrx_word' id='word_1_373' title='bbox 1497 2189 1603 2223; x_wconf 83' lang='lat' dir='ltr'>soni-</span> 
     </span>
     <span class='ocr_line' id='line_1_70' title="bbox 892 2242 1605 2292; baseline 0.003 -14"><span class='ocrx_word' id='word_1_374' title='bbox 892 2255 970 2292; x_wconf 90' lang='lat' dir='ltr'>que</span> <span class='ocrx_word' id='word_1_375' title='bbox 987 2243 1178 2280; x_wconf 81' lang='lat' dir='ltr'>suavitate</span> <span class='ocrx_word' id='word_1_376' title='bbox 1198 2243 1347 2292; x_wconf 87' lang='lat' dir='ltr'>recepit</span> <span class='ocrx_word' id='word_1_377' title='bbox 1359 2242 1495 2281; x_wconf 88' lang='lat' dir='ltr'>Heius.</span> <span class='ocrx_word' id='word_1_378' title='bbox 1507 2244 1605 2280; x_wconf 82' lang='lat' dir='ltr'>Vul-</span> 
     </span>
     <span class='ocr_line' id='line_1_71' title="bbox 893 2301 1605 2351; baseline 0.004 -15"><span class='ocrx_word' id='word_1_379' title='bbox 893 2314 943 2351; x_wconf 83' lang='lat' dir='ltr'>go</span> <span class='ocrx_word' id='word_1_380' title='bbox 953 2309 1202 2338; x_wconf 70' lang='lat' dir='ltr'>exsaturata.</span> <span class='ocrx_word' id='word_1_381' title='bbox 1212 2301 1405 2338; x_wconf 79' lang='lat' dir='ltr'>—Mulea</span> <span class='ocrx_word' id='word_1_382' title='bbox 1418 2314 1577 2339; x_wconf 79' lang='lat' dir='ltr'>movens</span> <span class='ocrx_word' id='word_1_383' title='bbox 1591 2316 1605 2337; x_wconf 87' lang='grc'>.-</span> 
     </span>
     <span class='ocr_line' id='line_1_72' title="bbox 891 2359 1604 2409; baseline 0.003 -14"><span class='ocrx_word' id='word_1_384' title='bbox 891 2372 980 2409; x_wconf 89' lang='lat' dir='ltr'>sup.</span> <span class='ocrx_word' id='word_1_385' title='bbox 1001 2360 1082 2405; x_wconf 85' lang='lat'>111,</span> <span class='ocrx_word' id='word_1_386' title='bbox 1111 2359 1162 2404; x_wconf 78' lang='grc'>34</span> <span class='ocrx_word' id='word_1_387' title='bbox 1183 2359 1314 2396; x_wconf 81' lang='lat' dir='ltr'>multa</span> <span class='ocrx_word' id='word_1_388' title='bbox 1339 2372 1499 2397; x_wconf 82' lang='lat' dir='ltr'>movens</span> <span class='ocrx_word' id='word_1_389' title='bbox 1518 2361 1604 2397; x_wconf 83' lang='lat' dir='ltr'>am&#39;-</span> 
     </span>
     <span class='ocr_line' id='line_1_73' title="bbox 893 2417 1603 2465; baseline 0.006 -13"><span class='ocrx_word' id='word_1_390' title='bbox 893 2429 981 2461; x_wconf 90' lang='lat' dir='ltr'>mo,</span> <span class='ocrx_word' id='word_1_391' title='bbox 1025 2417 1190 2454; x_wconf 70' lang='lat' dir='ltr'>volvens</span> <span class='ocrx_word' id='word_1_392' title='bbox 1210 2445 1221 2464; x_wconf 92' lang='lat'>‚</span> <span class='ocrx_word' id='word_1_393' title='bbox 1256 2417 1502 2465; x_wconf 74' lang='lat' dir='ltr'>machinat23</span> <span class='ocrx_word' id='word_1_394' title='bbox 1540 2421 1575 2457; x_wconf 82' lang='lat' dir='ltr'>X</span> <span class='ocrx_word' id='word_1_395' title='bbox 1592 2448 1603 2465; x_wconf 90' lang='lat'>‚</span> 
     </span>
     <span class='ocr_line' id='line_1_74' title="bbox 895 2474 1603 2526; baseline 0.004 -15"><span class='ocrx_word' id='word_1_396' title='bbox 895 2475 978 2524; x_wconf 84' lang='lat'>890</span> <span class='ocrx_word' id='word_1_397' title='bbox 1011 2475 1142 2512; x_wconf 83' lang='lat' dir='ltr'>Multa</span> <span class='ocrx_word' id='word_1_398' title='bbox 1168 2488 1327 2513; x_wconf 81' lang='lat' dir='ltr'>movens</span> <span class='ocrx_word' id='word_1_399' title='bbox 1347 2475 1488 2514; x_wconf 82' lang='lat' dir='ltr'>animo</span> <span class='ocrx_word' id='word_1_400' title='bbox 1514 2474 1603 2526; x_wconf 84' lang='lat' dir='ltr'>jam</span> 
     </span>
     <span class='ocr_line' id='line_1_75' title="bbox 895 2532 1604 2584; baseline 0.004 -15"><span class='ocrx_word' id='word_1_401' title='bbox 895 2532 1060 2570; x_wconf 82' lang='lat' dir='ltr'>tandem</span> <span class='ocrx_word' id='word_1_402' title='bbox 1086 2533 1268 2584; x_wconf 81' lang='lat' dir='ltr'>erumpit.</span> <span class='ocrx_word' id='word_1_403' title='bbox 1287 2537 1412 2574; x_wconf 88' lang='lat' dir='ltr'>Porro</span> <span class='ocrx_word' id='word_1_404' title='bbox 1434 2533 1604 2572; x_wconf 82' lang='lat' dir='ltr'>necdum</span> 
     </span>
     <span class='ocr_line' id='line_1_76' title="bbox 895 2590 1603 2643; baseline 0.006 -16"><span class='ocrx_word' id='word_1_405' title='bbox 895 2590 1107 2643; x_wconf 83' lang='lat' dir='ltr'>antiquum</span> <span class='ocrx_word' id='word_1_406' title='bbox 1124 2601 1307 2630; x_wconf 84' lang='lat' dir='ltr'>saturata</span> <span class='ocrx_word' id='word_1_407' title='bbox 1338 2592 1529 2631; x_wconf 80' lang='lat' dir='ltr'>dolorem.</span> <span class='ocrx_word' id='word_1_408' title='bbox 1553 2595 1603 2631; x_wconf 81' lang='lat' dir='ltr'>E-</span> 
     </span>
     <span class='ocr_line' id='line_1_77' title="bbox 898 2651 1605 2702; baseline 0.003 -16"><span class='ocrx_word' id='word_1_409' title='bbox 898 2657 986 2687; x_wconf 88' lang='lat' dir='ltr'>rant</span> <span class='ocrx_word' id='word_1_410' title='bbox 1017 2663 1105 2701; x_wconf 91' lang='lat' dir='ltr'>sup.</span> <span class='ocrx_word' id='word_1_411' title='bbox 1142 2653 1161 2688; x_wconf 90' lang='lat'>1</span> <span class='ocrx_word' id='word_1_412' title='bbox 1173 2678 1185 2697; x_wconf 90' lang='lat'>,</span> <span class='ocrx_word' id='word_1_413' title='bbox 1223 2651 1278 2689; x_wconf 80' lang='lat'>25</span> <span class='ocrx_word' id='word_1_414' title='bbox 1322 2663 1380 2702; x_wconf 80' lang='lat' dir='ltr'>sq.</span> <span class='ocrx_word' id='word_1_415' title='bbox 1415 2651 1605 2702; x_wconf 82' lang='lat' dir='ltr'>expositae</span> 
     </span>
     <span class='ocr_line' id='line_1_78' title="bbox 897 2708 1604 2755; baseline 0 -11"><span class='ocrx_word' id='word_1_416' title='bbox 897 2719 1043 2745; x_wconf 86' lang='lat' dir='ltr'>caussae</span> <span class='ocrx_word' id='word_1_417' title='bbox 1061 2721 1073 2753; x_wconf 89' lang='lat'>;</span> <span class='ocrx_word' id='word_1_418' title='bbox 1095 2716 1134 2746; x_wconf 79' lang='lat' dir='ltr'>et</span> <span class='ocrx_word' id='word_1_419' title='bbox 1155 2708 1251 2746; x_wconf 88' lang='lat' dir='ltr'>hinc</span> <span class='ocrx_word' id='word_1_420' title='bbox 1269 2711 1287 2747; x_wconf 92' lang='lat'>1</span> <span class='ocrx_word' id='word_1_421' title='bbox 1302 2737 1312 2755; x_wconf 94' lang='lat'>‚</span> <span class='ocrx_word' id='word_1_422' title='bbox 1336 2716 1360 2753; x_wconf 73' lang='grc'>4</span> <span class='ocrx_word' id='word_1_423' title='bbox 1391 2721 1604 2746; x_wconf 82' lang='lat' dir='ltr'>memorem</span> 
     </span>
     <span class='ocr_line' id='line_1_79' title="bbox 897 2765 1605 2805; baseline 0.001 -4"><span class='ocrx_word' id='word_1_424' title='bbox 897 2765 1069 2803; x_wconf 73' lang='lat' dir='ltr'>Iunonis</span> <span class='ocrx_word' id='word_1_425' title='bbox 1079 2766 1127 2804; x_wconf 84' lang='lat' dir='ltr'>ob</span> <span class='ocrx_word' id='word_1_426' title='bbox 1144 2765 1244 2805; x_wconf 75' lang='lat' dir='ltr'>iram</span> <span class='ocrx_word' id='word_1_427' title='bbox 1257 2774 1341 2805; x_wconf 83' lang='lat' dir='ltr'>erat</span> <span class='ocrx_word' id='word_1_428' title='bbox 1352 2766 1517 2805; x_wconf 84' lang='lat' dir='ltr'>dictum.</span> <span class='ocrx_word' id='word_1_429' title='bbox 1535 2768 1605 2803; x_wconf 80' lang='lat' dir='ltr'>Ite-</span> 
     </span>
    </p>
   </div>
  </div>
 </body>
</html>
