1767 3054
120 117 196 153 188

742 121 985 158 AENEIDOS

116 192 225 244 Quo
251 188 422 234 fessum
449 188 635 251 rapitis,
659 188 824 236 Fabii?
850 203 900 236 tu
926 190 1164 238 Maximus
1190 193 1266 240 isse
1285 211 1356 251 05,

116 265 250 309 Unus
276 264 357 325 qui
377 263 514 310 nobis
540 265 806 310 cunctando
832 266 1042 312 restituis
1065 283 1178 313 rem.

184 358 202 378 υ
225 337 472 384 Excudent
494 339 571 383 alii
594 339 822 400 spirantia
843 339 1029 385 mollius
1056 357 1171 399 aera,

117 410 272 457 Credo
293 411 534 473 equidem3
561 413 695 459 vivos
717 413 891 457 ducent
916 413 974 458 de
997 429 1231 461 marmorc
1252 417 1429 476 voltus;

120 484 339 531 Orabunt
364 502 548 531 caussas
571 486 759 544 mclius;
782 485 981 547 coelique
1005 499 1184 534 meatus

1559 501 1618 532 850

120 559 401 604 Describcnt
426 559 581 616 radio,
615 570 661 605 et
686 560 925 621 surgentia
945 559 1101 606 sidera
1121 561 1276 612 dicent
1298 582 1308 608 z

119 636 192 678 Tu
217 649 379 695 regere
401 634 603 695 imperio
626 634 850 696 populos,
872 637 1108 692 Romane,
1131 647 1388 695 mement03

122 710 207 754 11ae
234 708 321 754 tibi
346 719 485 755 erunt
510 721 653 767 artes,
677 709 898 771 pacisque
925 710 1154 773 inponere
1178 727 1380 769 morem,

123 908 311 951 bricium,
339 909 382 944 in
408 920 529 957 parva
557 921 598 944 re
622 907 836 946 domestica

124 965 286 1002 divitem
302 978 311 1009 3
335 965 396 1001 uti
411 974 618 1002 concentus
628 979 755 1015 parvo
774 967 838 1003 ali-

123 1024 211 1074 quis
232 1022 391 1060 dicitur.
412 1025 471 1060 De
490 1024 533 1060 C.
552 1024 678 1061 Atilio
699 1025 836 1061 Serra-

123 1094 174 1117 no
207 1094 245 1118 v.
280 1080 382 1118 Plin.
417 1083 565 1119 Histor.
592 1083 729 1119 Natur.
765 1082 836 1119 lib.

122 1140 287 1184 XVIII,
327 1140 370 1185 3,
401 1152 433 1177 3.
466 1147 514 1185 43
539 1140 718 1177 Perizon.
737 1140 837 1177 Ani·

123 1195 253 1234 madv.
273 1198 375 1235 Hist.
398 1210 431 1235 e.
459 1210 496 1234 1.

184 1255 266 1299 846
280 1282 290 1300 ‚
307 1255 403 1302 847.
430 1257 588 1292 Fessum
603 1283 612 1300 ‚
634 1268 696 1292 me
723 1255 843 1306 longa

124 1314 301 1350 oratione
314 1341 324 1359 ‚
345 1326 471 1362 quum
492 1312 540 1349 de
559 1313 690 1350 Fabiis
710 1321 768 1349 tot
787 1312 844 1349 di-

123 1370 245 1408 cenda
266 1379 425 1409 restent.
440 1373 499 1408 De
516 1371 638 1409 Fabio
656 1370 843 1408 filaximo

126 1430 366 1467 Cunctatore
399 1442 536 1466 versus
565 1429 732 1466 debetur
764 1430 843 1465 En-

124 1488 206 1524 nio.

187 1544 429 1588 848—854.
450 1546 576 1581 Locus
595 1543 704 1580 haud
724 1542 844 1580 dubie

126 1617 146 1640 e
170 1601 424 1640 nobilissimis
438 1631 448 1649 ,
471 1615 552 1652 quo
573 1605 845 1640 Romanorum

125 1661 283 1712 ingenia
311 1669 349 1696 et
377 1660 515 1697 laudes
546 1673 637 1696 cum
673 1660 844 1705 Graecis,

127 1731 218 1755 nam
243 1718 289 1754 ad
316 1718 388 1755 hos
412 1718 662 1768 potissimum
682 1718 846 1766 respice-

125 1790 168 1814 re
206 1776 333 1813 videri
376 1775 515 1821 debet,
553 1783 844 1825 comparantur.

127 1835 257 1872 Graeci
273 1833 511 1884 praestabant
533 1835 675 1870 artium
695 1833 848 1882 elegan-

128 1895 204 1939 tia3
226 1906 276 1929 ex
305 1893 352 1928 iis
380 1900 495 1942 poeta
519 1892 605 1928 aeris
625 1889 845 1936 fundendi,

126 1952 411 1999 marmorisque
421 1949 631 1998 sculpendi
642 1957 763 1985 artem
773 1961 848 1984 me-

128 2017 277 2052 morat3
301 2007 396 2044 felix
425 2007 531 2044 idem
555 2015 612 2043 est
641 2007 685 2042 in
702 2006 846 2043 verbo-

128 2080 218 2103 rum
244 2065 419 2104 dilectu:
439 2078 522 2102 cera
549 2063 744 2116 spirantia
771 2072 847 2100 sta-

128 2133 227 2170 tuae3
249 2137 337 2174 quae
357 2124 467 2160 vivos
484 2124 589 2159 viros
606 2121 769 2158 reddere
790 2122 848 2157 vi-

130 2181 299 2227 dentur3
337 2189 376 2218 et
410 2179 590 2226 mollius,
629 2192 720 2216 nam
754 2192 848 2228 pro-

129 2240 261 2288 prium
280 2241 322 2276 in
344 2240 465 2290 signis
483 2237 574 2274 hoc.
595 2252 633 2274 v.
653 2237 847 2287 Quinctil.

131 2297 235 2341 XII,
270 2310 316 2333 10
336 2324 346 2342 ‚
382 2310 419 2343 7.
451 2296 608 2333 Scilicet
630 2295 772 2344 partim
801 2293 851 2331 ad

131 2355 335 2390 veritatem
351 2363 519 2400 naturae,
541 2365 707 2402 corpore
724 2359 762 2388 et
773 2364 854 2388 car-

131 2424 182 2448 ne
217 2419 402 2460 tanquam
432 2411 482 2447 ad
510 2419 656 2447 tactum
680 2409 852 2446 molliter

134 2481 208 2506 aere
227 2468 290 2504 vel
307 2481 501 2505 marmore
518 2468 685 2511 reddita,
706 2468 850 2516 partim

135 2527 381 2564 extremitate
405 2525 540 2562 formae
567 2534 668 2561 caste
692 2533 731 2560 et
750 2523 850 2560 mol·

134 2585 224 2621 liter
251 2581 520 2620 circumducta
544 2593 582 2620 et
616 2582 850 2618 circumlita.

136 2644 230 2681 Non
251 2641 350 2677 male
366 2648 498 2676 autem
517 2641 682 2678 Ursinus
700 2639 854 2688 praecla-

138 2712 229 2736 rum
261 2697 420 2736 Pindari
451 2695 499 2733 de
526 2696 693 2734 Rhodiis
722 2697 855 2733 locum

140 2765 339 2809 comparat
377 2754 539 2807 Olymp.
581 2755 684 2800 VII,
725 2766 775 2803 91
798 2773 856 2798 —-,

904 923 972 959 99.
986 931 1044 938 —
1055 909 1076 945 8
1085 916 1150 959 49.
1170 909 1275 947 Cedo
1287 908 1509 947 emendavit
1519 911 1630 948 Mar·

903 967 1039 1005 kland.
1062 967 1108 1004 ad
1128 970 1222 1005 Stat.
1247 980 1287 1017 p.
1316 967 1339 1004 5
1366 969 1450 1005 sine
1480 967 1622 1005 idonea

906 1038 1051 1062 caussa.
1067 1025 1117 1062 cf.
1132 1027 1267 1062 Burm.
1283 1026 1339 1062 Ec
1348 1025 1457 1062 'vivos
1470 1025 1623 1075 aliquot

906 1082 1012 1133 apud
1028 1084 1180 1128 Burm.‚
1193 1082 1302 1119 haud
1318 1082 1437 1120 dubie
1450 1083 1622 1120 mollius.

902 1163 962 1170 -—-
987 1141 1084 1178 850.
1125 1141 1256 1177 Graeci
1283 1141 1520 1191 praestabant
1549 1140 1627 1177 elo-

906 1199 1067 1249 quentia
1080 1227 1090 1244 ,
1112 1207 1150 1235 et
1164 1198 1327 1248 quidem
1339 1199 1507 1245 forensi,
1531 1199 1630 1235 Ora-

909 1257 1007 1293 bunc
1027 1269 1186 1293 caussas
1211 1255 1350 1293 melius
1359 1285 1372 1302 ,
1395 1265 1434 1293 et
1452 1255 1630 1307 philoso-

907 1314 1035 1364 phicis
1044 1313 1402 1364 mathematicisque
1412 1314 1554 1351 studiis
1565 1327 1576 1361 ;
1590 1323 1630 1351 at

910 1373 1015 1408 enim
1028 1399 1040 1415 ‚
1063 1371 1105 1406 id
1127 1371 1237 1421 quod
1254 1381 1412 1422 poetam
1439 1371 1603 1409 decebat
1616 1401 1626 1418 ‚

910 1443 962 1466 ex
975 1430 1022 1465 iis
1040 1441 1168 1465 unum
1194 1442 1318 1478 genus
1340 1430 1474 1480 posuit
1492 1431 1627 1475 Maro,

912 1495 1108 1523 astrorum
1122 1487 1324 1523 scientiam
1338 1500 1347 1526 ε
1359 1486 1452 1525 coelc'
1462 1495 1628 1532 meatus,

912 1544 952 1581 h.
968 1557 1000 1581 e.
1019 1543 1193 1581 siderum
1211 1557 1350 1582 cursus
1363 1574 1374 1593 ,
1393 1544 1622 1590 describent,

914 1599 1107 1639 definient
1125 1604 1169 1639 in
1197 1601 1348 1651 sphaera
1370 1603 1542 1648 coelesti,
1563 1615 1629 1639 ra-

913 1659 1004 1704 dio,
1034 1659 1139 1710 virga
1155 1688 1165 1706 ‚
1189 1660 1356 1709 petitum
1380 1673 1400 1697 a
1423 1660 1631 1710 geometri-

913 1719 967 1754 cis
986 1713 1125 1766 figuris
1137 1745 1150 1762 ‚
1169 1729 1257 1766 quae
1276 1718 1318 1754 in
1334 1718 1498 1768 pulvere
1516 1716 1631 1753 duc&

913 1775 1081 1819 bantnr3
1100 1777 1155 1813 Ut
1167 1774 1250 1812 Ecl.
1270 1776 1329 1812 III
1343 1803 1353 1821 ,
1373 1783 1422 1820 41
1447 1773 1630 1824 Descrip-

915 1832 965 1869 sit
983 1830 1098 1868 radio
1119 1840 1243 1869 totam
1275 1833 1343 1883 qui
1360 1831 1544 1884 gentibus
1572 1845 1632 1869 or-

915 1890 1015 1927 bem.
1043 1893 1099 1928 At
1125 1891 1314 1929 Romanis
1332 1892 1512 1941 proprias
1532 1898 1632 1927 artes

913 1961 995 1985 esse
1016 1948 1246 1988 contendit:
1266 1956 1311 1984 ut
1338 1950 1535 1998 imperent
1553 1956 1631 1984 ter-

914 2020 1049 2045 rarum
1081 2006 1192 2052 orbi,
1213 2014 1251 2043 et
1274 2015 1342 2043 aut
1367 2007 1410 2042 in
1437 2005 1631 2042 foederum

915 2077 1045 2116 aequas
1075 2064 1180 2115 leges
1199 2064 1416 2113 recipiant,
1434 2065 1506 2113 qui
1524 2076 1565 2100 se
1583 2061 1633 2099 ad

916 2135 1057 2160 eorum
1087 2122 1300 2158 amicitiam
1320 2121 1540 2172 applicant,
1566 2127 1634 2156 aut

917 2193 984 2217 eos
1003 2182 1074 2231 qui
1101 2192 1204 2216 arma
1225 2187 1401 2224 sumant,
1421 2174 1632 2215 debellent.

916 2260 974 2266 -—-
987 2239 1082 2276 853.
1117 2236 1295 2287 Pacique
1311 2237 1428 2273 multi
1445 2235 1579 2284 scripti
1595 2241 1634 2269 et

919 2295 1014 2333 editi
1047 2294 1140 2332 inde
1167 2294 1217 2330 ab
1241 2293 1363 2331 Aldd.
1396 2305 1488 2329 cum
1514 2293 1630 2328 Rom.

918 2362 957 2390 et
979 2353 1125 2391 Medic.
1154 2351 1231 2390 Sed
1252 2351 1353 2388 bene
1374 2351 1509 2387 Burm.
1534 2360 1634 2397 prae-

918 2411 1011 2448 tulit
1026 2409 1216 2461 pacisque
1243 2420 1294 2445 ex
1323 2405 1504 2444 codicum
1523 2413 1633 2455 parte

917 2469 1019 2506 Pier.
1048 2476 1087 2505 et
1118 2467 1255 2504 Heius.
1289 2472 1329 2500 et
1357 2475 1520 2500 suorum
1550 2475 1634 2499 non

917 2521 1227 2567 contemnenda3
1257 2533 1349 2558 nam
1378 2528 1458 2566 est,
1485 2532 1639 2557 morem-

911 2582 1028 2633 pacis
1045 2582 1268 2630 imponere,
1289 2577 1330 2614 h.
1354 2591 1389 2615 e.
1407 2577 1512 2628 leges
1526 2578 1636 2628 pacis

919 2651 1095 2690 ponere,
1127 2636 1251 2681 ferre,
1280 2643 1326 2671 ut
1356 2634 1428 2672 lib.
1463 2638 1501 2680 Ι,
1527 2635 1638 2680 264ζ

920 2696 1041 2733 verba
1057 2703 1185 2731 tamen
1211 2694 1272 2729 vir
1290 2691 1539 2729 doctissimus
1561 2693 1641 2728 mi-

920 2766 997 2792 nus
1014 2752 1115 2790 bene
1131 2753 1425 2802 interpretatur.
1446 2772 1502 2796 —‚-
1518 2747 1642 2788 Pacis
