1767 3054
677 94 830 132 LIBER
860 96 930 131 VI.

1486 105 1559 144 ιω

60 169 308 216 Vestibulo
332 167 519 217 sedeat?
546 165 686 212 facies
710 183 816 228 quae
838 166 1000 212 limina
1026 170 1210 214 servet?
1505 182 1565 221 ⁵75

61 243 416 307 Quinquaginta
434 240 547 288 atris
572 240 788 286 immanis
810 240 1020 288 hiatibus
1033 242 1200 303 Hydra

58 321 243 366 Saevior
262 319 386 365 intus
408 315 553 363 habet
570 316 756 374 sedem;
782 328 881 363 tum
906 320 1131 364 Tartarus
1161 318 1260 381 ipsc

58 395 134 440 Bis
158 405 286 457 patet
308 394 357 439 in
380 410 590 456 praeceps
617 402 796 438 tantum
810 428 823 450 ‚
849 393 1094 454 tenditque
1119 393 1208 440 sub
1235 393 1453 454 umbras,

60 470 277 524 Quantus
302 469 361 515 ad
385 468 634 514 aethcrium
658 467 763 513 coeli
785 480 1032 530 suspectus
1058 469 1329 534 Olympum.

58 543 148 589 Hic
173 559 320 606 genus
340 543 588 605 antiquum
607 545 788 600 Tcrrae,
813 541 999 588 Titania
1025 542 1198 603 pubes,

1499 555 1560 586 580

55 619 269 665 Fulmine
291 619 481 682 dejecti,
506 618 653 663 fundo
673 618 932 662 volvuntur
951 617 999 662 in
1019 617 1128 662 imo.

54 693 146 740 Hic
171 706 217 740 et
241 694 433 741 Aloidas
457 693 690 756 geminos,
719 692 941 738 immania
962 692 1061 738 vidi

56 770 294 830 Corpora,
323 770 405 832 qui
431 769 647 815 manibus
672 785 893 830 magnum
916 766 1186 815 rescindere
1210 768 1379 814 coelum

56 845 302 908 Adgressi,
324 845 603 907 superisque
624 848 790 891 Jovem
816 844 1069 890 detrudere
1091 844 1262 906 regnis.

52 1010 134 1049 hnc
152 1019 268 1062 poeta
280 1011 460 1062 egit.—-5
467 1012 532 1058 76.
549 1014 604 1050 At
616 1011 770 1061 Hydra,

51 1070 209 1119 inquies
223 1097 233 1113 ,
253 1071 296 1106 in
314 1069 512 1107 vestibulo
524 1071 610 1107 orci
626 1083 663 1107 v.
691 1071 768 1117 287

50 1127 156 1163 inter
174 1135 300 1163 cetera
317 1135 491 1163 monstra
515 1128 588 1164 fuit
609 1129 774 1164 recensi-

53 1192 105 1220 ta.
125 1186 216 1221 Jam
228 1185 387 1222 Servius
408 1187 565 1222 monuit
582 1186 673 1223 hoe.
692 1187 771 1222 Ex-

51 1240 213 1291 peditur
235 1243 340 1279 varie
359 1254 369 1279 2
391 1242 573 1292 equidem
591 1243 769 1294 Hydram

51 1311 136 1336 non
155 1297 204 1335 de
224 1312 303 1336 uua
331 1300 397 1337 illa
431 1299 480 1336 ab
503 1302 674 1338 Hercule
698 1301 768 1339 do·

52 1357 147 1393 mita
161 1384 172 1402 ,
188 1356 258 1394 sed
273 1357 504 1408 simpliciter
521 1371 595 1408 pro
614 1372 769 1410 serpen·

52 1421 90 1450 te
111 1422 337 1452 monstroso
359 1414 504 1452 dictam
527 1418 692 1468 accipio.
709 1439 768 1446 —

53 1471 159 1520 577,
195 1471 298 1520 578,
329 1473 410 1525 579
435 1485 486 1510 ex
509 1474 619 1512 Iliad.
640 1475 681 1521 0,
717 1475 767 1512 16

49 1536 89 1565 et
104 1529 267 1568 Hesiod.
289 1532 323 1579 θ,
343 1544 424 1579 720
447 1544 531 1582 sqq.
550 1533 654 1571 conf.
668 1532 766 1571 ibid.

52 1595 133 1635 740
150 1601 235 1638 sqq.
259 1591 473 1628 notissimis
491 1590 613 1637 locis;
638 1591 707 1628 sed
726 1592 770 1628 in

47 1648 174 1695 majus
212 1655 327 1685 aucta
359 1661 419 1686 re.
443 1670 500 1677 —-
533 1650 628 1699 579.
668 1651 768 1687 Bur-

48 1715 218 1742 mannus
256 1714 347 1754 post
381 1708 594 1755 Ursinum,
629 1709 771 1744 Lucre-

48 1761 149 1798 tium
177 1762 258 1806 IV,
289 1763 368 1807 418
385 1791 396 1809 ,
424 1771 529 1814 419,
549 1766 769 1802 imitatione

47 1831 280 1868 expressum
305 1827 452 1856 monet.
486 1822 630 1857 Saltem
661 1824 768 1857 simi-

46 1874 176 1912 litudo
208 1875 338 1924 aliqua
372 1876 584 1913 intercedit
605 1889 615 1914 :
652 1890 763 1927 aquae

47 1933 230 1970 collectio
255 1955 313 1961 —
350 1934 586 1982 Despectam
611 1934 767 1983 praebec

45 1991 115 2027 sub
148 2000 272 2027 terras
303 1990 446 2040 impete
466 1999 598 2035 tanto,
624 1993 664 2028 A
688 2001 763 2028 ter-

45 2047 98 2085 ris
110 2057 303 2098 quantum
322 2047 412 2085 coeli
422 2057 538 2097 patet
554 2049 658 2086 altus
678 2047 763 2085 hia-

47 2115 119 2143 tus.
161 2105 248 2143 Alia
272 2106 491 2143 similitudo
524 2116 582 2144 est
616 2107 763 2158 Georg.

45 2164 87 2200 11
100 2191 111 2209 ,
137 2176 188 2213 29
200 2177 214 2200 1
249 2163 432 2202 AEsculus
448 2186 505 2192 —
522 2177 612 2215 qua·
634 2178 764 2214 quan-

46 2228 129 2257 tum
150 2221 300 2258 vertice
325 2221 383 2258 ad
395 2235 516 2257 auras
538 2221 761 2266 AEthen‘as,

47 2287 202 2316 tantum
216 2279 350 2316 radice
361 2279 420 2315 ad
437 2281 606 2316 Tartara
625 2279 764 2317 tendit.

47 2357 106 2366 --
119 2336 218 2374 Coeli
234 2347 452 2388 suspectus,
473 2337 514 2375 h.
529 2351 561 2375 e.
582 2351 765 2388 prospec-

46 2401 110 2431 tus
141 2408 214 2445 per
241 2408 367 2433 aerem
387 2394 512 2446 (male
539 2397 645 2432 enim
673 2397 764 2442 juu-

46 2460 147 2502 gunt
186 2453 278 2490 coeli
310 2451 571 2503 Olympum),
608 2465 628 2489 a
662 2461 764 2490 terra

45 2508 104 2545 ad
134 2510 366 2561 Olympum,
399 2511 458 2547 ad
478 2511 646 2555 coelum;
674 2524 763 2548 nam

45 2578 96 2604 ex
114 2569 278 2606 Tartaro
296 2577 530 2619 prospectus
547 2568 597 2605 ad
617 2568 763 2606 coelum

45 2627 300 2676 essenequit;
329 2627 478 2677 quippe
510 2639 602 2663 cum
633 2626 758 2663 infera

45 2679 132 2718 loca
148 2682 228 2720 sint
244 2682 320 2721 sub
341 2692 463 2730 terra,
480 2692 520 2721 et
545 2684 685 2721 subter
712 2685 760 2721 iis

45 2736 204 2777 demum
214 2741 398 2780 Tartarus
409 2741 615 2794 depressus
621 2742 759 2791 jaceat.

842 1012 946 1050 Talis
971 1012 1088 1049 etiam
1123 1014 1308 1049 Tartarus
1339 1011 1414 1049 sub
1448 1012 1561 1050 Hade

841 1070 947 1120 apud
982 1072 1145 1108 Homer.
1184 1069 1295 1106 Iliad.
1321 1069 1361 1116 θ,
1392 1070 1439 1107 13
1472 1083 1556 1121 sqq.

841 1128 891 1165 cf.
927 1129 1109 1166 Jortinus
1143 1128 1245 1164 Diss.
1284 1129 1368 1173 VI,
1402 1140 1442 1178 p.
1474 1135 1557 1172 224

838 1199 923 1236 sqq.
953 1187 1104 1223 Tartari
1130 1186 1274 1236 igitur,
1297 1186 1369 1235 qui
1387 1185 1461 1222 sub
1481 1187 1559 1223 Ha-

838 1243 886 1280 de
899 1270 909 1289 ,
930 1245 1041 1292 isque
1072 1242 1148 1279 sub
1176 1250 1279 1278 terra
1312 1251 1391 1288 est,
1411 1244 1444 1278 si
1465 1255 1555 1280 eum

836 1302 1034 1351 ingressus
1072 1299 1216 1344 fueris,
1248 1307 1355 1336 tanta
1394 1301 1436 1336 in
1468 1313 1558 1349 pro-

835 1357 1008 1394 fundum
1036 1364 1093 1394 est
1110 1355 1278 1394 altitudo
1291 1384 1301 1403 ,
1319 1364 1365 1393 nt
1386 1358 1558 1406 spatium

835 1415 920 1463 ejus
937 1416 987 1452 sit
1007 1414 1068 1452 bis
1086 1422 1239 1451 tantum
1253 1443 1263 1461 ‚
1286 1422 1481 1465 quantum
1499 1415 1559 1451 in-

835 1482 895 1510 ter
924 1481 1068 1510 terram
1110 1480 1149 1510 et
1183 1472 1403 1523 Olympum
1416 1500 1427 1518 ‚
1463 1484 1556 1523 pro-

836 1539 975 1581 spectu
996 1544 1016 1568 e
1034 1539 1134 1568 terra
1147 1543 1218 1581 per
1240 1543 1370 1567 aerem
1392 1529 1509 1567 facto.

897 1589 978 1626 580
994 1616 1004 1634 ,
1028 1588 1122 1627 581.
1145 1602 1185 1626 v.
1215 1587 1378 1626 Hesiod.
1403 1587 1554 1639 Theog.

841 1658 919 1697 129
943 1659 1003 1698 sq.
1032 1646 1222 1698 Apollod.
1250 1648 1294 1694 Ι,
1316 1659 1336 1684 2
1358 1674 1369 1694 ‚
1395 1659 1428 1683 1.
1451 1647 1556 1683 Tita-

835 1716 904 1741 nas
915 1704 1091 1758 γηγενεῖς
1105 1705 1295 1757 designat.
1310 1705 1448 1741 Fando
1465 1703 1553 1740 vol-

835 1771 977 1798 vantur
986 1762 1026 1799 in
1040 1762 1132 1808 imo,
1148 1764 1346 1814 praeclare,
1359 1770 1406 1799 ut
1427 1762 1553 1798 imum

836 1818 883 1854 ad
904 1822 1112 1857 Tartarum
1133 1820 1314 1858 detrusos
1331 1819 1551 1857 exhiberet.

891 1877 1132 1920 582—584.
1158 1880 1218 1913 De
1236 1879 1316 1914 Oto
1339 1884 1377 1912 et
1396 1875 1552 1926 Ephial-

830 1939 868 1968 te
892 1932 1008 1971 Aloei
1032 1933 1057 1970 f.
1077 1933 1274 1971 videndus
1294 1935 1456 1971 Homer.
1471 1931 1548 1970 Od.

829 1992 876 2034 λ,
897 1990 1352 2040 304-3193Ap0110d,
1374 1992 1393 2026 I
1407 2018 1417 2036 ‚
1440 2005 1459 2038 7
1475 2019 1485 2035 ‚
1510 1998 1551 2035 4.

830 2049 1048 2097 Expressus
1069 2049 1102 2084 is
1125 2056 1183 2086 est
1205 2047 1245 2085 h.
1267 2048 1293 2086 l.
1318 2061 1340 2085 a
1358 2050 1551 2092 Marone,

834 2117 906 2141 nec
934 2112 1086 2151 tamen,
1121 2115 1166 2144 ut
1188 2105 1429 2143 sublimitate
1458 2119 1550 2144 cum

834 2164 1008 2200 Homero
1033 2163 1272 2201 contendere
1289 2164 1420 2202 vellet.
1433 2165 1547 2215 Spec-

833 2228 889 2257 tat
922 2229 1052 2259 autem
1091 2221 1175 2259 haec
1216 2230 1255 2258 et
1291 2234 1458 2272 sequens
1494 2222 1549 2259 fa-

834 2277 931 2315 bula
957 2277 1004 2315 ad
1029 2279 1189 2330 mythos
1213 2279 1346 2330 stirpis
1362 2278 1547 2326 AEolicae,

830 2349 931 2385 quos
947 2350 1070 2388 genus
1089 2337 1323 2388 mythorum
1341 2336 1480 2374 rudius
1511 2346 1551 2374 et

831 2396 1031 2444 antiquius
1058 2396 1299 2432 constituere
1327 2394 1547 2447 deprehen-

831 2450 896 2490 do.
936 2452 1016 2491 vid.
1048 2452 1238 2503 Apollod.
1271 2454 1314 2496 1,
1346 2467 1364 2501 7
1382 2480 1392 2498 ,
1412 2453 1433 2489 3
1459 2466 1545 2504 sqq.

831 2518 869 2546 et
890 2511 981 2549 Not.
1011 2518 1106 2548 tom.
1139 2512 1223 2557 111,
1247 2511 1327 2549 tab.
1357 2511 1480 2554 VIII,
1507 2523 1547 2560 p.

837 2568 956 2606 1005.
980 2568 1234 2606 Manifestum
1254 2568 1359 2606 hoc
1349 2581 1391 2606 in
1410 2567 1499 2604 his
1488 2581 1549 2617 lp-

826 2627 877 2662 sis
898 2625 1065 2673 fabulis,
1094 2639 1184 2676 quae
1205 2626 1246 2664 h.
1275 2626 1302 2664 l.
1331 2625 1548 2673 snbjiciun-

828 2691 893 2719 tur
915 2683 964 2721 de
990 2655 1168 2732 Aldidis,
1197 2684 1405 2723 Salmoneo
1428 2690 1466 2720 et
1487 2695 1545 2736 ce:

827 2748 931 2780 tens.
