1767 3054
182 135 231 168 ῆι»
807 128 1048 166 AENEIDOS

178 205 267 249 llic
292 201 438 248 oculis
463 201 672 248 subitum
698 199 922 262 objicitur
941 212 1205 260 magnoque
1228 198 1441 243 futurum

180 278 395 340 Augurio
414 287 678 323 monstrum
701 294 709 320 :
738 274 900 320 docuit
921 283 1027 335 post
1047 273 1198 320 exitus
1218 272 1403 335 ingens,

179 359 385 416 Seraque
410 352 606 399 terrifici
630 350 902 396 cecinerunt
922 348 1079 394 omina
1101 358 1244 395 vates.

178 524 519 582 pizestantimibus
531 522 708 572 reposuit
729 520 866 558 Heius.
879 548 889 567 ,

181 598 224 625 ut
243 588 322 634 jam
346 583 495 620 Pierius
517 593 568 616 ex
595 581 775 616 Romano
794 578 895 615 aliis-

179 657 256 695 que
272 644 365 679 suis.
389 639 499 676 Idem
527 637 648 687 Aspri
665 637 896 674 Grammati-

182 705 216 740 ci
237 699 511 738 auctoritatem
529 704 740 742 memorat,
757 696 894 732 Heius,

180 772 276 798 vero
295 758 414 796 Marii
433 754 647 792 Victorini.
668 754 724 790 At
740 752 805 788 alii
817 781 827 799 ,
848 752 896 788 si-

183 833 229 856 ve
252 816 301 853 de
328 823 455 852 metro
480 812 582 849 male
611 811 790 855 solliciti,
812 811 894 846 sive

181 875 333 913 librarii
370 884 502 909 errore
516 900 526 917 ‚
568 869 632 906 vel
668 876 712 905 ut
743 867 863 906 Aldd.
881 879 890 904 :

182 944 309 971 arcem
323 930 480 981 pariter
500 939 738 978 arcumque,
762 926 826 963 vel
845 938 895 962 ex

183 990 338 1028 emend.
371 988 527 1039 Egnatii
564 995 689 1021 arcem
728 984 897 1033 pariter-

183 1063 258 1100 que
272 1062 310 1086 a.
331 1046 428 1083 Inde
444 1046 576 1094 lapsus
593 1043 659 1079 alii
679 1050 769 1092 post
788 1040 896 1079 alius.

184 1109 481 1155 —Atcumque
495 1109 726 1145 sonantem,
743 1099 782 1137 h.
796 1113 830 1138 e.
845 1112 899 1136 ar-

187 1179 255 1202 cus
293 1161 487 1200 tractandi
519 1159 711 1210 peritiam.
729 1159 896 1196 —522

188 1223 292 1260 Hinc
334 1221 415 1257 duo
460 1221 678 1256 Burmann.
723 1215 900 1252 Subitam

187 1282 323 1318 Heius.
353 1277 491 1315 maluit
522 1288 567 1312 ac
599 1274 778 1324 reposuit
805 1286 901 1310 cou-

186 1338 378 1375 sentiente
397 1332 595 1372 Montalb.
608 1338 698 1366 tert.
712 1329 899 1367 Rottend.

188 1393 374 1433 Scheffer.
401 1400 439 1428 et
457 1389 602 1427 Hamb.
623 1400 684 1436 pr.
711 1399 731 1422 a
750 1399 802 1424 m.
823 1399 899 1424 sec.

188 1465 261 1503 pro
279 1450 431 1500 xulgari
452 1446 590 1483 sabico.
605 1466 661 1472 —
678 1445 900 1480 Monstrum

190 1521 339 1560 magno
380 1504 546 1557 augurio
570 1502 770 1555 ficturum.
808 1503 902 1541 Non

189 1569 319 1618 primo
354 1566 486 1601 statim
517 1562 664 1600 obtutu
699 1561 898 1607 occurrit,

189 1623 288 1676 quid
304 1622 463 1660 tandem
480 1628 698 1658 monstrum
713 1617 814 1664 hoc,
832 1620 902 1655 mi-

189 1697 207 1718 l
212 1696 257 1720 us
269 1681 335 1718 hic
351 1692 485 1726 casus,
506 1676 742 1730 portendere
759 1675 902 1714 debue-

188 1743 268 1787 1it3
288 1748 326 1776 et
344 1736 478 1776 docuit
492 1745 622 1774 tamen
632 1747 729 1773 mox
744 1734 901 1772 exitus·
886 1764 898 1780 ,

189 1811 273 1835 rem
308 1798 451 1847 igitur,
480 1809 570 1844 quoe
608 1806 706 1830 vere
744 1803 874 1830 evenit
889 1823 899 1839 ,

194 1864 283 1892 aute
307 1854 443 1891 oculos
471 1852 613 1888 habuit
642 1859 773 1900 poeta.
803 1853 905 1888 Sunt

194 1915 235 1948 in
267 1919 422 1949 ostento
455 1909 650 1947 nonnulla
669 1907 834 1959 (sagitta
862 1910 905 1945 in

193 1971 317 2007 altum
334 1970 470 2006 emissa
486 1975 525 2004 et
546 1966 702 2003 flamma
721 1965 861 2003 ardens
873 1965 905 2018 ),

195 2040 283 2078 quae
304 2026 353 2063 ad
373 2026 509 2063 laetum
522 2052 533 2071 ,
557 2026 630 2062 alia
650 2022 783 2076 (quod
793 2025 907 2075 sagit-

197 2098 232 2122 m
266 2083 404 2121 ardens
439 2083 690 2120 consumitur
720 2080 907 2131 quodque

197 2145 350 2179 flamma
377 2149 549 2178 tractum
568 2142 611 2177 in
638 2139 739 2176 coelo
766 2139 906 2190 facit),

197 2212 284 2250 quae
301 2199 350 2235 ad
368 2200 520 2236 tristem
531 2206 719 2236 eventum
736 2195 884 2234 ducant
896 2225 906 2243 ,

201 2255 304 2293 unde
344 2254 503 2308 terrifici
545 2264 651 2292 vates
690 2255 906 2292 memorati.

199 2314 435 2362 Plerumque
467 2314 646 2349 incensas
662 2325 757 2350 mox
779 2312 910 2359 Troja-

202 2383 347 2407 norum
384 2382 502 2406 naves
548 2371 741 2420 respicere
779 2376 909 2406 osten-

201 2437 286 2464 tum
325 2426 522 2473 creditur;
558 2427 671 2466 male.
712 2428 910 2476 Spectavit

198 2484 304 2521 haud
320 2484 440 2521 dubie
459 2494 575 2535 poeta
590 2484 638 2520 ad
654 2484 756 2521 bella
768 2486 909 2521 Roma-

199 2555 342 2579 norum
355 2555 446 2578 cum
459 2543 610 2580 Siculis.
629 2544 677 2578 In
689 2542 819 2580 Sicilia
835 2544 910 2579 Ro-

960 528 1007 557 ut
1039 532 1150 556 nunc
1181 519 1319 571 sagitta
1359 518 1455 570 igni.
1486 518 1668 565 Acestes,

961 577 1107 628 quippe
1119 579 1188 627 qui
1204 577 1345 614 urbem
1361 576 1502 615 Siciliae
1513 604 1524 622 ,
1547 577 1676 630 Seges-

962 643 1063 681 tam,
1085 643 1256 682 teneret,
1287 635 1364 671 fata
1398 634 1540 674 Siciliae
1563 646 1674 670 nunc

963 694 1129 744 augurio
1153 692 1386 729 denuntiare
1405 700 1511 729 recte
1529 699 1674 742 potest.

964 750 1147 790 Conferri
1173 757 1346 788 meretur
1376 751 1544 787 imitatio
1565 750 1677 788 Statii

961 812 1020 846 VI
1042 808 1165 846 Theb.
1188 809 1270 858 938
1291 822 1376 859 sqq.
1392 836 1403 855 ,
1423 807 1495 845 ubi
1517 807 1678 846 Adrasti

962 868 1086 905 telum
1104 897 1114 915 ,
1131 865 1227 903 dum
1246 865 1349 904 redit
1374 875 1413 903 et
1441 865 1492 902 ad
1509 865 1593 912 ejus
1611 877 1680 915 pe-

962 925 1030 962 des
1049 926 1092 961 in
1115 934 1259 962 terram
1284 924 1435 970 fertur,
1463 923 1678 960 infaustum

963 982 1227 1035 expeditionis
1246 991 1433 1019 eventum
1460 981 1563 1018 bene
1581 981 1679 1018 omi-

965 1050 1104 1087 natur3
1129 1050 1167 1078 et
1186 1040 1258 1078 alia
1274 1040 1358 1079 Silii
1379 1042 1480 1078 XVI
1493 1068 1503 1086 ‚
1527 1039 1609 1076 586
1622 1061 1679 1066 -

969 1100 1063 1149 594.
1107 1097 1228 1147 Quod
1263 1099 1400 1149 sagitta
1440 1096 1680 1143 exardescit,

966 1155 1202 1194 arundinem
1224 1164 1320 1205 puta
1344 1157 1477 1206 ignem
1499 1156 1681 1204 concipe-

967 1227 1009 1251 re
1022 1241 1032 1259 ,
1046 1225 1130 1250 non
1145 1212 1294 1249 ferrum
1306 1242 1317 1262 ‚
1338 1213 1445 1250 haud
1458 1211 1580 1250 dubie
1598 1225 1680 1249 me-

967 1273 1044 1309 lius
1063 1270 1111 1307 ad
1137 1280 1367 1321 portentum
1388 1279 1503 1321 poeta
1521 1270 1656 1307 retulit
1668 1299 1679 1316 ‚

968 1342 1087 1378 quam
1110 1341 1160 1364 ex
1189 1329 1450 1379 hyperbolica
1475 1329 1682 1366 celeritatis

970 1386 1237 1436 designatione
1264 1387 1443 1437 repetiit3
1468 1395 1515 1423 ut
1531 1385 1680 1422 factum

972 1444 1087 1482 estin
1116 1442 1257 1494 glande
1279 1443 1467 1494 plumbea
1494 1444 1567 1483 inf.
1596 1445 1679 1490 IX,

974 1502 1053 1540 588
1081 1510 1214 1538 motus
1242 1501 1438 1539 celeritate
1455 1501 1680 1552 liquefacta.

970 1563 1204 1598 Portentum
1234 1567 1364 1597 autem
1387 1559 1491 1611 ignis
1518 1559 1621 1597 aerii
1640 1574 1680 1598 v.

971 1619 1048 1666 527
1073 1629 1130 1667 sq.
1155 1617 1280 1654 simile
1298 1618 1356 1655 illi
1370 1646 1380 1664 ‚
1399 1617 1510 1668 quod
1525 1618 1597 1659 lib.
1617 1620 1678 1666 ΙΙ,

969 1677 1050 1725 693
1066 1705 1076 1723 ,
1095 1678 1192 1726 694.
1206 1677 1354 1726 Popius
1369 1676 1579 1714 consilium
1591 1690 1680 1728 poe-

970 1744 1018 1772 tae
1046 1735 1090 1771 in
1107 1734 1185 1771 hoc
1201 1734 1383 1785 prodigio
1411 1733 1680 1775 desiderabat:

969 1807 1009 1829 v.
1043 1805 1133 1829 eum
1166 1791 1215 1828 ad
1245 1791 1358 1830 Iliad.
1384 1793 1527 1830 XXIII
1543 1805 1583 1831 n.
1611 1794 1679 1838 45.

969 1849 1036 1887 Ad
1055 1849 1206 1887 Iulium
1222 1849 1331 1887 sidus
1343 1849 1428 1888 haec
1443 1850 1589 1888 referre
1604 1852 1682 1889 vel-

969 1907 1006 1945 le
1020 1936 1030 1954 ,
1049 1907 1127 1944 hoc
1153 1915 1211 1944 est
1239 1909 1441 1959 ingeniose
1461 1906 1622 1955 ludere3
1643 1917 1682 1946 et

971 1964 1178 2002 intercedit
1194 1965 1278 2015 ipse
1299 1975 1413 2016 poeta
1426 1994 1436 2012 ,
1460 1979 1552 2004 cum
1571 1965 1683 2003 cerri-

959 2022 1066 2076 ficos
1087 2031 1194 2059 vates
1211 2025 1477 2073 apposuit.—
1491 2024 1513 2060 5
1520 2031 1587 2068 24.
1608 2025 1681 2060 Fa-

973 2080 1086 2117 cidici
1100 2079 1278 2118 Parrhas.
1297 2080 1447 2118 Omnia
1463 2088 1501 2118 et
1517 2081 1583 2119 hic
1600 2094 1682 2118 cor-

973 2146 1090 2188 rupte
1115 2137 1225 2175 libri.
1258 2138 1450 2175 Carmina
1472 2147 1548 2176 tres
1577 2138 1683 2190 apud

973 2198 1130 2242 Burm.,
1154 2195 1222 2232 sed
1249 2196 1387 2233 omina
1407 2197 1524 2233 etiam
1551 2195 1599 2234 de
1622 2198 1684 2233 in-

974 2254 1252 2304 terpretatione
1277 2254 1529 2291 oraculorum
1550 2261 1590 2291 et
1619 2266 1685 2290 au-

974 2313 1449 2363 guriorum.--Seraque
1485 2320 1512 2348 t.
1545 2323 1616 2362 per
1642 2323 1683 2347 se

974 2372 1147 2406 incertus
1169 2377 1208 2405 et
1223 2369 1430 2418 ambiguus
1452 2376 1510 2404 est
1521 2381 1656 2405 sensus
1669 2396 1681 2414 ,

974 2440 1048 2478 pro
1066 2426 1267 2491 temporis,
1278 2438 1359 2476 quo
1372 2433 1477 2461 vates
1489 2427 1681 2472 cecinere,

974 2498 997 2519 v
1002 2485 1180 2520 arietate·
1170 2512 1181 2530 ,
1199 2483 1294 2532 quia
1319 2491 1450 2519 tamen
1466 2482 1684 2520 antecedit:
1729 2518 1736 2534 Ι.

974 2540 1106 2577 docuit
1137 2553 1232 2577 moa:
1270 2539 1402 2577 exitus
1433 2539 1597 2592 ingens,
1619 2553 1684 2578 ne-
1732 2546 1733 2549 ’

198 2601 304 2636 mani
334 2599 438 2636 bello
468 2613 488 2635 a
522 2598 909 2651 Carthaginiensibus

199 2665 237 2692 et
255 2656 395 2694 Siculis
406 2684 416 2702 ‚
433 2658 626 2706 imprimis
642 2657 906 2707 Syracusanis,

200 2714 308 2750 suere
324 2715 439 2763 petiti
451 2727 462 2760 ;
480 2713 548 2750 sed
558 2714 703 2751 horum
715 2726 809 2763 opes
820 2726 908 2750 con-

203 2778 338 2817 sumtae
374 2770 480 2808 bello
511 2771 675 2822 acceptis
708 2769 883 2808 cladibus
896 2798 906 2817 ,

975 2611 1078 2635 cesse
1093 2606 1151 2635 est
1166 2597 1214 2634 ad
1229 2606 1403 2648 tempora
1417 2597 1495 2635 hoc
1510 2597 1683 2645 nonilla,
1715 2584 1734 2645 Ξ

974 2655 1121 2706 quibus
1160 2663 1360 2693 ostentum
1395 2654 1572 2692 oblatum
1606 2662 1684 2700 est,
1715 2647 1745 2702 Ξ-

975 2711 1042 2750 sed
1053 2712 1199 2763 quibus
1215 2722 1400 2751 eventum
1414 2712 1566 2759 habuit,
1578 2724 1685 2762 spec·
1711 2710 1735 2762 {⁴2

976 2777 1068 2807 tare.
1088 2770 1326 2809 Cecinermzt
1341 2779 1399 2809 est
1409 2769 1504 2808 adeo
1518 2769 1560 2807 h.
1577 2769 1606 2808 l.
1625 2768 1682 2807 ina
1713 2764 1721 2800 ἶ
1739 2766 1742 2767 ’
