1767 3054
677 181 829 219 LIBER
859 181 951 218 vn.

1481 200 1559 224 221

75 253 371 314 Tyrrhenum
392 250 452 296 ad
470 249 726 310 Thybrim,
751 260 798 296 et
822 250 963 297 sontis
987 250 1109 297 vada
1127 266 1259 298 sacra
1278 254 1481 301 Numici.

73 330 165 373 Dat
187 327 271 374 tibi
295 334 524 389 praeterea
544 325 744 371 fortunae
764 341 911 389 parva
933 326 1106 388 prioris

74 405 294 458 Munera,
312 400 551 462 relliquias
574 401 717 463 Troja
741 417 800 447 ex
819 400 1013 448 ardente
1032 413 1260 464 receptas.

73 479 176 522 Hoc
198 485 333 538 pater
351 473 579 522 Anchises
603 489 720 520 auro
740 474 919 520 libabat
938 474 998 519 ad
1023 490 1126 522 aras
1149 493 1158 519 :
1508 489 1566 522 243

74 554 176 598 Hoc
200 550 372 597 Priami
396 561 635 612 gestamen
658 561 782 609 erat,
802 564 949 611 quum
964 550 1072 612 jura
1092 550 1270 596 vocatis

70 762 122 798 N.
141 759 313 810 Menagii
323 766 453 796 autem
471 771 532 809 pr.
548 759 664 796 Hunc
679 772 784 811 repe-

71 818 103 855 ti
124 817 244 869 jussis
271 816 353 868 ing.
374 816 524 868 (Abest
560 831 636 867 que
666 819 782 855 etiam

70 877 110 912 in
134 889 210 914 sec.
236 877 380 913 Moret.
405 882 443 911 et
468 887 545 912 sec.
567 875 782 926 Rottend.)

71 933 177 970 Hinc
198 947 229 971 r.
249 935 350 970 Ven.
381 933 439 968 Ita
466 931 527 968 bis
553 931 706 968 dictum
725 947 783 970 es-

68 1000 151 1028 set:
174 990 267 1028 hinc
291 989 510 1026 Dardanus
535 999 658 1034 ortus,
680 991 786 1027 Hinc

67 1049 208 1098 repetit
234 1062 248 1084 :
280 1057 325 1085 ut
347 1056 452 1084 ortus
473 1049 523 1084 sit
552 1061 573 1084 a
596 1049 782 1093 nomine,

67 1119 162 1155 pro,
181 1116 308 1144 ortum
324 1104 416 1142 hinc
429 1119 445 1150 ;
464 1102 578 1148 hinc,
600 1107 782 1154 inquam,

69 1173 195 1200 ortum
211 1192 222 1210 ,
240 1164 282 1201 τὸ
304 1161 436 1217 γένος,
464 1163 628 1212 repetit,
657 1162 781 1201 ducit.

70 1221 143 1258 llic
158 1224 266 1260 Serv.
290 1223 392 1258 Dan.
422 1219 469 1255 ad
492 1221 564 1265 IV,
593 1219 686 1270 259.
707 1221 783 1258 Sed

67 1280 109 1314 in
145 1279 206 1316 his
223 1278 388 1316 vocibus
404 1276 515 1321 hinc,
541 1275 664 1321 hunc,
692 1276 778 1323 hic,

71 1349 199 1380 nunc,
224 1334 319 1380 huc,
347 1347 500 1385 semper
533 1347 675 1385 magna
703 1348 785 1373 esse

68 1395 166 1432 solet
189 1395 352 1431 varietas
379 1407 429 1430 ex
455 1391 655 1429 scribendi
679 1405 784 1430 com-

68 1451 216 1501 pendio
229 1465 240 1497 ;
253 1460 300 1489 ut
318 1450 418 1488 forte
436 1450 622 1496 conjicias
640 1449 781 1488 fuisse:

70 1509 188 1545 Nunc
209 1508 370 1558 repetit,
388 1505 589 1559 jussisque
609 1506 781 1557 ingenti-

68 1565 137 1602 bus
168 1575 281 1617 urget
316 1565 488 1615 Apollo,
536 1565 572 1600 T
560 1562 780 1611 strlzenum

72 1621 252 1672 Thy-brim
286 1632 326 1660 ee
346 1622 481 1674 fontis
516 1621 630 1657 vada
666 1634 782 1659 sacra

67 1680 240 1718 Numici.
261 1682 316 1718 Ut
334 1682 383 1718 sit
400 1692 410 1718 :
430 1691 540 1716 nune
558 1678 707 1728 Apollo
723 1693 781 1717 re-

65 1740 163 1788 petit
175 1766 187 1785 ,
207 1738 248 1775 h.
271 1751 305 1775 e.
324 1746 499 1788 repetere
515 1736 627 1784 jubet
640 1763 650 1780 ‚
671 1736 780 1787 Thy-

66 1794 355 1834 brim—Huc
383 1793 523 1845 repetit
554 1793 601 1829 ad
631 1793 780 1830 Darda-

66 1853 358 1899 num.referunt
374 1854 508 1902 Intpp.
529 1858 618 1900 post
628 1852 780 1888 Turne-

67 1909 162 1947 bum
182 1922 193 1948 ε
213 1912 256 1946 in
277 1909 380 1946 hanc
395 1921 470 1945 nos
488 1917 629 1945 terram
642 1934 653 1951 ‚
674 1907 780 1944 unde

66 1968 143 2003 orti
160 1979 315 2011 sumus,
331 1966 471 2014 repetit
482 1992 491 2010 ,
511 1971 670 2001 revocat
685 1965 780 2001 Dar-

66 2022 190 2060 danus
223 2031 262 2059 et
290 2023 401 2072 qnasi
433 2022 632 2061 vindicat:
652 2033 779 2070 neque

66 2081 176 2117 aliter
195 2082 387 2117 Donatus.
401 2080 524 2128 Atqui
543 2078 619 2113 hoc
636 2076 778 2114 durum

65 2147 141 2180 est,
167 2138 198 2173 si
218 2135 314 2186 quid
338 2135 475 2181 video,
505 2144 542 2172 et
573 2135 774 2184 ignavum3

66 2195 191 2231 multo
220 2194 392 2242 deterior
423 2194 545 2231 Servii
584 2193 706 2234 ratio,
735 2201 778 2228 ut

65 2250 270 2288 Dardanus
285 2262 392 2287 nunc
406 2253 544 2288 AEncas
558 2250 620 2286 sit.
636 2249 777 2287 Saltem

65 2309 212 2359 Apollo
231 2310 262 2345 is
285 2321 366 2344 esse
386 2307 524 2352 debet,
547 2308 616 2356 qui
642 2307 782 2356 repetit

64 2367 254 2414 Trojauos
270 2364 343 2401 huc
354 2393 366 2410 ,
387 2366 429 2401 in
445 2365 544 2402 hanc
563 2374 702 2401 terram
724 2378 778 2402 re-

65 2423 203 2470 trahit,
228 2430 404 2468 revocat‚
427 2423 574 2459 Italiam
602 2430 777 2472 repetere

61 2480 190 2528 jubet,
217 2488 257 2517 et
288 2490 403 2531 urget
430 2479 476 2516 ad
509 2480 709 2526 Tiberim,
734 2480 773 2518 b.

64 2537 224 2575 retrahit
238 2566 248 2584 ‚
290 2537 396 2574 adire
429 2538 561 2586 jubet3
598 2537 774 2587 adeoque

62 2595 422 2647 interpungendum
442 2608 451 2634 :
484 2595 586 2632 Hinc
611 2594 773 2632 Darda-

67 2664 138 2688 nus
155 2661 260 2690 ortus
271 2667 288 2698 ;
313 2654 399 2690 Huc
428 2652 571 2703 repetit
584 2652 775 2702 jussisque

66 2707 91 2745 i.
109 2719 248 2760 urguet
259 2711 312 2748 A.
333 2710 409 2749 Sed
434 2719 474 2748 et
498 2710 575 2748 hoc
598 2710 742 2748 durum
762 2722 771 2748 :

65 2765 210 2814 Apollo
228 2766 371 2817 repetit
386 2767 525 2806 huc—
538 2778 577 2821 ες
595 2778 708 2820 urget
720 2768 778 2806 ad

71 2822 266 2870 Thybrim.
296 2824 462 2863 Laborat
491 2827 614 2864 locus.
641 2826 774 2863 Numi-

849 759 953 797 cium
969 771 990 797 a
1010 757 1120 798 fonte
1143 756 1287 799 iterum
1307 760 1373 814 (v.
1393 762 1441 800 ad
1463 765 1567 818 150)

850 816 1049 868 designat,
1079 826 1124 855 ut
1150 827 1290 868 poeta,
1316 827 1354 857 et
1377 825 1568 870 quoniam

850 876 1058 912 Lavinium
1092 875 1195 913 urbs
1223 876 1271 913 ad
1305 890 1396 914 eum
1433 878 1568 919 locum

852 932 1059 970 condenda
1099 941 1171 971 est.
1208 937 1325 972 Ponit
1365 948 1488 985 porro
1525 949 1571 976 ut

852 999 990 1040 poeta,
1012 991 1181 1028 fluvium
1209 992 1257 1028 ad
1287 992 1568 1043 designandam

851 1056 1005 1085 terram.
1024 1050 1127 1086 Nota
1143 1050 1268 1095 ratio;
1287 1049 1356 1086 sed
1372 1050 1416 1086 in
1431 1053 1570 1090 Numi-

851 1107 920 1150 cii,
943 1114 1127 1154 tanquam
1156 1108 1256 1143 sacri
1274 1105 1472 1155 fluminis,
1492 1123 1567 1148 no-

850 1163 957 1200 tione
973 1163 1110 1214 religio
1128 1164 1259 1215 aliqua
1275 1165 1390 1202 inest.

910 1221 1005 1265 243.
1042 1222 1128 1256 Dae
1158 1235 1212 1258 sc.
1249 1224 1413 1268 AEneas,
1445 1232 1485 1261 et
1510 1227 1568 1262 sic

852 1277 974 1327 vulgo
1001 1277 1237 1328 explicatur.
1267 1280 1332 1316 Sic
1365 1282 1492 1317 oratio
1519 1284 1567 1319 ad

852 1347 952 1372 vers.
975 1347 1051 1372 221
1074 1334 1287 1372 retrahitur
1308 1347 1317 1373 t
1342 1337 1481 1375 Troius
1501 1342 1568 1378 AE-

851 1405 949 1428 neas
969 1401 1037 1428 tua
1055 1405 1127 1429 nos
1149 1392 1208 1428 ad
1221 1391 1367 1429 limina
1387 1395 1496 1432 misit
1508 1418 1565 1426 —

850 1450 937 1485 Dat
952 1448 1021 1486 eibi
1030 1462 1076 1498 p.
1098 1449 1220 1499 Quod
1236 1458 1365 1486 tamen
1383 1453 1475 1489 satis
1493 1453 1566 1492 du-

847 1518 939 1542 rum
957 1519 1039 1543 esse
1058 1508 1148 1557 quis
1173 1520 1257 1544 non
1276 1507 1407 1553 videt3
1441 1510 1567 1561 inpri-

848 1563 926 1600 mis
957 1576 1084 1613 quum
1123 1565 1314 1602 orationis
1347 1578 1486 1604 cursus
1516 1569 1563 1605 ad

847 1620 1078 1671 Apollinem
1097 1620 1176 1658 hoe
1198 1622 1363 1668 referat,
1385 1637 1424 1662 v.
1453 1632 1530 1669 241
1550 1655 1561 1672 ‚

847 1690 964 1715 sensu
995 1686 1127 1716 tamen
1154 1689 1416 1731 repugnante.
1440 1683 1563 1722 Vide-

847 1743 913 1772 tur
935 1744 1050 1784 poeta
1063 1765 1074 1783 ‚
1108 1750 1198 1787 quae
1218 1737 1347 1775 media
1366 1748 1482 1785 sunt,
1505 1755 1563 1780 se-

848 1792 989 1829 cundis
1018 1795 1124 1830 curis
1152 1794 1395 1840 elaborasse,
1430 1810 1560 1848 neque

848 1850 895 1885 iis
915 1857 1043 1887 cetera
1061 1853 1153 1888 satis
1171 1853 1560 1892 accommodasse.—

849 1907 1090 1958 243—249.
1125 1909 1213 1945 Dat
1234 1912 1323 1960 quis
1341 1912 1359 1946 Ρ
1388 1914 1526 1949 AEneas
1544 1916 1561 1949 ?

846 1964 963 1999 Dona
991 1966 1241 2002 commendat
1270 1968 1414 2003 iterum
1435 1981 1457 2003 a
1473 1982 1560 2018 per-

846 2021 975 2065 sonss,
1007 2022 1119 2071 quod
1141 2022 1234 2058 alibi
1264 2023 1437 2060 vidimus
1464 2039 1559 2075 poe-

847 2084 925 2112 tam
958 2077 1109 2115 decere.
1132 2079 1237 2117 conf.
1260 2081 1302 2124 Ι,
1340 2082 1419 2127 647
1448 2095 1556 2134 seqq.

846 2154 903 2161 —-
931 2137 1026 2178 2413.
1058 2136 1257 2174 craterem
1288 2137 1351 2174 rel
1383 2147 1557 2188 pateram

844 2190 1033 2241 designat.
1051 2194 1251 2230 Virtutem
1268 2194 1386 2231 habet
1405 2199 1532 2235 oratio
1546 2227 1556 2244 ‚

845 2249 953 2297 quod
971 2258 1156 2301 tanquam
1186 2250 1398 2289 dramatice
1424 2267 1484 2291 res
1501 2269 1558 2292 re-

843 2316 1121 2354 prime-utatur,
1145 2321 1227 2346 non
1245 2310 1344 2347 facta
1361 2320 1553 2351 narratur.

845 2363 931 2400 Hoc
948 2364 1102 2402 Priami
1111 2375 1320 2417 gestamen
1336 2378 1425 2406 erat
1435 2382 1448 2404 .·
1461 2382 1553 2406 cum

842 2418 903 2455 his
929 2421 1061 2460 verbis
1085 2432 1283 2474 sceptrum
1310 2425 1462 2463 tradere
1485 2439 1555 2476 pu·

843 2477 984 2516 tandus
1013 2488 1093 2527 est,
1123 2481 1232 2533 quod
1264 2484 1424 2534 proprie
1451 2485 1555 2521 inter

840 2539 1050 2584 gestamina
1067 2548 1147 2584 est;
1168 2552 1259 2576 nam
1276 2542 1456 2578 Servium
1475 2540 1554 2578 dia-

840 2590 950 2630 dema
997 2597 1322 2647 interpretantem
1363 2599 1454 2647 quis
1489 2610 1553 2635 au-

840 2648 952 2690 diat?
981 2667 1076 2693 mox
1097 2663 1227 2692 tamen
1249 2653 1431 2704 adjunxit
1452 2655 1526 2692 alia
1541 2684 1551 2699 ‚

840 2723 928 2761 quae
956 2713 1116 2763 proprie
1136 2714 1277 2764 gestari
1307 2725 1391 2750 nou
1413 2711 1551 2750 dicun-

840 2777 928 2816 tur,
960 2769 1028 2807 sed
1054 2779 1197 2808 ornant
1220 2778 1370 2817 tamen,
1404 2771 1550 2806 tiaram

840 2833 880 2864 et
898 2838 1027 2868 vestes
1042 2831 1180 2881 pictas,
1200 2831 1398 2868 Summam
1428 2826 1552 2864 subti-

1274 2907 1351 2965 19*
