1767 3054
106 159 186 184 '202

736 143 976 183 AENEIDOS

100 221 156 263 In
178 231 306 262 mare
330 214 600 277 prorumpit
624 233 632 259 :
659 215 804 261 variae
827 216 1101 277 circumque
1121 232 1356 280 supraque

103 291 326 338 Adsuetae
348 290 463 353 ripis
488 290 706 337 volucres
733 302 778 336 et
799 290 1005 336 fluminis
1031 291 1191 349 alveo,

104 365 298 412 AEthera
321 363 592 411 mulcebant
613 376 777 422 cantu,
804 363 1007 425 lucoque
1030 365 1270 412 volabant.

105 441 316 488 Flectere
340 440 431 486 iter
455 439 617 495 sociis,
644 449 877 500 terraeque
900 438 1148 486 advertere
1169 456 1336 504 proras
1570 453 1608 483 35

107 520 336 580 Imperat,
363 527 408 561 et
432 515 565 560 laetus
590 514 738 559 ssuvio
763 513 978 560 succedit
1000 530 1166 577 opaco,

172 595 312 638 Nunc
333 606 417 652 age
426 625 437 648 ,
460 590 542 652 qui
567 605 723 652 reges,
751 591 919 646 EratO,
946 605 1051 651 quae
1076 600 1292 652 tempora
1316 607 1499 649 rerum,

111 668 229 724 Quis
251 666 387 711 Latio
413 665 608 727 antiquo
635 663 778 710 fuerit
798 674 968 723 status,
996 663 1178 710 advena
1202 665 1395 711 classem

109 744 270 798 Quum
291 739 498 802 primum
517 739 740 786 Ausoniis
767 741 1001 786 exercitus
1023 739 1206 802 adpulit
1230 739 1350 798 oris,

109 814 394 877 Expediam,
418 825 463 860 et
483 815 648 876 primae
672 814 911 861 revocabo
937 814 1133 860 exordia
1160 830 1353 877 pugnae5
1569 829 1609 861 4ο

109 892 182 934 Tu
202 900 381 947 vatem,
404 900 477 947 tu,
501 889 631 948 diva,
656 906 809 936 mone.
831 890 997 936 Dicam
1017 888 1213 935 horrida
1234 888 1378 948 bella3

109 964 278 1009 Dicam
304 965 449 1022 acies,
473 976 696 1028 actosque
717 965 882 1012 animis
908 967 957 1011 in
980 966 1148 1011 funera
1169 981 1328 1028 reges,

110 1039 502 1101 Tyrrhenamque
526 1056 739 1098 manum,
766 1050 1007 1102 totamque
1031 1039 1118 1086 sub
1143 1055 1274 1085 arma
1291 1049 1501 1086 coactam

111 1115 405 1176 Hesperiam.
430 1116 587 1179 Major
611 1132 772 1162 rerum
791 1116 909 1163 mihi
930 1115 1140 1162 nascitur
1160 1113 1299 1173 ordo;

112 1354 250 1383 ornata
272 1355 366 1383 sunt
388 1346 494 1393 haec,
526 1359 651 1397 quum
678 1348 757 1395 jam
784 1345 832 1384 de

112 1417 244 1441 rerum
262 1417 414 1441 summa
427 1433 438 1451 ,
458 1403 506 1441 de
528 1417 684 1442 accessu
700 1404 749 1441 ad
758 1406 833 1441 Ita-

111 1460 225 1508 liam,
251 1470 408 1513 agatur;
426 1464 559 1513 itaque
573 1463 758 1500 locorum
777 1461 832 1497 fa-

111 1520 214 1556 ciem
242 1519 405 1555 exhibet
441 1528 558 1567 poeta
589 1519 832 1565 jucundissi-

111 1588 291 1613 mam.—-
306 1576 373 1620 34.
389 1577 572 1625 AEquora
588 1577 696 1613 Serv.
711 1575 759 1611 ad
771 1577 831 1612 IV

115 1636 204 1672 AEn.
243 1635 340 1677 524.
378 1633 590 1670 Sonabant
620 1632 831 1670 Diomedes

114 1693 175 1728 III
191 1692 319 1728 Instit.
334 1692 550 1729 Grammat.
564 1693 827 1741 —Lucoque,

111 1762 184 1800 per
195 1749 346 1787 lucum.
365 1749 542 1787 Flectere
558 1748 643 1796 iter,
658 1761 829 1795 cursum,

111 1819 266 1845 navem.
299 1808 409 1844 Facit
430 1820 526 1844 vero
553 1807 638 1844 haec
666 1809 830 1852 AEneaS,

112 1872 161 1901 nt
183 1864 235 1901 ad
249 1865 333 1915 ipsa
348 1864 503 1902 Tiberis
523 1865 621 1902 ostia
671 1877 832 1901 cursum

112 1930 240 1975 regat,
266 1922 314 1959 ad
342 1923 498 1960 Creusae
533 1923 733 1960 monitum
759 1922 831 1959 lib.

114 1981 178 2026 Π,
201 1980 278 2026 781
296 2008 306 2028 ‚
339 1980 418 2027 782
457 1980 528 2017 Ad
558 1989 705 2017 terram
732 1981 832 2016 Hes·

108 2036 270 2086 per-iam
286 2037 451 2082 venies,
471 2037 540 2075 ubi
561 2037 710 2086 Lydius
737 2050 834 2074 arva

116 2097 232 2132 Inter
259 2094 393 2145 opima
410 2094 543 2133 virum
563 2095 646 2133 leni
648 2094 750 2149 fluit
766 2109 834 2147 ag-

119 2152 223 2190 mine
264 2152 439 2202 Thybris,
474 2155 616 2191 Factus
652 2166 833 2190 escensus

119 2209 168 2246 ad
197 2211 324 2261 ripam
351 2211 529 2247 fluminis
551 2212 595 2247 in
617 2224 709 2262 agro
735 2214 835 2248 Lau-

116 2269 298 2315 rentin03
345 2277 427 2305 erat
465 2276 596 2305 autem
636 2269 702 2304 ille
740 2269 835 2306 olim

114 2324 236 2361 lauris
266 2327 466 2373 consitus,
502 2325 610 2363 unde
645 2325 754 2362 lucus
798 2333 837 2362 et

105 2381 256 2434 fluvius
272 2396 432 2432 opacus.

181 2440 230 2486 37
269 2453 375 2490 seqq.
409 2440 474 2478 Ad
505 2439 723 2490 legentium
758 2441 836 2476 ani-

120 2510 207 2534 mos
222 2496 452 2534 excitandos
462 2500 756 2536 invocationem
767 2511 836 2535 no-

122 2567 213 2591 vam
242 2554 395 2600 valere,
430 2564 524 2598 nota
551 2557 595 2591 in
619 2557 745 2606 poetis
774 2569 836 2593 res

122 2620 193 2649 est.
227 2612 276 2648 Iu
307 2613 435 2648 Erato
461 2621 694 2662 argutantur
714 2615 835 2650 inter-

121 2677 266 2720 pretes.
279 2670 447 2707 Ponitur
464 2683 484 2705 a
501 2678 614 2719 poeta
631 2683 703 2720 pro
720 2672 838 2707 Musa

123 2726 417 2777 qualicunque,
457 2735 504 2763 ut
533 2736 637 2763 recte
664 2729 835 2765 Servius.

119 2784 329 2837 Apollonii
357 2784 584 2836 exemplum
618 2784 718 2821 bene
751 2785 836 2823 lau-

899 1347 1016 1385 datur
1032 1345 1081 1384 ab
1097 1345 1182 1383 aliis
1198 1345 1269 1384 lib.
1288 1347 1362 1393 111,
1388 1359 1405 1383 1
1430 1344 1476 1385 Εἰ
1487 1342 1524 1384 δ’
1537 1343 1613 1402 ἄγε

898 1408 982 1450 νῦν,
1002 1397 1145 1457 sipon-rin
1164 1412 1239 1441 etc.
1252 1432 1263 1451 ,
1281 1403 1354 1441 ubi
1370 1412 1501 1443 tamen
1522 1407 1615 1442 Era-

899 1470 941 1499 to
967 1462 1132 1512 proprio
1158 1474 1232 1498 suo
1258 1462 1348 1509 jure
1371 1461 1419 1499 ad
1441 1475 1614 1500 amorem

898 1519 1053 1557 Medeae
1098 1517 1381 1569 exponendum
1432 1519 1615 1557 advocari

898 1585 1073 1627 putatur.
1121 1578 1220 1625 Quoe
1267 1584 1449 1627 tempora
1482 1589 1613 1614 rerum

896 1634 1067 1680 fuerint,
1100 1646 1185 1670 non
1211 1641 1289 1669 tam
1304 1661 1315 1680 ,
1349 1634 1497 1684 quibus
1518 1642 1614 1672 tem-

897 1691 1062 1742 poribus
1077 1692 1218 1728 AEneas
1234 1690 1457 1738 advenerit,
1474 1704 1611 1742 quam,

897 1757 944 1785 ut
973 1748 1073 1789 solet
1101 1757 1254 1798 tempus
1275 1761 1349 1798 pro
1369 1761 1505 1786 rernm
1522 1762 1613 1787 con-

898 1806 1050 1844 ditione
1073 1807 1195 1856 poni,
1219 1806 1263 1842 in
1281 1817 1371 1856 quae
1399 1807 1498 1844 Latii
1520 1815 1614 1844 tem-

899 1877 996 1915 pora
1010 1863 1194 1901 inciderit
1210 1862 1276 1901 hic
1292 1875 1479 1902 accessus.
1492 1863 1615 1915 Quod

899 1935 1029 1959 rerum
1049 1921 1271 1969 adjectum,
1300 1922 1450 1973 poetici
1463 1934 1614 1960 sermo·

899 1981 962 2017 nis
980 1989 1038 2018 est
1052 1980 1275 2031 proprium.
1302 1978 1484 2030 Antiquo
1499 1987 1615 2016 ornat

899 2038 940 2075 h.
970 2038 998 2077 L
1032 2038 1251 2089 epitheton.
1273 2037 1402 2075 Aliter
1426 2038 1472 2078 in
1488 2036 1613 2074 histo-

900 2096 969 2133 riis
987 2097 1143 2134 Latium
1168 2096 1383 2146 antiquum·
1401 2103 1440 2133 et
1461 2106 1614 2132 novum

900 2153 1061 2191 dicitur.
1094 2175 1154 2182 —-
1185 2154 1253 2203 39.
1294 2152 1505 2191 Exercitus
1539 2163 1614 2201 pro

899 2212 1054 2263 populo
1065 2240 1075 2259 ,
1095 2211 1212 2249 turba
1225 2239 1236 2258 ,
1253 2211 1460 2248 navalibus
1476 2209 1613 2259 copiis.

901 2273 976 2308 Per
1001 2267 1135 2308 στόλον
1164 2268 1365 2307 611811.’8ῑ
1394 2268 1459 2305 alii
1487 2266 1614 2316 expli-

902 2336 1005 2365 cant.
1020 2329 1084 2365 Sic
1102 2327 1252 2365 Graecis
1268 2327 1422 2377 tragicis
1438 2321 1614 2376 στρατὸς,

902 2382 1067 2439 τάγμα,
1098 2382 1207 2431 τάξις
1237 2384 1309 2435 (ut
1324 2381 1496 2432 AEschyl.
1519 2384 1614 2419 Pro-

902 2442 1024 2480 meth.
1050 2442 1154 2495 128)
1174 2450 1213 2479 et
1230 2440 1316 2478 alia.
1340 2438 1526 2475 Exordia
1541 2452 1615 2488 pu-

898 2513 1012 2552 gnoe,
1034 2501 1244 2537 venau‘one
1269 2498 1395 2544 cervi,
1420 2495 1492 2535 inf.
1516 2497 1612 2541 480.

901 2578 960 2585 ——
979 2564 1046 2601 42.
1081 2559 1231 2608 Reges,
1270 2555 1475 2609 Latinum,
1512 2557 1612 2593 Tur-

901 2626 1018 2659 num,
1040 2614 1310 2659 Mezentium3
1335 2612 1430 2649 hinc
1453 2611 1615 2660 Tyrrhe-

905 2684 960 2707 na
988 2683 1144 2707 manus.
1169 2669 1245 2708 Sed
1275 2669 1384 2721 qnod
1410 2671 1613 2720 sequitur,

902 2729 946 2764 in
968 2728 1091 2775 majus
1109 2736 1291 2775 auctum,
1323 2736 1443 2765 totam
1465 2728 1615 2764 Italiam

903 2786 1041 2824 coiisse
1060 2783 1108 2822 ad
1126 2797 1244 2824 arma.
