1767 3054
127 105 209 147 334

753 104 993 144 AENELDOS

126 173 349 218 Militiam
370 182 416 218 et
439 187 581 234 grave
604 173 771 219 Martis
796 191 938 236 opus,
966 187 1047 222 tua
1068 191 1258 222 cernere
1284 176 1404 223 sacta

127 246 410 304 Adsuescat,
435 246 600 310 primis
625 259 671 293 et
694 258 738 294 te
763 250 964 295 miretur
986 250 1045 296 ab
1071 251 1216 298 annis.

127 322 335 368 Arcadas
358 321 471 367 huic
498 322 678 384 equites
702 322 775 369 bis
799 335 1009 383 centum,
1032 325 1209 372 robora
1232 325 1374 389 pubis

127 401 293 454 Lecta,
318 397 442 443 dabo
452 418 464 456 3
495 398 787 459 totidemque
810 414 896 444 suo
923 398 1012 445 tibi
1034 400 1224 446 nomine
1247 400 1409 447 Pallas.
1437 418 1455 440 »

189 474 281 518 Vix
307 489 361 518 ca
386 474 507 517 fatus
533 483 658 529 erat3
685 472 921 534 defixique
945 489 1029 520 ora
1053 474 1277 521 tenebant

1559 481 1619 512 520

128 550 297 593 AEneas
318 546 626 592 Anchisiades
649 557 694 591 et
718 547 839 593 fidus
866 547 1093 607 Achates,

126 621 371 681 Multaque
397 619 516 666 dura
540 635 625 666 suo
650 621 773 667 tristi
797 638 904 667 cum
930 624 1072 669 corde
1097 622 1349 685 putabant,

128 694 188 738 Ni
211 694 397 755 signum
421 695 538 739 coelo
557 694 800 756 'Cytherea
822 695 1027 743 dedisset
1050 707 1230 759 aperto.

125 771 342 830 Namque
364 769 608 831 inproviso
629 770 842 817 vibratus
862 770 922 817 ab
943 771 1116 818 aethere
1141 772 1296 833 fulgor

82 840 90 849 “
125 845 243 889 Cum
267 844 424 891 sonitu
444 845 596 902 venit,
621 855 668 890 et
692 862 830 892 ruere
856 847 1014 893 omnia
1034 847 1134 893 visa
1156 856 1372 908 repente,

1558 856 1621 886 525

126 918 494 981 Tyrrhenusque
521 918 647 965 tubae
671 921 854 983 mugire
876 937 963 983 per
984 922 1161 967 aethera
1184 921 1388 982 clangor.

131 1076 226 1112 516.
246 1076 374 1114 Grave
398 1077 542 1114 Martis
562 1091 671 1127 opus,
692 1080 837 1116 Home-

127 1134 255 1169 ricum
289 1144 298 1170 ε
332 1133 422 1188 μέγ’
451 1133 561 1189 ἔργον
586 1127 705 1188 Ᾰρηος
726 1136 837 1173 Iliad.

126 1193 169 1235 λ,
189 1203 290 1227 vers,
328 1193 405 1238 733
421 1219 431 1237 ,
459 1201 497 1229 et
527 1194 633 1231 alibi.
654 1215 712 1222 —-
731 1194 810 1230 518
827 1221 838 1240 ‚

128 1248 149 1282 5
163 1260 223 1295 19.
247 1249 568 1299 Quadringentos
584 1251 734 1300 equites
751 1252 841 1287 mit-

127 1305 174 1340 tit
214 1305 394 1342 Evander
407 1334 417 1351 ‚
455 1314 501 1342 ut
525 1308 600 1343 iter
640 1314 738 1342 esset
771 1319 839 1344 ex-

125 1360 303 1409 peditum
326 1391 336 1408 ‚
374 1375 449 1398 nec
489 1363 606 1414 longa
640 1375 750 1400 mora
778 1364 840 1399 in-

126 1418 363 1465 tercederet,
385 1433 505 1469 quam
524 1420 743 1458 obsidionis
766 1420 840 1457 dis-

127 1477 276 1511 crimen
302 1489 384 1513 non
417 1477 658 1515 admittebat.
682 1480 838 1514 Tenen-

126 1530 224 1568 dum
235 1531 310 1569 hoc
329 1542 385 1570 est
396 1561 405 1578 ‚
422 1546 472 1569 ne
484 1536 630 1570 mirum
642 1534 838 1581 videatur,

130 1601 202 1624 cur
222 1589 405 1634 Arcades
424 1589 572 1639 equites
590 1591 840 1640 potissimum

126 1653 253 1695 poetae
280 1646 523 1695 placuerint!
543 1660 667 1697 quum
692 1647 841 1697 alioqui

126 1703 299 1740 Arcades
323 1705 499 1752 equitatu
519 1717 602 1740 non
621 1705 836 1751 valuerint,

126 1773 199 1796 nec
219 1761 261 1796 in
274 1761 433 1810 regione
450 1769 630 1798 montosa
648 1770 686 1798 et
706 1774 839 1810 aspera

126 1817 255 1853 valere
275 1818 492 1867 potuerint.
510 1819 600 1868 Qua
618 1818 666 1855 de
685 1831 726 1854 re
744 1818 838 1855 doc-

125 1882 174 1910 1ae
208 1874 434 1912 subtilitatis
468 1883 564 1912 nota
604 1884 662 1912 est
691 1875 840 1913 Guellii

125 1931 197 1968 inf.
218 1931 267 1968 ad
282 1932 353 1969 lib.
373 1935 436 1977 X,
457 1932 553 1976 364.
571 1954 628 1961 ——-
648 1933 743 1982 519.
759 1934 838 1969 Suo

125 1987 197 2026 cibi
218 2002 377 2025 munere
396 1989 547 2039 aliquot
565 1991 665 2028 Pier.
688 1989 795 2028 Gud.
818 2004 838 2027 a

125 2058 179 2084 m.
211 2059 288 2084 sec,
309 2049 423 2084 Voss.
452 2060 513 2096 pr.
542 2048 687 2085 Hamb.
716 2061 776 2097 pr.
800 2056 839 2085 et

125 2103 309 2140 Scheffer.
333 2116 425 2140 cum
441 2104 592 2142 Zulich.
611 2106 666 2142 At
682 2104 838 2142 Gudius

126 2173 145 2195 a
167 2174 218 2198 m.
238 2174 300 2211 pr.
320 2174 388 2197 suo
409 2161 483 2197 sibi
498 2175 681 2207 munere,
708 2175 781 2212 pro
798 2175 838 2199 se

121 2218 310 2269 jungere;
350 2218 479 2268 placet
526 2219 613 2256 haec
665 2220 839 2270 argutior

124 2274 249 2312 forma
273 2277 451 2314 Heinsio.
476 2277 558 2312 Tuo
576 2276 650 2314 sibi
675 2276 838 2313 nomine

125 2331 271 2369 Medic.
305 2345 324 2368 a
350 2346 402 2370 m.
433 2346 473 2383 p.
494 2335 723 2371 Bur-manno
745 2336 839 2371 arri-

127 2389 222 2426 det:
244 2401 313 2425 suo
345 2389 420 2425 sibi
447 2389 608 2428 nomine
638 2400 677 2428 et
704 2391 840 2428 laudat

126 2449 205 2493 VI,
232 2454 323 2490 142.
346 2446 417 2483 Sed
440 2449 572 2484 omnia
597 2450 670 2486 ista
695 2450 739 2484 in
759 2449 840 2498 epi-

127 2511 337 2555 grammate
355 2504 497 2548 feram3
518 2518 626 2542 nunc
650 2506 739 2555 plus
757 2505 840 2556 dig-

127 2562 260 2599 nitatis
282 2562 402 2610 epicae
416 2562 518 2597 inest
537 2563 688 2612 vulgari
709 2563 841 2600 lectio-

128 2621 184 2657 ni.
210 2620 288 2655 Suo
312 2617 383 2654 tibi
398 2617 560 2654 numine
578 2621 715 2670 Puget.

190 2676 271 2713 520
301 2687 358 2724 sq.
387 2677 447 2712 Ex
466 2676 608 2710 veteris
635 2677 757 2713 Italiae
779 2690 840 2714 re-

128 2735 276 2786 ligione
287 2762 299 2782 ,
313 2741 352 2770 et
369 2742 495 2783 poetae
507 2733 633 2770 nostri
649 2743 841 2784 perpetuo

903 1092 1013 1116 more
1026 1106 1037 1124 ‚
1058 1092 1118 1115 res
1137 1079 1250 1115 aliter
1271 1078 1341 1114 vix
1360 1075 1539 1128 expediri
1559 1079 1622 1114 AE-

904 1149 1068 1185 neaeque
1112 1137 1266 1172 animus
1307 1136 1405 1185 erigi
1439 1142 1593 1185 poterat
1605 1161 1617 1179 ‚

905 1205 1027 1243 quam
1058 1200 1214 1229 ostento
1242 1191 1306 1229 vel
1328 1186 1508 1242 augurio.
1543 1189 1621 1228 Sed

907 1258 1021 1299 poeta
1055 1262 1163 1286 novo
1191 1257 1415 1286 commento
1443 1247 1486 1285 id
1524 1259 1620 1284 con-

905 1308 1033 1343 stituit
1045 1334 1055 1351 ‚
1080 1306 1191 1356 quod
1206 1314 1424 1343 meteorum
1437 1333 1448 1350 ,
1465 1317 1535 1342 seu
1559 1317 1623 1341 os-

906 1371 1062 1400 tentum
1092 1365 1191 1400 aeris
1203 1391 1214 1409 ‚
1243 1362 1291 1399 ad
1326 1363 1536 1413 strepitum
1569 1374 1621 1398 ex

906 1422 1024 1457 armis
1062 1420 1217 1457 coelitus
1255 1433 1278 1457 a
1306 1421 1462 1457 Venere
1495 1419 1621 1456 allatis

905 1477 1042 1514 retulit
1059 1489 1069 1515 ε
1089 1491 1174 1515 non
1190 1477 1317 1514 dicam
1337 1476 1520 1528 equidem
1533 1504 1545 1524 ,
1568 1489 1621 1514 an

905 1537 998 1571 satis
1013 1534 1191 1572 feliciter.
1212 1538 1334 1571 Arma
1352 1536 1396 1570 in
1412 1535 1514 1570 coelo
1531 1544 1623 1582 pas·

906 1592 979 1627 sim
1017 1603 1036 1627 a
1071 1591 1351 1641 superstitiosis
1388 1589 1621 1626 hominibus

907 1656 1139 1697 conspecta,
1161 1647 1257 1684 belli
1275 1654 1313 1684 et
1339 1646 1460 1684 cladis
1487 1647 1616 1697 signa,

906 1704 1092 1753 equidem
1119 1704 1197 1740 huc
1222 1716 1306 1741 non
1327 1703 1492 1741 referam
1512 1714 1521 1740 :
1543 1716 1619 1740 nec

905 1763 1064 1811 Spencii
1085 1773 1251 1798 acumen
1262 1761 1403 1811 placet,
1423 1760 1617 1811 Polymet.

904 1818 1008 1856 Dial.
1031 1831 1083 1856 20
1099 1846 1109 1865 ‚
1127 1832 1167 1855 n.
1184 1819 1235 1855 28
1249 1846 1260 1865 ,
1274 1819 1344 1867 qui
1356 1831 1535 1855 auroram
1551 1818 1619 1856 bo-

904 1875 1048 1911 realem
1069 1888 1089 1911 a
1108 1883 1226 1924 poeta
1252 1874 1422 1912 describi
1440 1875 1617 1924 putabat.

903 1931 1060 1970 —523.
1080 1932 1140 1969 Ni
1155 1931 1330 1969 dedisset
1337 1947 1355 1978 ;
1371 1945 1477 1970 nova
1495 1932 1620 1970 forma

905 1990 1094 2027 orationis
1107 2018 1118 2036 ,
1138 1991 1182 2026 in
1202 2002 1280 2039 qua
1294 1991 1418 2027 miror
1431 1990 1622 2040 interpre-

904 2056 961 2084 tes
984 2060 1068 2084 non
1087 2046 1256 2085 haesisse.
1279 2047 1436 2097 Ellipsis
1453 2059 1534 2084 esse
1554 2046 1619 2085 do·

904 2104 972 2142 bet
1000 2105 1121 2142 totius
1141 2105 1425 2155 enuntiationis
1446 2116 1456 2142 τ
1477 2113 1518 2141 ec
1537 2103 1620 2141 diu-

904 2162 981 2200 tius
993 2162 1115 2198 eciam
1128 2161 1167 2198 in
1185 2175 1234 2198 ea
1245 2159 1484 2213 cogitatione
1495 2160 1622 2214 defizi

897 2218 1173 2270 perstitissent,
1193 2220 1239 2256 N
1236 2218 1251 2255 i
1260 2227 1334 2257 etc'.
1343 2218 1526 2270 Vulgaris
1536 2214 1618 2254 for-

904 2290 966 2314 ma
1000 2285 1082 2314 erat
1107 2289 1117 2316 z
1148 2289 1268 2327 quum
1304 2275 1460 2328 signum
1485 2276 1618 2312 Venus

905 2334 1028 2372 dedit.
1046 2335 1160 2371 Dixit
1177 2333 1276 2370 coelo
1299 2341 1458 2383 aperto,
1480 2339 1527 2367 ut
1542 2332 1615 2370 Ge.

906 2394 946 2438 Ι,
969 2393 1048 2442 393
1069 2399 1210 2441 aperta
1224 2404 1387 2436 serena,
1406 2401 1531 2439 quum
1546 2401 1619 2425 nu-

906 2449 975 2486 bes
1015 2449 1197 2486 dicantur
1231 2447 1375 2486 coelum
1406 2444 1617 2483 obducere.

909 2507 958 2544 cf.
991 2520 1088 2544 mox
1116 2519 1155 2543 v.
1191 2505 1298 2552 527,
1329 2503 1425 2540 528.
1445 2503 1615 2541 —526.

908 2565 1077 2613 Clangor
1115 2574 1336 2606 armorum,
1362 2571 1452 2609 quae
1486 2572 1619 2597 move-

907 2621 1054 2657 bantur
1069 2631 1139 2669 per
1152 2631 1279 2654 aerem
1295 2617 1501 2667 deportata
1513 2618 1620 2654 aVe·

906 2690 1020 2722 nere,
1043 2682 1322 2724 comparantur
1341 2686 1429 2710 cum
1459 2673 1617 2723 clango-

907 2747 949 2773 re
967 2733 1086 2772 tubae.
1110 2730 1314 2788 Tyrrhena
1333 2729 1433 2782 (pro
1451 2731 1620 2782 Tyrrhe·
1659 2730 1662 2733 ’
