1767 3054
161 124 239 161 382
740 127 1014 165 EXCL'RSUS
1044 128 1082 163 V

158 197 289 233 sensui
320 197 529 235 oculorum
566 207 603 235 et
632 198 855 236 animorum
884 199 1102 247 subjicere,
1136 199 1286 252 mythis
1308 212 1382 250 pro
1406 198 1656 251 dogmatibus

160 265 231 301 uti.
252 263 385 302 Multo
407 266 539 302 minus
552 293 562 311 ‚
583 279 653 316 per
681 268 872 303 sermonis
887 294 896 312 ‚
917 280 997 316 quo
1018 266 1235 304 utebantur
1248 296 1258 316 ‚
1280 269 1472 305 rationem
1489 275 1529 304 et
1543 275 1658 304 natu-

158 345 267 380 ram,
292 333 335 369 in
359 332 468 370 illam
494 333 716 372 doctrinam
746 333 918 371 incidere
942 336 1075 385 potuit
1091 344 1222 372 vetere
1247 348 1330 373 aevo
1358 336 1590 386 quisquam,
1613 344 1658 372 ut

160 402 337 438 animum
360 402 642 451 incorporeum
664 402 901 452 cogitatione
921 402 1160 452 conciperet.
1184 402 1418 453 Expeditior
1442 411 1480 440 et
1506 402 1659 440 facilior

160 469 237 506 fuit
262 470 324 506 via
350 478 440 519 post
468 469 575 506 ideas
605 469 825 507 Platonicas
855 469 994 506 illatas.
1019 463 1354 521 Quandoquidem
1372 479 1501 508 autem
1519 472 1571 517 ii,
1589 472 1658 521 qui

159 543 250 586 post
271 537 470 586 principes
499 536 588 573 illos
609 537 802 587 sapientes
828 535 1098 587 philosophati
1115 545 1232 584 sunt,
1252 538 1368 574 etiam
1388 551 1513 588 quum
1531 537 1654 575 subti-

157 604 257 641 liore
287 612 325 639 et
350 616 555 651 sermone,
584 612 623 640 et
653 605 890 655 cogitatione
921 612 1155 650 uterentur,
1182 611 1315 640 tamen
1344 603 1407 640 vel
1439 603 1659 641 secundum

160 673 343 721 antiquos
369 670 459 709 illos
479 671 543 708 vel
571 671 756 708 adversus
784 685 849 709 eos
881 671 1134 722 disputabant
1147 701 1158 719 ,
1179 673 1327 709 mirum
1346 684 1428 709 non
1448 680 1507 708 est
1523 673 1568 710 in
1592 674 1660 710 So-

160 739 274 775 cratis
297 751 478 775 sermone
491 767 501 785 ,
520 739 564 774 in
587 738 798 776 Platonicis
822 747 860 775 et
878 738 1040 788 reliquis
1068 738 1181 775 libris
1206 737 1494 789 philosophicis
1515 746 1576 776 tot
1594 751 1658 776 su—

159 817 313 854 peresse
332 806 478 856 poetici
500 805 668 853 alicujus
689 807 880 843 sermonis
894 834 904 852 ‚
932 813 998 842 aut
1021 805 1208 856 mythicae
1223 833 1233 852 ,
1251 805 1315 842 vel
1333 805 1552 857 allegoricae
1571 817 1659 842 nar-

159 872 323 908 rationis
335 885 408 922 pro
425 871 761 910 demonstratione
774 872 839 909 vel
851 872 1113 909 illustratione
1129 872 1291 924 vestigia
1303 885 1347 909 ac
1358 871 1573 924 fragmenta
1584 870 1657 924 (1).

158 938 280 989 Quod
301 940 426 977 multo
446 942 567 992 magis
590 942 634 978 in
655 940 747 978 loco
769 940 817 977 de
846 939 966 976 rebus
988 939 1124 977 inferis
1150 940 1330 977 accidere
1356 939 1517 987 debuit,
1535 953 1661 991 quum

161 1019 181 1042 a
212 1008 462 1057 sequioribus
492 1008 741 1059 philosophis
771 1007 818 1044 de
849 1007 962 1054 sede,
984 1016 1088 1045 sorte
1106 1020 1150 1043 ae
1182 1007 1412 1045 conditione
1437 1007 1661 1045 animorum

159 1084 250 1124 post
268 1084 460 1124 mortem,
490 1076 591 1113 nihil
617 1076 803 1113 subtilius
817 1105 826 1123 ,
853 1075 1097 1126 exploratius
1111 1105 1121 1123 ,
1143 1088 1187 1112 ac
1213 1075 1397 1114 disertius
1421 1075 1552 1113 afferri
1571 1089 1662 1128 pos-

160 1149 229 1177 set.
263 1144 412 1179 Rerum
445 1145 550 1180 enim
582 1145 624 1180 in
651 1143 728 1180 alio
757 1143 853 1180 orbe
881 1153 919 1180 et
935 1144 1014 1179 vita
1040 1143 1266 1180 futurarum
1293 1144 1465 1194 speciem
1496 1130 1536 1180 et
1568 1156 1662 1181 con-

161 1208 356 1247 ditionem
386 1224 505 1249 nemo
535 1212 762 1250 mortalium
799 1211 910 1249 aliter
943 1213 1183 1248 constituere
1212 1213 1369 1262 potuit,
1405 1219 1474 1248 aut
1508 1219 1660 1260 potest,

161 1289 280 1325 quam
303 1291 354 1314 ex
378 1279 470 1316 vitae
498 1291 580 1316 suae
610 1266 844 1316 notionibus
871 1293 1085 1330 rerumque
1118 1278 1360 1316 conditione.
1395 1279 1477 1316 Nec
1506 1277 1617 1314 aliter
1639 1289 1662 1312 a

162 1345 320 1382 vatibus
347 1346 526 1384 Hebraeis
546 1346 594 1385 de
611 1348 659 1385 iis
682 1347 802 1385 rebus
829 1356 961 1385 actum
985 1356 1066 1394 est3
1084 1360 1158 1384 nec
1178 1347 1288 1384 aliter
1310 1359 1489 1397 unquam
1506 1346 1567 1398 agi
1585 1357 1661 1397 po-

158 1414 263 1451 terit.

217 1483 456 1532 Exemplum
474 1484 592 1531 hujus
608 1486 665 1521 rei
683 1498 764 1522 esse
781 1494 935 1534 poterat
950 1487 1033 1536 ipse
1050 1486 1160 1523 Plato
1176 1486 1220 1523 in
1234 1485 1312 1523 hoc
1327 1484 1376 1522 de
1391 1484 1527 1522 inferis
1543 1483 1662 1522 rebus

159 1549 263 1586 loco.
283 1551 360 1586 Ter
379 1550 443 1586 vel
466 1559 604 1600 quater
629 1551 738 1588 hunc
755 1565 978 1589 sermonem
1003 1554 1194 1600 instituit,
1216 1553 1380 1590 diversis
1399 1552 1561 1603 quidem
1577 1564 1662 1589 mo-

162 1615 242 1661 dis,
269 1624 307 1652 at·
326 1616 477 1666 ubique
499 1616 675 1671 (nyclmm
705 1631 744 1654 se
769 1618 909 1655 afferre
935 1616 1162 1668 profitetur.
1187 1621 1442 1656 Mirationem
1464 1631 1556 1654 sane
1577 1617 1662 1655 haec

163 1695 223 1717 res
251 1682 376 1719 facere
399 1691 554 1733 poterat
575 1697 618 1720 ac
648 1684 830 1722 debebat.
858 1687 951 1723 'Non
974 1684 1095 1722 modo
1122 1684 1200 1722 hoc
1229 1686 1284 1722 ita
1315 1683 1363 1721 fit
1387 1687 1431 1722 in
1456 1670 1663 1722 notissimo

162 1748 371 1785 Phaedonis
390 1749 481 1787 loco
501 1764 541 1800 p.
566 1751 618 1788 80
650 1765 734 1802 sqq.
764 1751 812 1789 de
836 1752 988 1789 mundo
1018 1752 1210 1798 aethere0‚
1233 1752 1434 1789 bonorum
1457 1751 1570 1799 sede,
1603 1760 1660 1798 et,

161 1825 276 1853 terrae
299 1818 507 1868 voragine,
533 1820 718 1866 Tartar03
738 1818 810 1855 ubi
825 1819 900 1856 sub
923 1817 995 1857 fin.
1016 1819 1149 1867 adjicit
1168 1831 1177 1857 ε
1201 1836 1220 1850 α
1241 1821 1336 1856 Haec
1352 1821 1407 1856 ita
1429 1832 1469 1855 se
1491 1818 1636 1856 habere
1650 1846 1661 1865 ,

164 1901 182 1914 x·
204 1896 322 1920 nemo
342 1897 460 1921 sanus
480 1894 642 1932 asserat,
674 1894 805 1923 tamen
829 1894 875 1922 ut
892 1887 957 1923 vel
974 1888 1052 1933 sic,
1076 1886 1141 1923 vel
1160 1886 1236 1923 alio
1254 1885 1397 1932 modo,
1415 1899 1476 1923 res
1494 1898 1534 1922 se
1553 1885 1663 1924 habi·

162 1970 181 1983 »
204 1959 292 1987 tura
310 1954 359 1989 sit
383 1965 475 1989 cum
502 1955 649 1990 nostris
678 1954 816 1990 animis
836 1967 1054 2004 eorumque
1071 1953 1251 2001 sedibus,
1275 1960 1399 2005 quum
1425 1953 1486 1991 illi
1501 1955 1662 1991 immor-

164 2038 181 2051 ›=
203 2019 298 2057 tales
318 2022 416 2067 sint,
433 2021 509 2057 hoc
530 2021 696 2073 dignum
719 2031 757 2059 et
779 2032 1087 2060 consentaneum
1116 2032 1190 2070 est,
1214 2025 1269 2060 ita
1294 2024 1452 2060 sentire.
1473 2040 1493 2055 ι»
1512 2025 1662 2059 Verum

162 2085 238 2123 hoc
264 2085 370 2123 idem
391 2100 472 2137 prae
496 2101 536 2124 se
563 2088 664 2125 ferre
687 2088 819 2126 rideas
848 2088 1154 2139 philosophum,
1185 2097 1231 2126 ut
1254 2088 1408 2139 mythos
1435 2101 1479 2126 ac
1505 2097 1663 2126 veteres

153 2152 324 2202 fabulas
355 2163 549 2205 apponat,
576 2155 624 2191 de
644 2157 745 2205 Rep.
764 2158 805 2194 X
830 2155 906 2192 sub
926 2154 1012 2202 fin.,
1033 2155 1104 2192 ubi
1127 2155 1175 2193 de
1199 2157 1418 2193 animarum
1440 2168 1598 2193 accessu
1615 2167 1661 2192 ac

162 2221 331 2259 discessu
346 2251 356 2269 ‚
377 2235 543 2261 ascensu
560 2235 602 2260 ac
622 2222 813 2260 descensu
825 2252 836 2270 ‚
857 2225 1028 2274 praemiis
1045 2237 1089 2260 ac
1115 2226 1244 2274 poenis
1266 2224 1464 2275 decuplis,
1481 2225 1567 2262 Eris
1582 2223 1660 2260 Ar-

165 2290 286 2324 menii
305 2289 482 2326 fabulam
513 2289 652 2326 afferre
675 2303 714 2326 se
738 2290 906 2336 fatetur3
939 2299 977 2328 et
1006 2292 1049 2327 in
1079 2291 1226 2341 Gorgia
1252 2291 1326 2328 sub
1349 2289 1420 2329 fin.
1454 2290 1503 2328 de
1533 2289 1661 2338 tribus

162 2353 364 2401 judicibus
388 2369 408 2392 a
437 2357 542 2393 Jove
563 2357 814 2402 constitutis,
835 2355 962 2406 deque
992 2356 1132 2393 animis
1153 2356 1270 2394 nudis
1291 2355 1565 2406 inspiciendis,
1594 2368 1659 2392 ve—

164 2430 285 2458 terem
315 2421 487 2461 fahulam
519 2437 559 2461 se
590 2437 807 2462 memorare
840 2424 942 2462 velle
971 2432 1119 2462 monet.
1152 2426 1245 2474 Quo
1278 2425 1394 2461 etiam
1421 2421 1583 2474 mythus
1612 2421 1659 2459 de

221 2579 283 2631 (1)
319 2581 385 2618 Ab
407 2580 484 2618 hoc
509 2583 710 2633 principio
726 2611 736 2629 ,
770 2583 876 2620 unde
945 2592 1003 2620 est
1018 2582 1034 2634 (
1048 2582 1169 2619 Me'm.
1188 2581 1238 2617 de
1254 2579 1434 2617 Litce'rac.
1452 2587 1481 2617 t.
1500 2582 1655 2629 XXXI,
1689 2585 1695 2592 ’

164 2638 340 2688 prosecta
367 2637 485 2675 fuerit
514 2642 661 2686 oratio,
692 2650 779 2677 tum
808 2641 876 2678 fila
943 2654 983 2690 p.
1014 2638 1124 2689 154),
1145 2651 1270 2688 quum
1290 2636 1494 2674 ostendere
1515 2638 1655 2686 vellet,

164 2695 308 2734 deduci
327 2695 484 2733 tandem
502 2705 631 2746 potest
651 2698 698 2734 ad
719 2711 760 2734 ea
780 2711 878 2747 quo-
943 2710 1025 2746 quo
1057 2695 1222 2733 consilio
1257 2695 1367 2732 Plato
1399 2694 1532 2732 sabula
1560 2709 1655 2733 usus

164 2767 261 2804 que,
286 2767 374 2806 quae
394 2754 610 2793 Garnerius
636 2763 878 2805 exsequutus
942 2756 1004 2791 sit.
