1767 3054
183 106 259 144 158

807 106 1050 146 AEXEIDOS

176 185 450 241 Purpureo3
477 177 717 240 solemque
746 194 906 236 suum,
932 195 1017 224 sua
1039 178 1195 225 sidera
1218 189 1406 225 norunt.

175 259 287 302 Pars
311 254 360 299 in
381 253 631 316 gramineis
655 265 876 300 exercent
900 254 1111 300 membra
1135 255 1389 318 palaestris,

177 330 480 378 Contendunt
503 329 616 375 ludo
629 365 642 387 ,
665 340 711 375 et
736 330 863 375 fulva
885 329 1126 377 luctantur
1150 347 1313 390 arena5

176 412 289 454 Pars
314 405 516 469 pedibus
538 404 770 466 plaudunt
794 405 1014 462 choreas,
1041 417 1087 451 et
1108 407 1316 452 carmina
1336 405 1512 452 dicunt.

177 484 276 526 Nec
300 495 397 525 non
419 478 668 525 Threicius
692 478 832 539 longa
853 494 960 524 cum
983 490 1114 525 veste
1134 479 1352 526 sacerdos

178 677 264 714 deri
280 683 411 727 potest
423 703 433 721 ,
453 688 504 712 ex
522 672 626 711 malo
652 673 768 710 metri
785 684 899 710 ruen-

178 736 228 772 tis
252 742 386 779 metu;
410 731 479 768 sed
497 731 750 768 verisimilius
775 731 897 766 libra-

176 793 239 829 rio
270 791 348 828 hoc
378 789 538 834 deberi,
569 789 639 838 qui
662 787 710 823 ad
732 786 903 838 Largior

178 848 380 886 retulerat.
403 869 462 876 —-
492 845 570 882 Hic
593 843 719 881 aether
737 858 900 894 campos

179 906 302 943 Goth.
325 917 402 941 see.
419 913 457 940 et
470 901 648 941 Parthas.
662 904 777 939 metri
788 915 898 939 caus-

177 976 242 1008 sa;
268 970 328 1007 et,
350 974 421 997 aer
431 972 612 1009 campos,
631 960 780 1010 aliquot
796 960 897 997 Pier.

180 1023 243 1056 De
275 1018 426 1056 lumine
454 1021 550 1068 Reg.
579 1030 599 1053 a
622 1030 675 1054 m.
700 1031 762 1066 pr,
790 1018 838 1053 In
863 1026 902 1053 et

179 1078 380 1114 neminem
402 1076 559 1112 haesisse
582 1076 718 1112 miror.
744 1074 900 1112 Scilicet

181 1134 282 1172 ordo
312 1134 554 1179 verborum,
592 1141 659 1169 aut
687 1144 697 1169 2
739 1132 906 1183 Largior

180 1191 244 1230 Izic
263 1191 387 1229 aether
401 1201 458 1228 est
469 1221 480 1236 ‚
503 1201 543 1228 ec
559 1203 723 1240 campos
733 1189 758 1227 l.
773 1203 817 1227 ν.
835 1193 898 1235 Ρ.,

183 1259 251 1287 aut
276 1262 285 1287 ε
311 1248 456 1287 AEtlzer
482 1247 654 1299 largior,
690 1257 728 1284 ec
751 1247 904 1285 lumine

173 1321 398 1358 purpureo,
428 1306 553 1343 ‘vestit
583 1319 768 1356 campos,
801 1305 842 1343 h.
868 1319 902 1343 e.

183 1365 419 1402 circumdat.
451 1367 540 1401 Hoc
571 1364 718 1401 malim.
743 1365 805 1401 Sic
822 1364 902 1410 jam

183 1424 323 1461 Cicero
340 1424 384 1458 in
400 1421 602 1460 Phaenom.
628 1435 665 1458 v.
691 1421 744 1457 60
778 1422 904 1470 Quem

180 1480 195 1529 (
221 1479 545 1529 Capricornum)
585 1491 673 1515 cum
709 1488 904 1528 perpetuo

180 1536 340 1574 vestivit
355 1535 504 1573 lumine
521 1536 653 1573 Titan.
667 1557 724 1564 —-
736 1535 907 1586 Largior

181 1593 325 1639 aetlzer,
360 1595 512 1645 egregie
527 1622 537 1639 ‚
559 1595 779 1644 patentior,
806 1594 904 1630 libe-

179 1653 286 1698 rior,
311 1652 432 1688 nullis
456 1651 653 1696 nubibus,
681 1650 792 1688 nulla
810 1652 903 1688 cali-

181 1711 271 1760 gine
306 1709 520 1747 obductus.
553 1709 672 1747 Silius
707 1708 802 1745 hinc
829 1709 900 1746 lib.

180 1769 306 1812 XIII,
331 1768 411 1804 550
439 1767 586 1804 laxata
619 1764 752 1802 lucida
787 1777 902 1803 nocte

186 1823 369 1860 Claustra
390 1834 536 1869 natent,
560 1822 662 1860 dixit
679 1823 727 1860 de
750 1824 898 1874 Elysio.

181 1871 279 1930 Οζαει
302 1894 341 1908 ··=
329 1884 440 1931 ..φῶς
461 1878 576 1917 κοίλμὶ
578 1893 643 1917 στ’,
647 1878 815 1918 ›clm-7:52
847 1880 903 1918 ἐν·

182 1933 278 1974 bade
302 1937 502 1988 Aristo.ph
524 1939 902 1986 Ran.155,457.

183 1998 337 2032 Lumen
371 2008 613 2044 purpureum
633 2022 643 2041 ‚
664 1995 878 2044 pulchrum
892 2024 902 2041 ‚

182 2062 230 2090 ut
247 2066 335 2103 sup.
358 2054 377 2088 I
391 2080 400 2098 ‚
425 2053 521 2102 591.
541 2052 752 2102 Solemque
777 2066 902 2090 suum.

185 2113 235 2147 In
270 2109 432 2147 Pindari
461 2110 552 2147 loco
579 2109 701 2146 altero
731 2119 789 2147 est
815 2110 905 2156 sol,

185 2168 285 2216 qui,
317 2168 361 2204 in
393 2176 532 2204 nostro
567 2166 664 2203 orbe
693 2167 905 2213 occidens,

189 2223 237 2259 ad
254 2224 379 2261 infera
393 2225 480 2262 loca
497 2223 775 2275 progreditur3
794 2226 837 2262 in
857 2225 910 2262 al-

190 2289 276 2318 tero
303 2283 363 2319 sol
395 2291 612 2332 perpetuus
642 2290 768 2319 noctu
802 2296 914 2333 aeque

193 2351 236 2374 ac
259 2338 322 2375 die
342 2339 448 2389 (fere
474 2348 521 2376 ut
559 2339 664 2389 apud
692 2341 780 2378 val.
805 2340 909 2379 Flac.

189 2397 231 2441 Ι,
273 2396 354 2440 844
375 2418 434 2424 -
453 2397 478 2433 6
508 2409 517 2435 ε
550 2399 691 2434 Donec
717 2397 836 2435 silvas
875 2407 914 2436 ec

192 2465 355 2489 amoena
368 2454 527 2503 piorum
544 2454 788 2502 Deveniunc‚
807 2469 912 2493 cam-

183 2522 349 2559 posque,
367 2511 440 2547 ubi
454 2511 526 2557 sol,
540 2520 740 2561 totumque
751 2526 830 2567 per
839 2526 912 2550 an-

192 2579 288 2603 num
320 2569 454 2603 Durat
480 2567 618 2617 aprica
648 2569 753 2616 dies,
773 2568 910 2607 thiasi-

193 2637 270 2674 que
288 2622 474 2674 chorique
495 2625 675 2662 virorum
700 2626 907 2663 Carmina-

190 2695 287 2732 que²
309 2690 349 2719 ec
366 2695 530 2732 quorum
547 2682 709 2731 populis
717 2683 810 2734 jam
823 2684 911 2721 nul-

190 2740 233 2777 la
265 2737 447 2792 cupido).
484 2739 562 2778 Sed
594 2748 712 2789 poeta
750 2742 909 2778 suavius

963 673 1086 712 solem
1105 673 1242 723 Elysio
1266 685 1384 710 suum
1401 701 1412 721 ,
1435 675 1662 724 praestantio
1676 697 1684 702 -

964 744 1048 768 rem
1066 739 1162 780 puta
1180 738 1318 768 nostro
1337 731 1418 768 sole
1432 759 1443 778 ,
1464 739 1510 768 ut
1533 741 1660 770 cetera
1672 760 1683 778 ,

965 790 1145 840 assignat.
1164 790 1241 825 Pro
1266 791 1549 826 commentario
1567 789 1683 828 habe-

964 847 1000 883 ri
1028 854 1158 896 potest
1187 845 1445 883 Telemachus
1474 845 1546 884 lib.
1566 850 1682 885 xm.

965 907 1075 941 Inter
1087 904 1158 940 alia
1177 915 1186 941 :
1206 905 1299 940 e'est
1309 902 1444 953 plume
1465 916 1544 940 une
1556 903 1687 955 gloire

967 961 1108 998 ce'leste
1135 963 1283 1011 qu’une
1303 961 1480 998 lurniere.
1501 962 1684 998 Imitatur

969 1018 1210 1057 Claudianus
1231 1017 1279 1054 de
1298 1021 1347 1056 R.
1367 1021 1410 1056 P.
1428 1018 1499 1056 lib.
1521 1020 1576 1064 H,
1603 1019 1684 1056 282

968 1090 1053 1126 sqq.
1073 1076 1179 1113 conf.
1199 1075 1336 1113 Cerda.
1355 1077 1532 1122 Nonam,
1549 1075 1688 1112 vident

971 1135 1040 1184 qui
1057 1135 1099 1170 in
1117 1133 1262 1184 Elysiis
1280 1141 1396 1181 sunt,
1415 1132 1578 1171 habent.
1598 1135 1686 1171 Ma-

969 1191 1007 1228 le
1030 1191 1142 1228 aliter
1158 1191 1235 1227 viri
1252 1190 1372 1229 docti.

1031 1249 1112 1294 642
1133 1271 1192 1277 --
1212 1249 1308 1293 644.
1346 1250 1442 1286 Haec
1472 1249 1617 1286 iterum
1635 1249 1686 1286 ad

971 1307 1132 1345 Pindari
1164 1306 1330 1344 ductum
1351 1306 1378 1343 l.
1398 1306 1425 1344 l
1445 1302 1513 1343 καὶ
1537 1303 1596 1344 τοὶ
1615 1304 1683 1359 μὲν

973 1363 1067 1402 ἱππε
1087 1378 1138 1408 εις
1167 1361 1356 1418 ‘ponzo-{0
1342 1377 1413 1410 ις,
1443 1376 1504 1401 τοι
1527 1358 1572 1401 δὲ
1593 1376 1685 1417 (prp-

971 1419 1115 1477 μίγγε,
1079 1436 1132 1458 -σ,
1154 1435 1196 1459 τε
1202 1435 1377 1474 ρπωται.
1401 1423 1594 1471 Expressa
1613 1424 1685 1459 sci-

970 1481 1064 1517 licet
1085 1489 1175 1516 vtca
1202 1462 1370 1529 antiqua
1391 1477 1553 1515 heroum
1576 1479 1684 1516 Grae-

971 1537 1043 1575 cioe
1056 1552 1071 1583 ;
1117 1538 1179 1574 uti
1230 1538 1394 1574 omnino
1438 1549 1684 1587 unaquaeque

970 1609 1066 1647 gens
1078 1623 1088 1641 ,
1108 1595 1140 1631 si
1158 1607 1364 1631 recensum
1383 1593 1489 1644 apud
1507 1595 1684 1632 animum

968 1654 1150 1690 instituas
1165 1680 1174 1697 ‚
1206 1653 1309 1689 sicut
1348 1652 1512 1689 aliarum
1549 1665 1684 1689 rerum

968 1711 1198 1755 inferarum,
1217 1711 1271 1746 ita
1288 1710 1413 1760 Elysii
1430 1709 1584 1746 beatam
1602 1722 1684 1746 sor-

968 1777 1048 1804 tem
1066 1768 1124 1804 ad
1140 1780 1228 1803 suos
1245 1780 1371 1804 mores
1387 1766 1606 1816 descripsit,
1626 1779 1685 1803 ea-

969 1838 1044 1876 que
1058 1854 1068 1871 ,
1089 1838 1176 1875 quae
1194 1825 1350 1861 beatam
1367 1825 1488 1860 vitam
1505 1836 1578 1860 suo
1595 1837 1684 1860 sen-

969 1896 1016 1919 su
1042 1882 1359 1928 constituebant,
1394 1894 1441 1918 eo
1470 1881 1683 1919 transtulit.

971 1940 1141 1977 Pedibus
1150 1940 1356 1990 plaudunt
1378 1938 1568 1982 choran,
1606 1938 1683 1975 ele-

971 1999 1126 2048 gantius
1144 2010 1263 2047 quam
1281 1996 1461 2042 ducunt,
1482 1995 1567 2032 sciL
1593 2007 1685 2032 cum

971 2054 1120 2104 pedum
1150 2055 1317 2104 plausu;
1349 2053 1493 2118 odyss,
1521 2052 1564 2098 θ,
1604 2052 1687 2097 264

974 2110 1031 2148 Πέ
1018 2115 1182 2164 -πὶμηγω
1216 2107 1260 2148 δὲ
1288 2123 1334 2160 χο
1341 2124 1401 2165 ρον
1426 2109 1482 2147 os·
1452 2123 1500 2147 -οι
1503 2123 1521 2147 ν
1548 2106 1686 2156 ποσίν,

975 2168 1086 2218 quod
1118 2171 1230 2206 Maro
1265 2168 1362 2205 adeo
1397 2167 1550 2217 accepit
1577 2163 1683 2203 κατὰ

976 2238 1022 2275 χο
1030 2224 1115 2279 {0²³²
1151 2239 1238 2263 non
1267 2234 1314 2262 ut
1349 2223 1462 2278 χορὸς
1494 2236 1568 2273 pro
1595 2223 1687 2260 loco

977 2284 1131 2320 dicrum
1148 2285 1211 2329 sit,
1233 2291 1279 2320 ut
1296 2283 1390 2320 alibi
1408 2279 1512 2332 apud
1538 2281 1685 2317 Home-

976 2354 1069 2377 rum
1086 2341 1274 2378 occurrit.

1037 2398 1280 2445 645-647.
1308 2394 1474 2434 Dandus
1491 2403 1572 2432 erat
1593 2395 1686 2434 cho-

977 2456 1055 2493 reis
1092 2456 1316 2492 saltantium
1360 2461 1399 2489 et
1443 2454 1688 2490 cantantium

977 2525 1072 2548 suus
1090 2507 1219 2554 ἀοιδὸς
1232 2538 1244 2557 ,
1262 2511 1415 2560 lyricen
1428 2537 1439 2555 ‚
1458 2511 1529 2559 qui
1543 2523 1612 2547 seu
1629 2523 1688 2547 ac-

978 2570 1147 2614 cineret‚
1179 2580 1249 2604 seu
1269 2568 1430 2616 praeiret
1451 2575 1572 2604 cautu
1599 2575 1686 2604 tan·

974 2637 1093 2675 quam
1120 2624 1324 2675 choragus.
1355 2625 1455 2673 Quis
1483 2637 1578 2662 vero
1604 2637 1687 2661 ma-

975 2683 1033 2733 gis
1063 2683 1303 2719 conveniens
1331 2680 1516 2731 Orpheo,
1548 2682 1620 2732 qui
1638 2681 1688 2719 de

975 2739 1073 2777 locis
1099 2739 1235 2777 inferis
1263 2738 1433 2789 plurima
1461 2747 1545 2776 erat
1576 2738 1688 2776 fabu-
