1767 3054
121 87 200 124 252

752 87 1002 125 AENEIDOS

116 156 377 219 Cocytique
401 156 520 219 petit
541 155 721 214 sedem,
748 173 920 219 supera
946 157 1097 203 ardua
1119 157 1351 220 linquens.

182 235 264 279 Est
289 233 419 279 locus
442 232 590 278 Italiae
614 232 798 291 medio,
822 233 912 279 sub
938 232 1179 280 montibus
1202 233 1331 290 altis,

117 307 327 365 Nobilis,
351 317 398 353 et
422 308 545 353 fama
564 307 723 353 multis
747 319 1036 355 memoratus
1060 309 1110 353 in
1134 308 1230 354 oris
1245 342 1257 360 ‚
1304 306 1306 308 ’

117 383 358 431 Amsancti
381 383 525 429 valles
549 401 558 428 :
587 382 741 430 densis
766 383 892 430 hunc
917 383 1167 430 frondibus
1195 394 1351 429 atrum

115 542 142 579 l.
170 554 203 579 0.
227 543 327 578 Item
347 540 388 577 in
406 539 587 590 Hirpinis
621 538 838 576 Amsancti

118 599 177 636 ad
191 598 376 649 Mephitis
392 598 520 635 cedem
541 598 670 634 locum
682 612 698 642 ;
717 610 834 647 quem

117 657 190 708 qui
209 657 404 693 intravere
418 684 429 702 ,
455 655 684 693 moriuntur.
705 657 835 692 Locus

117 720 335 753 etiamnum
353 714 484 751 dictus
516 713 659 767 Iisufiti.
693 712 834 751 Offen-

117 774 261 810 derunt
283 781 413 809 tamen
436 773 513 808 viri
544 772 653 809 docti
679 770 728 807 ad
751 783 836 807 ver-

117 832 167 868 ba
188 843 196 868 :
223 830 358 867 Italioe
387 829 549 875 medi0;
580 837 702 878 utque
721 828 835 865 locus

116 890 207 926 satis
229 888 461 925 conveniret
475 914 485 933 ‚
507 887 724 936 quaesivere
744 899 835 922 enm

115 950 160 984 in
184 947 257 983 alia
287 945 411 982 Italiae
440 952 563 995 parte.
588 944 656 982 Ad
677 944 837 995 spelun-

116 1018 179 1043 cas
203 1002 364 1041 AEolias
396 1001 521 1039 dictas
549 1016 676 1054 prope
707 1005 835 1040 Inter-

115 1074 271 1099 amnam
286 1089 295 1107 ‚
319 1060 439 1097 hodie
462 1063 498 1097 T
495 1061 581 1098 erni
589 1090 600 1106 ,
634 1061 703 1111 qui
721 1061 834 1098 locus

115 1121 317 1157 cataractis
355 1120 480 1155 amnis
518 1120 653 1157 Velini
684 1119 833 1157 nobilis

114 1187 172 1215 est
185 1207 195 1225 ‚
217 1177 428 1214 transferre
445 1177 573 1214 voluit
588 1178 725 1215 locum
743 1179 833 1213 Vir-

112 1237 325 1287 gilianum,
357 1243 449 1285 post
482 1235 689 1272 Floridum
722 1239 829 1274 Lect.

112 1294 274 1332 Subsec.
305 1295 367 1340 II,
396 1293 444 1329 18
462 1321 472 1339 ‚
494 1294 747 1340 Addisonus,
779 1295 834 1332 10-

113 1366 160 1390 00
176 1354 255 1400 jam
283 1365 305 1388 a
332 1354 563 1389 Burmanno
586 1353 771 1399 laudat03
795 1362 833 1389 et

110 1411 205 1447 hinc
238 1410 327 1456 alii,
364 1410 481 1447 etiam
515 1411 732 1448 Blainvz'lle
759 1411 831 1447 Iti-

113 1482 195 1505 ner.
231 1477 260 1506 t.
282 1470 343 1513 ΙΙ,
377 1481 408 1505 s.
430 1481 499 1518 29.
525 1471 581 1506 At
608 1483 739 1520 nuper
764 1469 832 1505 ab·

113 1526 181 1563 bas
221 1525 457 1578 Capmnrcin
493 1526 543 1563 de
583 1526 750 1576 Clzaupy
783 1527 831 1564 de

111 1583 263 1634 praedio
302 1584 522 1621 Horatiano
556 1584 832 1635 (De'couverte

112 1642 161 1678 de
181 1643 223 1678 la
241 1641 397 1678 maison
409 1643 459 1679 de
471 1655 697 1694 campagne
709 1643 833 1679 d'Ho-

111 1713 204 1736 race
227 1709 253 1737 t.
277 1702 337 1736 III
352 1728 362 1746 ,
384 1714 423 1750 p.
453 1708 532 1745 104
552 1699 690 1751 seqq.)
710 1713 830 1750 aquas

113 1758 278 1795 Cutilias
309 1759 353 1794 in
388 1758 544 1796 Sabinis
576 1758 624 1794 ad
657 1760 831 1795 Amnem

111 1816 305 1852 Velinum
319 1844 329 1862 ‚
352 1829 522 1865 quarum
546 1829 637 1866 pars
666 1816 830 1853 bitumi-

111 1887 208 1911 nosa
237 1882 275 1910 et
302 1875 453 1911 nitrosa
476 1882 556 1918 est,
581 1875 625 1910 in
645 1875 831 1925 Virgilia-

110 1946 164 1969 no
184 1932 276 1970 1000
296 1932 512 1981 quaerebat.
543 1935 603 1968 Ita
633 1931 715 1969 fere
744 1933 828 1979 illi,

109 1992 180 2040 qui
211 2004 273 2040 ap.
302 1993 498 2040 Pompon.
521 1990 611 2028 Sab.
638 1992 831 2027 Amsanc-

111 2057 197 2085 tum
231 2049 275 2084 in
310 2050 422 2085 exitu
460 2048 618 2099 paludis
653 2050 830 2086 Reatinae

109 2106 343 2156 quaerebant
357 2135 367 2153 ,
392 2106 570 2157 decepti,
595 2115 642 2143 ut
663 2107 829 2144 arbitra-

109 2174 200 2210 tur,
233 2178 305 2210 eo,
337 2164 446 2214 quod
475 2164 582 2214 apud
607 2167 828 2202 Varronem

110 2231 166 2258 est
185 2222 401 2260 umbilicus
431 2223 556 2259 Italiae
588 2235 678 2272 ager
702 2225 831 2261 Reati-

109 2292 198 2316 nus.
221 2280 329 2318 Abb.
359 2280 507 2317 Venuci
526 2285 569 2317 in
591 2280 731 2318 eodem
748 2283 830 2319 fere

112 2346 241 2373 tractu
262 2339 377 2375 aliam
396 2339 618 2376 convallem
647 2339 696 2376 ad
714 2342 829 2377 Mon-

114 2404 191 2430 tem
236 2396 408 2433 castello
443 2397 487 2432 di
516 2396 659 2434 Casino
690 2397 829 2449 deprc-

110 2451 294 2489 hendisse
312 2454 387 2489 sihi
406 2455 510 2490 visus
530 2464 625 2498 erat,
644 2456 694 2492 ad
710 2469 831 2505 quam

112 2519 241 2558 poetae
269 2511 391 2547 verba
412 2513 738 2550 accommodabat
758 2526 767 2551 :
788 2515 832 2550 in

113 2567 205 2604 diss.
237 2569 437 2617 praemissa
468 2577 563 2606 tom.
592 2573 652 2607 III
676 2571 834 2622 Virgilii

113 2624 381 2675 Ambrogiani
394 2638 403 2662 :
418 2635 523 2662 caret
540 2636 672 2665 tamen
692 2638 732 2666 et
755 2630 832 2666 hoc

116 2684 348 2720 auctoritate
382 2682 537 2721 idonea.
573 2687 834 2723 Amsanctum

115 2742 299 2778 Lucaniae
342 2755 422 2778 esse
463 2743 644 2779 Donatus
687 2744 837 2790 aiebat,

1566 394 1626 424 565

903 539 1013 577 unde
1043 539 1162 577 Calor
1184 540 1312 576 amnis
1333 537 1430 591 (qui
1449 540 1553 576 inter
1572 540 1625 577 Α-

902 599 1082 648 quariam
1097 605 1137 633 et
1152 600 1350 635 Pae‘stanos
1369 610 1483 648 agros
1495 599 1623 635 fertur

902 663 942 691 et
960 655 1086 693 Silaro
1106 654 1321 707 miscetur)
1346 668 1522 707 praeceps
1550 656 1624 692 fer·
1644 668 1649 674 ·

902 720 970 749 tur
984 725 995 749 ε
1009 730 1029 745 κ
1049 712 1122 749 ubi
1145 721 1304 750 antrum
1325 714 1498 763 ingentis
1519 727 1623 764 mag-

901 770 1099 807 nitudinis
1133 783 1227 807 cnm
1255 770 1439 821 pestifera
1466 771 1623 809 exhala-

902 828 1010 865 tione
1030 848 1050 861 »
1069 827 1259 879 deceptus
1277 828 1345 866 ille
1371 830 1535 866 nomine
1551 829 1623 866 flu-

901 887 958 923 vii
982 887 1157 934 caloris3
1192 886 1303 937 quod
1330 900 1544 924 commune
1565 896 1622 925 est

904 944 1017 981 alteri
1040 946 1083 982 in
1101 946 1297 996 Hirpinis.
1325 945 1484 983 Scilicet
1505 946 1622 996 plura

902 1011 942 1039 et
970 1003 1136 1040 fuerunt
1170 1003 1240 1055 (v.
1275 1005 1421 1041 Seneca
1450 1005 1501 1042 N.
1540 1006 1619 1053 Qu,

901 1062 963 1097 VI
975 1089 985 1108 ,
1006 1062 1057 1098 28
1073 1061 1088 1113 )
1109 1070 1148 1098 et
1167 1061 1296 1098 adhuc
1312 1070 1407 1098 sunt
1426 1061 1620 1109 ejusmodi

900 1120 1096 1169 spiracula
1116 1118 1312 1172 (Moffete
1321 1117 1350 1170 ).
1383 1122 1444 1156 Ex
1466 1118 1528 1155 his
1547 1132 1621 1169 pro

899 1177 1035 1215 lubitu
1069 1178 1169 1214 alius
1201 1176 1310 1214 aliud
1348 1178 1527 1227 arripuit.
1563 1199 1621 1205 -—

901 1235 999 1273 565.
1031 1235 1217 1273 Amsacti
1242 1234 1417 1282 Medic„
1446 1243 1492 1271 ut
1519 1237 1619 1272 Am-

899 1303 1058 1331 sanctus
1070 1308 1133 1345 ap.
1145 1295 1228 1333 Cic.
1242 1293 1345 1331 Plin.
1359 1302 1399 1331 et
1410 1292 1616 1331 claudian.

899 1352 1104 1390 scribitur.
1129 1356 1246 1390 Rom.
1269 1360 1308 1389 et
1332 1352 1395 1389 ed.
1413 1354 1517 1389 Ven.
1543 1365 1619 1387 an-

887 1409 1029 1460 ftacti.
1042 1412 1090 1447 In
1106 1410 1306 1461 plerisque
1326 1419 1384 1447 est
1396 1409 1620 1446 aberratum

899 1477 1113 1513 ansanctz.
1137 1477 1183 1507 1t.
1220 1477 1383 1505 ansantz
1402 1496 1414 1513 ,
1437 1481 1620 1504 anxanc-

900 1526 957 1571 ti,
983 1539 1213 1573 amsaneoe,
1238 1540 1291 1563 an
1315 1526 1451 1563 valles
1475 1526 1618 1563 saneti.

898 1585 1002 1621 Mox
1020 1582 1227 1635 frontibus
1252 1585 1350 1621 alter
1374 1584 1541 1622 Mentel.
1561 1607 1619 1612 ——

898 1641 1115 1678 Amsancti
1134 1649 1266 1678 tamen
1282 1642 1439 1678 vallem
1460 1641 1511 1678 ad
1531 1643 1620 1678 Hir-

897 1700 1014 1749 pinos
1042 1707 1244 1749 spectare‚
1286 1707 1377 1748 post
1413 1700 1618 1737 Ciceronis

897 1765 937 1793 et
956 1757 1077 1794 Plinii
1093 1756 1279 1794 disertam
1306 1754 1429 1793 fidem
1452 1770 1537 1794 non
1561 1767 1619 1794 est

898 1815 1009 1864 quod
1053 1814 1233 1851 dubitari
1276 1815 1414 1864 possit.
1464 1816 1618 1852 Faciem

897 1873 1059 1922 quidem
1082 1873 1163 1909 loci
1194 1885 1306 1909 nunc
1333 1873 1469 1922 paullo
1491 1873 1621 1910 diver-

897 1943 979 1967 sam
1013 1931 1160 1981 reperit
1199 1930 1360 1968 Cluver.
1399 1931 1487 1968 Ital.
1526 1944 1616 1981 pag.

904 2002 919 2024 1
931 2002 1009 2026 201
1028 2018 1038 2036 ‚
1064 1988 1173 2025 silvae
1193 1989 1330 2025 saltem
1348 1987 1524 2027 deerant.
1543 1991 1619 2026 Ve-

897 2060 989 2084 rum
1021 2055 1304 2085 commemorat
1337 2055 1377 2084 et
1398 2047 1469 2084 has
1496 2046 1620 2084 Smin-

896 2104 1039 2151 burne,
1084 2106 1152 2156 qm·
1187 2118 1318 2155 nuper
1350 2102 1488 2142 Iocum
1524 2104 1619 2148 adiit

898 2162 913 2213 (
932 2164 1091 2201 Travels
1127 2163 1168 2199 in
1200 2161 1265 2199 the
1304 2164 1399 2201 Two
1435 2162 1613 2207 Sicilia,

902 2222 1009 2269 1783
1043 2236 1084 2273 p.
1121 2219 1230 2272 128)
1263 2230 1303 2261 et
1339 2221 1412 2258 alia
1446 2220 1618 2270 Virgilio

896 2290 1174 2318 consentanea.
1192 2279 1426 2331 Virgilianae
1440 2279 1566 2316 deseri
1570 2291 1616 2328 p-

897 2341 999 2376 tioni
1031 2337 1154 2376 fidem
1198 2337 1427 2375 adstruebat
1451 2349 1613 2386 quoque

897 2411 948 2434 ex
960 2398 1008 2434 iis
1023 2426 1032 2444 ‚
1054 2410 1145 2448 quae
1166 2396 1214 2433 ab
1235 2396 1361 2433 amico
1379 2407 1452 2431 suo
1469 2393 1615 2431 Holds-

897 2455 1055 2492 wortho
1087 2462 1312 2505 acceperat,
1346 2453 1536 2502 Spencius
1570 2453 1615 2488 in

898 2513 1102 2562 Polymeti
1122 2526 1163 2563 p.
1195 2511 1291 2559 256.
1319 2508 1455 2546 Icalz'ae
1482 2509 1614 2546 medio

898 2584 984 2608 non
1007 2570 1177 2608 debebat
1206 2568 1362 2619 urgeri3
1394 2574 1452 2603 est
1482 2568 1613 2617 simpl.

901 2631 946 2665 in
968 2628 1093 2665 Italia.
1121 2625 1199 2662 Sub
1222 2623 1438 2670 montibus,
1469 2627 1540 2675 qui
1560 2634 1615 2661 ta-

903 2699 995 2722 men
1009 2686 1087 2721 situ
1106 2683 1241 2734 paullo
1253 2683 1485 2720 remotiores
1496 2691 1591 2720 sunt
1605 2695 1614 2720 :

905 2743 974 2780 sed
1004 2742 1100 2779 silva
1129 2741 1225 2778 olim
1254 2739 1347 2778 inde
1367 2753 1388 2777 a
1412 2741 1617 2778 montibus
