1767 3054
183 109 261 147 182
576 84 597 103 Ο

819 108 1060 149 AENEIDOS

176 185 273 226 Aut
294 189 446 227 metus
469 178 681 226 Ausonia
704 179 930 242 prohibet
952 180 1209 226 consistere
1239 180 1392 226 terra?

248 276 267 296 »
300 256 419 314 Quis
444 256 611 317 procul
638 255 713 301 ille
740 268 896 301 autem
922 256 1063 302 ramis
1089 256 1281 318 insignis
1303 256 1440 301 olivae

177 332 321 377 Sacra
347 330 531 375 ferens?
556 345 700 375 nosco
728 330 869 374 crinis
895 331 1159 391 incanaque
1184 341 1342 375 menta

1621 340 1680 370 810

174 406 317 467 Regis
342 405 565 462 Romani,
588 404 768 465 primus
796 404 878 465 qui
903 403 1086 466 legibus
1110 404 1281 451 urbem

176 479 437 536 Fundal)it‚
470 479 676 525 Curibus
699 479 858 539 parvis
873 514 884 535 ‚
907 490 953 524 ct
979 496 1187 541 paupere
1214 492 1340 526 terra

175 554 348 599 Missus
368 552 425 613 in·
439 552 699 613 imperium
725 567 962 613 magnum.
986 553 1076 598 Cui
1095 552 1265 598 deinde
1285 550 1465 598 subibit

176 630 288 674 Otia
313 626 395 688 qui
419 638 610 688 rumpet
631 627 822 687 patriae,
844 626 1120 687 residesque
1144 618 1357 671 movebit

174 701 337 746 Tullus
357 700 406 744 in
432 715 561 745 arma
584 700 736 756 viros,
762 711 807 745 et
822 700 919 761 jam
941 699 1136 745 desueta
1156 699 1411 760 triumphis

1625 710 1684 740 815

174 776 390 837 Agmina.
417 777 571 830 Quem
585 774 722 835 juxta
743 775 960 835 sequitur
979 774 1237 836 jactantior
1258 777 1441 829 Ancus,

175 854 313 897 Nunc
335 864 526 910 quoque
541 849 639 908 jam
662 848 863 893 nimium
889 848 1099 910 gaudens
1125 846 1440 910 popularibus
1461 849 1602 896 auris.

177 1017 484 1066 1iusloqunmm
502 1025 583 1051 esse
599 1014 808 1064 probabile
828 1015 896 1060 sit,

176 1082 374 1125 postrema
392 1073 478 1110 haec
498 1073 598 1109 ratio
611 1100 622 1117 ‚
643 1081 689 1109 ut
711 1074 761 1109 sit
780 1074 903 1109 virtu-

178 1141 258 1169 tem
276 1145 346 1182 per
364 1132 462 1168 facta
479 1143 658 1166 exserere
673 1159 683 1176 ‚
707 1139 753 1167 ut
777 1130 902 1166 multa

178 1198 338 1227 strenue
354 1189 456 1225 facta
475 1188 564 1224 edas
578 1216 588 1234 ‚
606 1190 738 1225 verior
756 1201 837 1225 esse
849 1189 903 1223 vi-

179 1247 317 1292 detur3
341 1246 564 1297 expeditior
601 1255 659 1282 est
691 1247 902 1296 prima.—

181 1305 261 1342 808
296 1306 438 1341 Terras
472 1303 594 1341 Goth.
623 1317 699 1341 sec.
717 1325 775 1331 —-
798 1305 902 1340 Bene

179 1362 362 1400 firmatur
379 1365 511 1399 AEneae
533 1363 686 1398 animus
707 1361 756 1398 ad
773 1360 903 1398 sedem

179 1422 222 1458 in
242 1421 352 1457 Latio
369 1418 610 1469 fingendam.

242 1478 392 1527 809—-
407 1477 503 1514 813.
535 1479 667 1515 Numa
686 1489 778 1523 rex,
799 1478 906 1526 pacis

180 1535 303 1572 tutela
336 1534 654 1585 religionumque
683 1547 777 1570 cura
808 1536 902 1570 insi-

182 1594 281 1644 gnis.
308 1591 404 1642 Quis
415 1591 569 1642 procul.
601 1593 781 1629 Servius:
800 1609 819 1622 «
833 1593 906 1628 mi-

181 1663 225 1687 ra
259 1659 393 1687 autem
428 1650 558 1685 utitur
596 1649 820 1698 phantasia;
860 1657 906 1685 ut

182 1709 294 1758 quasi
321 1706 525 1751 ostendat,
551 1718 590 1742 se
610 1719 693 1743 non
723 1719 907 1757 agnosce-

181 1779 226 1802 re
259 1778 377 1809 eum,
398 1765 467 1814 qui
497 1763 546 1800 de
581 1772 696 1814 geute
729 1767 907 1802 Romana

185 1836 272 1860 nou
302 1822 452 1867 suerat3
485 1839 504 1853 n
535 1823 668 1858 nescio
703 1833 753 1857 an
789 1823 906 1858 nimis

185 1880 398 1917 subtiliter.
430 1878 624 1916 Anchises
666 1887 704 1915 et
737 1878 841 1915 hane
870 1887 908 1915 et

186 1938 357 1987 reliquas
393 1937 541 1972 animas
574 1936 850 1986 prospectabat
888 1949 908 1972 e

186 1995 410 2045 longinquo
446 1994 542 2039 754.
594 1995 719 2029 Sacra
743 1992 906 2043 fhrens,

184 2053 347 2104 proprie
370 2050 418 2087 de
435 2049 705 2087 sacerdotibus
721 2064 759 2087 v.
771 2050 820 2087 ad
833 2051 905 2088 Ge.

187 2111 227 2146 II
243 2137 254 2154 ,
283 2108 364 2156 [476
380 2136 390 2154 ,
407 2107 450 2145 h.
464 2107 492 2145 l.
512 2107 615 2144 bene
633 2107 683 2143 de
705 2120 909 2144 sacrorum

187 2175 226 2204 et
248 2166 486 2217 religionum
513 2165 734 2204 conditore.
770 2164 909 2202 Crines

189 2225 416 2273 incanaque
431 2231 567 2259 menta
580 2237 595 2267 ;
612 2222 699 2259 talis
712 2223 797 2270 eJus
813 2223 909 2259 ima-

189 2295 258 2331 go,
284 2289 330 2317 ut
365 2282 467 2317 fama
501 2281 557 2316 sic
591 2288 791 2328 acceptam
827 2293 909 2316 esse

191 2347 394 2388 appareat,
415 2339 459 2374 in
499 2338 631 2374 numis
667 2338 793 2388 gentis
823 2337 909 2375 Cal-

189 2396 344 2445 purniae
360 2424 369 2440 ‚
404 2396 564 2431 Marciae
603 2403 642 2431 et
679 2395 909 2444 Pomponiae

193 2453 380 2489 occurrit.
395 2452 444 2489 cf.
458 2453 627 2502 Dionys,
638 2454 691 2497 ΙΙ,
707 2451 756 2488 58
774 2463 783 2489 :
799 2448 909 2497 ἀξιώ-

192 2522 249 2546 σει
274 2510 420 2560 μερφῆς
447 2506 643 2554 βασιλικὸν
673 2509 792 2545 fuisse
819 2522 909 2545 nar-

191 2575 265 2604 rat.
282 2566 404 2601 Vem‘t
420 2564 460 2600 in
479 2564 687 2613 imperium
704 2579 909 2616 magnum,

195 2631 298 2660 certe
324 2621 499 2663 ,fatorum
522 2621 681 2660 decreto
708 2623 782 2659 tale
809 2623 913 2659 futu-

195 2693 285 2718 rum
312 2678 537 2728 aliquando.

259 2738 340 2775 813
364 2758 421 2766 —-
451 2736 547 2774 815.
569 2737 654 2774 Liv.
679 2738 723 2784 1,
747 2748 798 2774 22
818 2736 912 2775 Tul-

967 1016 1031 1052 lus
1075 1015 1303 1053 Hostilius:
1334 1015 1412 1052 Hic
1443 1028 1523 1052 non
1561 1017 1687 1054 solum

966 1073 1153 1123 proximo
1184 1072 1270 1123 regi
1290 1072 1515 1118 dissimilis,
1541 1075 1614 1111 sed
1628 1074 1691 1126 fe-

970 1130 1102 1167 rocz'or
1131 1130 1255 1167 etiam
1295 1131 1464 1167 Romulo
1488 1130 1588 1182 ficit.
1610 1134 1689 1168 De-

970 1198 1083 1225 sueta
1115 1186 1344 1238 triumphis,
1369 1190 1546 1225 ornatius
1572 1202 1690 1238 quam

970 1246 1098 1284 bellis.

1031 1305 1112 1341 816
1128 1332 1138 1350 ‚
1164 1304 1261 1351 817.
1286 1305 1347 1341 De
1370 1304 1486 1341 Anco
1509 1304 1665 1342 Marcio
1679 1332 1689 1350 ‚

971 1363 1083 1413 quasi
1097 1364 1130 1399 is
1151 1361 1326 1399 favorem
1343 1361 1487 1411 populi
1512 1369 1693 1412 captave-

970 1422 1046 1466 rit,
1069 1420 1246 1469 adeoque
1269 1418 1480 1469 superbior
1498 1420 1541 1455 in
1565 1427 1694 1468 patres

971 1476 1092 1514 fuerit
1106 1506 1116 1523 ‚
1157 1477 1254 1514 alios
1292 1484 1473 1513 auctores
1508 1476 1692 1513 habuisse

971 1537 1179 1572 Maronem
1194 1546 1352 1571 necesse
1364 1541 1421 1570 est
1435 1561 1445 1579 ‚
1464 1546 1581 1583 quam
1594 1546 1693 1582 quos

971 1594 1105 1630 Livius
1125 1601 1163 1629 et
1182 1592 1402 1641 Dionysius
1417 1592 1615 1641 ceterique
1636 1604 1694 1628 se-

973 1658 1179 1700 quuntur,
1207 1651 1276 1699 qui
1318 1648 1368 1684 ad
1400 1661 1474 1686 nos
1501 1661 1692 1699 pervene-

973 1716 1082 1751 runt,
1105 1709 1167 1744 Ex
1187 1707 1322 1744 Servio
1352 1714 1553 1743 servatum
1580 1705 1692 1742 vide-

975 1773 1041 1801 tur
1055 1793 1065 1810 ‚
1107 1764 1219 1814 quod
1251 1765 1498 1813 Pomponius
1527 1763 1696 1802 Sabinus

974 1822 1177 1872 adscripsit
1216 1834 1225 1858 :
1269 1822 1408 1859 Ancus
1444 1822 1614 1858 Martius
1637 1842 1695 1848 —-

973 1879 1132 1916 vivente
1150 1878 1264 1915 Tullo
1275 1876 1556 1930 oegrefhrebat‚
1572 1891 1693 1928 quum

975 1951 997 1974 e
1020 1936 1138 1987 stirpe
1175 1935 1289 1988 regia
1321 1949 1363 1973 se
1376 1951 1382 1956 ·
1384 1935 1566 1987 jactaret
1586 1935 1696 1986 (erat

975 1997 1117 2033 Numae
1135 2006 1260 2043 nepos
1279 2006 1331 2031 ex
1341 1991 1423 2030 filia
1435 1992 1464 2044 ),
1474 1992 1693 2043 praelatum

974 2051 1050 2088 sibi
1085 2051 1256 2089 Tullum.
1297 2052 1440 2101 Itaque
1473 2059 1670 2088 statuerat
1684 2077 1694 2095 ‚

962 2107 1109 2159 favore
1129 2107 1349 2157 populari,
1377 2107 1534 2145 Tullum
1559 2120 1692 2158 regem

975 2178 1064 2201 cum
1081 2175 1165 2202 cota
1175 2164 1343 2214 familia
1358 2164 1550 2202 occidere.
1566 2163 1694 2214 (vide

977 2231 1108 2259 tamen
1140 2223 1218 2261 Tit.
1251 2223 1338 2272 Liv.
1367 2222 1439 2260 lib.
1463 2224 1508 2268 Ι,
1532 2233 1566 2257 c.
1600 2221 1692 2272 32.)

975 2280 1058 2316 -8
1071 2294 1085 2316 1
1097 2293 1133 2326 7.
1155 2280 1337 2318 servium
1351 2279 1530 2322 Tullium
1545 2276 1696 2316 desido-

976 2346 1037 2374 rat
1061 2339 1276 2374 Burmann.
1293 2364 1304 2382 ‚
1327 2347 1402 2373 nec
1430 2334 1533 2371 bene
1563 2337 1695 2373 omitti

974 2396 1150 2445 potuisse
1165 2401 1297 2431 censet
1307 2406 1319 2439 ;
1328 2394 1460 2441 itaque
1472 2392 1693 2440 manciani,

973 2452 1162 2489 levissimi
1182 2449 1329 2494 codicis
1341 2476 1352 2494 ‚
1371 2448 1582 2485 lectionem
1605 2463 1696 2500 pro-

976 2509 1072 2546 bat:
1091 2509 1206 2544 Hunc
1242 2518 1398 2555 quoque
1423 2517 1477 2542 sc.
1513 2508 1695 2556 sequitur

973 2565 1060 2614 jam
1096 2562 1260 2600 nimium
1286 2562 1472 2613 gaudens
1487 2564 1695 2613 populari-

977 2622 1046 2658 bus
1066 2619 1172 2657 auris
1187 2633 1201 2656 .·
1225 2627 1272 2655 ut
1288 2619 1513 2670 designetur
1535 2622 1693 2659 Servius

977 2677 1146 2724 Tullius,
1172 2689 1291 2728 quem
1317 2677 1470 2727 populo
1498 2678 1694 2715 studuisse

976 2734 1165 2773 traditum
1179 2735 1318 2784 utique
1336 2742 1395 2772 est
1413 2747 1434 2772 a
1449 2743 1558 2786 parte
1575 2736 1694 2786 scrip·
