1767 3054
164 192 243 234 344

784 194 1028 233 AENEIDOS

165 265 477 325 Hastamque‚
503 277 548 311 et
571 264 722 326 clypei
747 281 843 310 non
869 265 1132 312 enarrabile
1156 277 1350 312 textum.

233 338 335 384 Illic
358 356 431 385 res
458 341 597 386 Italas
621 344 1038 401 Romanorumque
1065 341 1352 403 triumphos,

168 412 309 457 Haud
334 424 493 458 vatum
519 415 708 475 ignarus
732 414 1018 474 venturique
1044 414 1215 461 inscius
1241 416 1352 473 aevi,

170 491 365 534 Fecerat
389 489 654 550 ignipotens
678 507 687 532 :
711 489 804 533 illic
829 505 974 550 genus
997 504 1133 534 omne
1159 490 1329 535 futurae

170 563 338 624 Stirpis
364 563 422 607 ab
448 564 673 618 Ascanio,
696 573 997 625 pugnataque
1022 563 1071 608 in
1097 563 1265 610 ordine
1288 563 1424 609 bella.

169 639 362 681 Fecerat
388 648 432 682 ct
456 636 601 681 viridi
624 638 766 682 fetam
791 637 1020 682 Mavortis
1045 637 1094 682 in
1119 648 1254 681 antro

1599 646 1660 676 630

169 708 482 755 Procubuisse
506 710 666 771 lupam
692 727 700 753 :
729 710 938 770 geminos
963 709 1075 755 huic
1099 707 1251 755 ubera
1271 709 1449 755 circum

170 783 355 829 Ludere
380 784 627 844 pendentis
649 800 845 846 pueros,
873 795 919 829 et
942 782 1150 829 lambere
1175 795 1372 830 matrem

171 858 450 920 Inpavid053
477 859 603 904 illam
631 859 768 905 tereti
790 860 974 904 cervice
999 859 1224 904 reflexam

170 1036 248 1072 dex
271 1038 481 1086 Pomponii
503 1038 598 1074 Laeti
628 1051 688 1088 ap.
714 1040 883 1077 Pier.-—-

173 1094 270 1130 625.
296 1094 530 1143 Clypeinon
553 1095 776 1133 enarrabile
795 1107 882 1133 tex-

172 1161 253 1187 tum
274 1164 287 1187 .·
310 1148 510 1188 mater-iiim
525 1181 534 1199 ‚
553 1165 672 1202 quam
688 1154 885 1203 explicare

171 1218 354 1258 nequeat,
369 1218 414 1246 ut
432 1219 559 1246 cetera
575 1239 584 1257 ‚
602 1212 785 1262 intelligit
799 1213 886 1250 Cer-

172 1265 232 1302 dn.
257 1267 364 1303 Malo
383 1268 425 1303 in
452 1281 497 1304 eo
518 1281 694 1314 manere,
713 1277 759 1304 ut
776 1282 886 1320 argu-

172 1332 351 1360 mentum
369 1324 484 1374 clipei
505 1327 554 1361 sit
577 1334 655 1361 tam
676 1327 830 1362 varium
849 1335 887 1363 et

173 1381 377 1430 copiosum
394 1409 403 1426 ‚
440 1392 485 1419 ut
519 1392 701 1419 enarratu
726 1381 886 1420 difficile

172 1437 298 1474 videri
320 1439 470 1477 debeat.

232 1495 328 1532 626.
355 1498 540 1545 Sequitur
558 1497 669 1533 locus
687 1496 735 1533 de
757 1497 885 1546 clipeo

174 1554 303 1588 AEnece
322 1553 602 1590 nobilissimus.
622 1555 802 1603 Clipeum
823 1567 889 1590 au-

173 1617 251 1644 tem
269 1610 394 1660 cogita
413 1611 465 1646 ita
484 1610 739 1646 informatum
753 1638 763 1655 ‚
781 1619 826 1646 ut
845 1613 887 1647 in

173 1666 298 1702 media
319 1676 428 1716 parte
442 1695 452 1713 ‚
474 1680 543 1703 seu
562 1668 736 1704 umbone
750 1695 760 1712 ,
779 1680 885 1704 mare

173 1733 272 1760 esset
293 1736 384 1759 cum
397 1737 529 1774 pugna
543 1725 721 1770 Actiaca,
740 1724 787 1761 de
807 1738 883 1774 qua

173 1793 273 1817 vers.
307 1781 388 1827 676
418 1795 526 1831 sqq.;
547 1783 720 1818 exterior
753 1791 885 1818 autem

173 1850 241 1874 ora
257 1839 299 1874 in
319 1838 452 1888 plures
471 1852 577 1875 areas
591 1867 601 1884 ⁷
620 1852 690 1875 seu
707 1840 885 1889 regiones

172 1895 336 1932 discreta
359 1923 369 1941 ,
408 1909 575 1945 quarum
628 1904 856 1947 argumenta
873 1924 883 1941 ‚

172 1952 323 1989 omissis
356 1952 469 1997 aliis,
515 1955 566 1989 ita
611 1955 798 2003 apponit,
841 1962 887 1989 nt

171 2010 250 2045 sint
269 2021 278 2046 ε
303 2012 321 2046 Ι
335 2039 344 2053 ,
363 2013 473 2060 Lupa
496 2010 713 2049 Romulum
748 2018 786 2046 et
814 2013 886 2047 Re-

171 2079 281 2102 mum
303 2067 471 2113 lac-tans,
495 2082 532 2105 v,
565 2069 672 2114 6303
695 2069 883 2116 11‚*Rap-

170 2132 219 2160 tae
242 2124 395 2162 Sabinae
408 2153 418 2170 ‚
438 2125 588 2161 bellum
615 2126 718 2160 inter
738 2127 882 2160 Roma-

169 2194 243 2218 nos
267 2190 306 2218 et
334 2182 523 2228 Sabinos,
553 2181 761 2230 foedusque
779 2181 883 2216 inter

171 2239 388 2276 Romulum
430 2247 467 2275 et
510 2240 668 2277 Tatium
707 2238 853 2274 factum
870 2265 880 2283 ‚

171 2295 253 2331 635
267 2310 277 2342 3
296 2298 376 2341 111,
391 2297 490 2333 Meti
503 2296 744 2346 supplicium
757 2323 766 2340 ‚
783 2295 884 2341 6423

172 2352 251 2396 IV,
276 2356 399 2390 Roma
423 2366 444 2389 a
476 2356 674 2390 Porsenna
703 2352 881 2398 obsessa,

171 2421 261 2444 cum
283 2411 443 2447 Coclitis
459 2418 497 2446 et
514 2414 724 2447 Porsennae
743 2410 884 2446 facino-

169 2465 279 2501 ribus
292 2494 301 2511 ,
323 2467 405 2511 (340
423 2470 493 2513 3V,
507 2468 746 2517 Capitolium
757 2480 777 2503 a
791 2466 882 2503 Gal-

168 2522 216 2559 lis
241 2534 513 2574 oppugnatum
526 2552 536 2570 ‚
566 2526 672 2570 6523
706 2533 765 2570 et,
796 2536 881 2560 arce

166 2579 324 2627 jamjam
371 2589 481 2630 capta
496 2609 506 2626 ,
540 2583 698 2618 excitati
735 2582 880 2618 anseris

168 2637 335 2686 strepitu
361 2638 530 2674 Romani
550 2638 599 2674 ad
624 2651 878 2689 propugnan-

169 2693 267 2730 dum
297 2694 512 2739 irruente53
529 2697 609 2741 VI,
632 2696 736 2733 Urbs
762 2704 801 2732 et
820 2708 878 2731 re-

165 2750 382 2801 ligionibus
403 2759 441 2787 et
468 2753 585 2788 sacris
603 2752 766 2789 celebris
779 2780 789 2797 ‚
811 2751 878 2788 ad-

168 2821 295 2859 eoque
324 2821 420 2860 pace
449 2808 616 2856 florens,
643 2809 750 2856 6633
773 2811 876 2855 VII,

952 1038 1119 1076 Catilina
1136 1039 1180 1074 in
1195 1040 1359 1075 Tartaro
1373 1065 1383 1084 ‚
1410 1036 1492 1074 666
1508 1051 1518 1084 ;
1539 1038 1660 1085 VIII,

952 1105 990 1133 et
1018 1097 1114 1134 Cato
1145 1097 1188 1132 iu
1220 1096 1388 1146 Elysiis,
1413 1095 1507 1142 670.
1539 1096 1661 1132 Dixe-

951 1167 1059 1197 ram,
1084 1151 1234 1190 omissis
1257 1152 1368 1197 aliis,
1404 1165 1495 1202 quae
1521 1165 1544 1188 a
1564 1153 1662 1190 Vul-

954 1225 1052 1248 cano
1090 1212 1133 1247 in
1171 1210 1298 1260 clipeo
1325 1222 1504 1260 expressa
1529 1218 1663 1255 erant,

953 1277 1109 1319 poetam
1161 1281 1340 1305 enarrare
1376 1276 1530 1304 tantum
1565 1267 1637 1304 ista
1651 1295 1661 1313 ‚

952 1340 1040 1375 quae
1066 1326 1246 1376 apposui.
1275 1326 1376 1363 Nam
1395 1324 1514 1361 verba
1537 1332 1664 1374 poetae

952 1393 1074 1421 sunt:
1095 1383 1185 1420 Illic
1208 1395 1270 1419 res
1295 1382 1445 1428 Italas,
1467 1384 1664 1419 Romano-

951 1454 1115 1491 rumque
1153 1442 1188 1477 T
1186 1438 1385 1489 riumplzos
1413 1441 1579 1477 Fecerat
1606 1439 1664 1491 ig-

952 1498 1136 1548 nipotens
1147 1512 1164 1542 ;
1182 1497 1265 1534 illic
1279 1510 1408 1548 genus
1432 1495 1665 1547 omnefutn-

953 1569 1009 1592 rae
1026 1554 1164 1604 Stirpis
1187 1555 1236 1591 ab
1251 1554 1441 1600 Ascanio,
1456 1564 1662 1605 pugnata-

953 1626 1030 1661 que
1070 1612 1109 1647 in
1141 1611 1279 1648 ordine
1314 1611 1420 1648 bella
1433 1626 1448 1655 ,·
1488 1610 1662 1660 adeoque

953 1682 1111 1705 omnem
1136 1668 1339 1705 historiam
1368 1668 1479 1718 regni
1500 1667 1660 1706 Albani.

950 1725 1075 1762 Haud
1097 1735 1237 1762 vatum
1263 1724 1421 1776 ignarus
1438 1724 1478 1763 h.
1500 1738 1533 1762 e.
1562 1737 1663 1775 prae-

951 1783 1172 1820 dictionum
1187 1811 1197 1829 ‚
1214 1795 1308 1832 quas
1320 1795 1340 1817 a
1352 1781 1506 1819 vatibus
1524 1785 1663 1820 AEneas

952 1849 1166 1889 acceperat.
1197 1861 1255 1867 —-
1278 1840 1375 1876 630.
1409 1841 1575 1876 Fecerat
1596 1849 1659 1885 ec,

951 1899 1054 1934 inter
1071 1905 1196 1934 cetera
1208 1924 1218 1942 ‚
1236 1909 1324 1945 quae
1341 1903 1459 1945 poeta
1472 1909 1662 1934 memora-

951 1967 993 1990 re
1016 1967 1100 1990 nou
1116 1954 1217 1991 vult.
1237 1953 1308 1990 Illa
1325 1952 1373 1988 de
1387 1952 1481 2003 lupa
1494 1953 1662 1991 lactante

952 2011 1170 2049 Romulum
1212 2019 1251 2047 et
1287 2014 1456 2048 Remum
1493 2023 1637 2060 pueros
1651 2040 1660 2058 ,

951 2069 1103 2117 egregie
1154 2075 1194 2103 et
1233 2067 1377 2103 vividis
1427 2068 1663 2118 imaginibus

949 2124 1235 2174 suavisbusque
1249 2125 1452 2162 sententiis
1469 2133 1564 2161 sunt
1577 2138 1663 2162 nar-

949 2189 1030 2217 rata
1048 2195 1086 2218 v.
1113 2182 1196 2218 630
1214 2203 1272 2210 —-
1292 2182 1375 2227 634
1389 2209 1399 2227 ‚
1420 2190 1466 2219 ut
1483 2183 1597 2219 toties
1616 2184 1659 2219 in

949 2239 1080 2274 numis
1100 2248 1138 2275 et
1159 2239 1278 2290 signis
1302 2247 1480 2276 veterum
1498 2238 1659 2288 aliisque

949 2296 1137 2346 operibus
1153 2304 1385 2334 occurrunt.
1403 2297 1512 2340 Feta,
1530 2296 1658 2341 enixa,

949 2361 995 2389 ut
1027 2353 1134 2391 alibi.
1176 2352 1314 2391 Martis
1347 2361 1506 2390 antrum
1542 2353 1659 2390 multi

949 2418 1191 2449 memorant:
1207 2410 1312 2449 conf.
1327 2409 1474 2448 cerda:
1493 2408 1658 2447 obvium

947 2467 1049 2504 illud
1066 2469 1109 2505 in
1125 2469 1256 2505 numis
1273 2466 1380 2517 (vid.
1395 2464 1558 2504 Eckhel.
1576 2467 1656 2504 vol.

948 2527 1029 2571 VI,
1053 2539 1093 2574 p.
1132 2524 1207 2575 31)
1236 2533 1275 2560 et
1303 2516 1654 2573 gemmis.—633.

946 2582 1115 2633 Reflexa
1150 2584 1265 2618 Rom.
1300 2579 1406 2618 Gud.
1437 2588 1476 2617 et
1506 2581 1656 2631 aliquot

945 2638 1011 2674 alii
1022 2636 1127 2687 apud
1147 2639 1282 2674 Heius.
1301 2650 1394 2673 cum
1412 2639 1441 2675 F
1443 2650 1549 2676 rane.
1563 2640 1655 2677 Non

944 2694 1106 2744 expedit
1135 2707 1217 2730 rem
1256 2695 1391 2732 Burm.
1420 2695 1575 2733 Scilicet
1597 2695 1655 2732 ‹li-

945 2750 1114 2788 cendum
1126 2758 1204 2788 est:
1224 2764 1304 2787 esse
1323 2750 1424 2788 hanc
1439 2752 1652 2804 vulgarem,

945 2808 1091 2847 cervice
1135 2807 1287 2861 reflexa
1326 2807 1427 2859 (etsi
1460 2818 1499 2848 et
1529 2811 1653 2860 ipsam
