1767 3054
180 136 231 172 40
805 127 1046 165 AENEIDOS

174 204 312 247 Dona
332 197 484 245 sines?
511 197 594 244 ubi
618 215 743 243 nuuc
767 197 905 244 nobis
930 199 1046 245 deus
1070 198 1169 254 illc,
1193 198 1415 261 magister

171 273 508 336 Nequidquam
536 285 846 330 memoratus,
873 275 1031 334 Eryx?
1056 273 1154 320 Ubi
1181 274 1303 320 fama
1328 291 1415 336 per
1447 288 1636 319 omnem

172 350 489 405 Trinacriam,
512 360 558 394 et
579 349 728 410 spolia
757 348 835 393 illa
861 349 952 393 tuis
975 349 1229 410 pendentia
1249 350 1411 396 tectis?
1435 371 1453 390 »

241 425 324 470 Ille
349 423 436 470 sub
463 424 562 469 haec
588 442 598 467 ε
622 445 640 464 «
666 427 774 469 Non
800 422 953 469 laudis
979 439 1133 481 amor,
1160 442 1245 471 nec
1270 426 1420 488 gloria
1442 425 1580 472 cessit

176 499 314 544 Pulsa
339 510 489 555 mctu3
517 497 599 542 sed
625 498 751 542 enim
775 497 955 560 gelidus
983 499 1195 546 tardante
1221 511 1408 546 senecta

1619 511 1680 552 395

177 574 376 635 Sanguis
402 571 569 630 hebet,
590 572 857 635 frigentque
882 573 1035 619 effetae
1059 574 1107 619 in
1135 590 1337 638 corpore
1358 576 1496 622 vires.

177 650 230 696 Si
254 649 393 706 mihi,
416 665 522 711 quae
547 650 788 712 quondam
811 649 988 706 fuerat,
1012 666 1200 712 quaque
1224 651 1457 714 inprobus
1483 652 1569 698 iste

178 726 394 771 Exsultat
418 726 587 784 fidens,
610 726 648 772 si
668 743 793 771 nunc
815 726 935 772 soret
961 726 1039 772 illa
1057 727 1300 788 juventa53

180 799 324 845 Haud
343 800 564 862 equidem
585 801 740 863 pretio
763 800 981 847 inductus
1002 800 1300 863 pulchroque
1313 803 1519 864 juvenco

181 875 448 932 Venissem,
472 892 559 921 nec
584 875 707 922 dona
733 892 907 922 moror.
933 899 951 917 »
976 877 1053 923 Sic
1077 876 1248 922 deinde
1270 878 1455 924 locutus

1622 871 1684 923 cieo

184 954 242 997 In
263 951 471 997 medium
493 953 703 1014 geminos
726 953 902 999 inmani
924 952 1134 1015 pondere
1159 965 1324 1000 caestus

185 1025 410 1087 Projccit‚
433 1026 606 1087 quibus
633 1043 741 1072 acer
762 1031 891 1089 Eryx
913 1028 961 1072 in
987 1027 1149 1089 praelia
1173 1037 1334 1074 suetus
1463 1086 1468 1092 ¹

184 1103 330 1147 Ferre
354 1118 568 1160 manum,
593 1102 811 1166 duroque
837 1103 1082 1150 intendere
1106 1102 1305 1149 brachia
1325 1112 1472 1166 tergo,

191 1335 273 1385 349
312 1335 482 1370 Juvenes
502 1331 728 1385 fortissima
749 1333 908 1385 frustra

180 1400 363 1442 pectora.
377 1414 434 1419 —-
450 1392 500 1440 39
512 1404 528 1427 1
546 1419 556 1436 ,
583 1393 680 1440 392.
714 1392 907 1429 Gravissi-

190 1463 253 1486 ma
288 1448 544 1502 objurgatio:
573 1449 767 1500 magister
793 1452 909 1499 Eryx

189 1508 230 1545 h.
254 1521 288 1545 e.
318 1507 442 1558 gloria
468 1506 552 1543 haec
567 1535 576 1553 ‚
608 1507 718 1558 quod
741 1509 909 1558 Erycem

190 1565 356 1603 heroem
383 1566 478 1618 (sed
506 1567 652 1613 majus,
684 1566 780 1602 deus
815 1565 910 1617 ille)

192 1625 424 1675 magistrum
440 1623 642 1674 pugilatus
658 1623 847 1661 habuisti.
866 1626 913 1662 E-

193 1683 302 1733 rycis
321 1690 454 1719 autem
468 1694 615 1719 nomen
635 1680 711 1718 fuit
727 1694 916 1732 magnum

191 1740 387 1791 pugilatu,
399 1742 548 1790 quippe
556 1740 627 1789 qm'
639 1739 852 1776 Herculem
861 1741 917 1790 ip-

195 1810 284 1834 sum
308 1799 546 1847 provocavit
575 1810 610 1833 V.
646 1803 725 1840 412
757 1810 842 1847 sqq.
876 1811 914 1835 v,

192 1854 362 1892 Diodor.
393 1857 475 1901 IV,
504 1855 554 1891 83
571 1868 580 1899 ;
600 1856 713 1891 Paus.
743 1856 813 1900 IV,
839 1855 890 1891 36
906 1884 916 1902 ‚

194 1926 236 1963 p.
259 1914 354 1960 372.
388 1913 494 1950 conf.
531 1919 621 1962 post
653 1911 749 1949 alios
782 1913 916 1951 Burm.

195 1974 280 2009 Sec.
306 1970 355 2007 ad
377 1972 572 2009 Numism.
604 1969 711 2008 Sieil.
743 1970 788 2006 in
815 1972 919 2007 Dor-

196 2029 282 2066 vill.
316 2028 457 2067 Siculis
490 2042 530 2079 p.
565 2030 661 2077 399.
683 2041 769 2078 sqq.
796 2028 919 2065 Nobis

197 2085 345 2124 habere
367 2084 570 2139 μιμητικὸν
603 2085 751 2135 ahquid
772 2099 824 2122 ex
840 2088 920 2123 vita

197 2144 406 2181 hominum
420 2174 429 2187 ‚
468 2154 611 2182 notum
656 2153 725 2182 est.
768 2144 918 2194 Spolia.

199 2204 327 2239 Auxit
361 2202 447 2239 haec
487 2203 619 2240 Valer.
665 2202 794 2240 Flaec.
836 2205 916 2249 IV,

206 2260 254 2296 18
267 2273 283 2297 1
307 2272 366 2309 sq.

261 2319 415 2367 394—-
435 2319 530 2367 399.
572 2316 677 2356 Talis
716 2319 918 2356 excusatio

198 2376 384 2426 frequens
418 2376 461 2411 iu
494 2378 697 2418 Homero,
740 2377 921 2425 inprimis

198 2435 389 2473 Nestoris.
410 2433 516 2471 Vide
535 2433 646 2471 Iliad.
669 2446 692 2469 κ
706 2460 716 2478 ,
744 2446 758 2468 1
771 2434 819 2470 32
835 2448 919 2484 sqq.

202 2495 250 2538 λ,
269 2491 352 2541 669
375 2505 459 2542 sqq.
483 2488 532 2542 ψ,
548 2493 630 2541 629
653 2504 709 2541 sq.
724 2519 734 2536 ‚
757 2500 795 2527 et
811 2493 924 2528 Laer-

203 2557 253 2585 tae
272 2549 415 2600 Odyss.
445 2563 475 2586 ω
491 2578 501 2596 ,
528 2551 608 2598 375
633 2562 717 2599 sqq.
733 2577 744 2595 ,
763 2549 832 2585 sed
855 2563 918 2586 or-

202 2615 299 2643 natu
319 2616 357 2643 et
375 2609 565 2646 orationis
589 2609 630 2645 vi
651 2607 842 2657 Virgilius
860 2620 923 2643 su-

203 2668 351 2715 perior.
384 2666 432 2703 ef.
475 2666 544 2704 inf.
583 2666 652 2704 lib.
683 2667 806 2711 VIII,
840 2665 920 2702 560

206 2735 265 2773 sq.
285 2723 406 2773 Quod
423 2733 552 2761 autem
566 2738 658 2762 cum
672 2723 800 2761 verbis
813 2736 923 2774 gran-

208 2779 274 2817 des
298 2780 386 2819 illos
400 2809 410 2828 ‚
429 2782 574 2832 quibus
594 2783 689 2821 olim
713 2795 808 2820 usus
825 2791 919 2829 erat,

974 1341 1102 1371 cestus
1124 1334 1168 1370 in
1183 1331 1358 1370 medium
1382 1333 1543 1383 projicit
1560 1361 1570 1380 ‚
1588 1346 1693 1386 mag-

976 1404 1029 1429 no
1046 1399 1160 1441 poeta
1181 1390 1345 1442 dignum
1368 1399 1437 1428 est.

1037 1449 1133 1498 396.
1155 1449 1288 1485 Habet
1309 1449 1448 1486 vitiose
1461 1477 1472 1494 ‚
1490 1449 1608 1486 etiam
1627 1463 1692 1487 ve-

978 1506 1195 1544 tusussimi.
1213 1519 1252 1545 v.
1271 1508 1372 1544 Pier.
1391 1504 1543 1558 Essoeco
1563 1509 1692 1559 Bigot.

978 1572 1016 1601 et
1055 1564 1255 1611 Parrhas.‚
1285 1563 1395 1615 quod
1423 1573 1483 1602 est
1517 1565 1693 1616 vulgare.

979 1620 1178 1673 Effractoe
1209 1623 1352 1661 Hamb.
1387 1636 1464 1660 sec.
1495 1635 1516 1659 a
1542 1636 1595 1662 m.
1611 1635 1694 1667 sec.

983 1680 1140 1731 effecta.³
1180 1681 1349 1718 Dorviss.
1364 1708 1375 1726 ‚
1412 1680 1547 1718 saltem
1578 1680 1697 1718 debe-

984 1746 1044 1774 ret
1074 1751 1156 1774 esse
1173 1736 1347 1789 afficcae.
1361 1738 1529 1787 —398.
1558 1741 1701 1776 Juven-

985 1805 1047 1832 tas
1079 1797 1215 1833 Heins.
1248 1803 1339 1846 post
1364 1798 1465 1834 Pier.
1496 1808 1547 1833 ex
1581 1799 1699 1835 Rom.

985 1852 1132 1890 Medjc.
1172 1862 1211 1890 et
1242 1855 1402 1904 optimis
1434 1854 1531 1892 aljis.
1565 1853 1700 1905 Vulgo

986 1911 1053 1948 alii
1069 1911 1255 1962 juventa,
1275 1912 1463 1950 nonnulli
1500 1912 1618 1949 etiam
1636 1911 1703 1962 ju-

987 1979 1146 2013 vencus,
1170 1971 1350 2020 prosaica
1379 1970 1698 2019 forma.—-—399.

987 2026 1165 2064 inductis
1191 2026 1333 2078 pretiis
1364 2028 1563 2066 Montalb.
1604 2027 1700 2064 Pul-

987 2084 1125 2122 chrove
1160 2085 1270 2123 idem
1317 2093 1408 2123 cum
1451 2085 1535 2123 aliis
1568 2088 1702 2123 Burm.

987 2152 1026 2180 et
1042 2145 1142 2181 Pier.
1155 2148 1171 2188 ‚‘
1183 2144 1297 2181 male.
1310 2145 1582 2182 ——Venissem
1596 2144 1704 2192 equi-

987 2201 1098 2248 dem,
1128 2201 1238 2239 haud
1278 2201 1467 2253 inductus
1508 2201 1705 2252 praemio;

986 2259 1026 2297 h.
1048 2259 1112 2296 vel
1131 2260 1238 2296 nulla
1254 2261 1407 2310 praemii
1423 2260 1575 2296 ratione
1590 2257 1705 2296 habi-

988 2326 1039 2354 ta.
1067 2318 1155 2354 Nec
1184 2317 1294 2353 dona
1320 2329 1474 2363 moror,
1494 2317 1704 2366 praemium

988 2388 1071 2412 non
1087 2387 1185 2412 curo
1204 2386 1214 2412 :
1235 2374 1347 2424 quod
1365 2375 1501 2412 Burm.
1518 2374 1704 2412 illustrat.

1048 2441 1129 2479 402
1145 2460 1155 2478 ‚
1176 2433 1272 2476 403.
1299 2434 1425 2484 Jungi
1458 2439 1621 2483 potest:
1647 2433 1704 2469 Ε-

989 2504 1066 2540 ryx
1095 2503 1191 2528 acer
1223 2489 1266 2526 in
1290 2489 1462 2540 proelia,
1503 2499 1565 2537 et,
1590 2488 1705 2542 serre

990 2562 1152 2585 manum
1182 2547 1222 2584 in
1246 2548 1416 2598 praelia,
1451 2549 1617 2594 afferre,
1638 2547 1705 2584 ad-

988 2606 1124 2644 hibere
1147 2608 1192 2644 in
1222 2607 1448 2646 certamine.
1477 2610 1595 2644 Ferre
1623 2618 1706 2642 ma-

990 2677 1083 2701 num
1124 2664 1165 2701 in
1191 2663 1364 2714 proelia,
1403 2664 1598 2716 exquisite
1631 2676 1706 2714 pro

988 2735 1129 2759 manus
1171 2736 1400 2770 conserere3
1424 2731 1465 2760 et
1499 2721 1707 2760 incendere

988 2779 1152 2818 brachia
1182 2791 1292 2833 tergo
1305 2810 1317 2827 ‚
1340 2794 1416 2832 pro
1435 2781 1603 2819 induere
1625 2792 1705 2817 ces·
