1767 3054
737 134 895 170 LIBER
928 134 978 168 Υ.
1566 151 1610 173 21

103 215 210 259 Non
226 211 322 273 jam
349 209 500 271 prima
523 218 633 269 peto
656 205 961 261 Mnestheus,
996 219 1151 266 neque
1174 205 1364 251 vincere
1390 220 1545 267 certo;

103 292 403 348 Quamquam
424 285 474 328 0!
494 281 577 328 sed
591 293 818 344 superent
831 316 842 338 ‚
857 279 1034 343 quibus
1052 279 1161 339 hoe,
1177 283 1414 343 Neptune,
1432 284 1617 331 dedisti.

102 367 348 410 Extremos
369 358 545 421 pudeat
568 358 766 405 rediisse
788 375 798 401 z
827 357 920 402 hoc
941 356 1141 415 vincite,
1166 358 1318 414 cives,
1558 374 1615 412 ιφ

100 441 157 485 Et
180 435 431 500 prohibete
457 435 603 481 nefas.
630 455 648 474 »
676 435 771 481 Olli
793 433 1052 480 certamine
1070 449 1256 480 summo

98 512 421 560 Procumbunt
445 532 454 557 :
480 512 624 558 vastis
650 512 811 558 tremit
833 509 1007 557 ictibus
1031 527 1153 557 aerea
1178 511 1377 573 puppis,

98 588 506 651 Subtrahiturque
532 588 700 634 solum.
725 591 848 634 Tum
873 585 1042 634 creber
1063 587 1299 634 anhelitus
1323 600 1452 635 artus

97 665 339 727 Aridaque
364 678 449 709 ora
474 663 651 725 quatit3
678 663 825 709 sudor
846 662 951 709 fluit
973 662 1187 724 undique
1208 663 1338 710 rivis.
1555 684 1614 704 που

97 738 282 786 Adtulit
305 738 405 800 ipse
426 738 541 784 viris
564 748 782 800 optatum
803 754 938 784 casus
961 736 1219 796 honorem3

96 818 312 877 Namque
333 814 492 859 furens
513 813 679 871 animi,
704 813 816 859 dum
839 829 1032 876 proram
1055 813 1114 859 ad
1135 829 1250 860 saxa
1273 812 1506 876 suburget

97 891 326 947 Interior,
347 888 598 952 spatioque
618 888 748 936 subit
774 891 1022 951 Sergestus
1044 888 1235 951 iniquo,

98 965 269 1012 Infelix
289 965 413 1012 saxis
436 965 485 1011 in
508 964 908 1027 procurrentibus
930 964 1081 1011 haesit.

98 1043 346 1088 Concussae
365 1053 546 1098 cautes,
571 1051 618 1087 et
641 1053 781 1088 acuto
808 1041 857 1087 in
882 1041 1065 1088 murice
1087 1040 1207 1086 remi

1554 1050 1614 1080 205

102 1115 282 1162 Obnixi
307 1133 561 1180 crepuere,
589 1117 821 1180 inlisaque
842 1133 987 1181 prora
1010 1115 1251 1179 pependit.

101 1194 403 1254 Consurgunt
427 1204 605 1250 nautae,
628 1205 674 1240 et
698 1209 869 1256 magno
892 1193 1099 1239 clamore
1124 1201 1394 1250 morantur3

103 1271 414 1330 Ferratasque
440 1267 624 1325 trudes,
651 1279 698 1314 et
725 1280 863 1315 acuta
883 1267 1080 1331 cuspide
1105 1279 1270 1313 contos

100 1412 247 1452 fluctus
273 1413 443 1452 fluctum
466 1423 605 1466 urget,
631 1416 821 1465 quoniam

97 1472 140 1508 in
155 1471 228 1508 hac
245 1472 358 1524 plaga
376 1473 512 1523 paullo
532 1473 722 1510 tumidius
741 1487 821 1511 ma-

95 1542 138 1567 re
169 1537 258 1567 est:
286 1528 456 1583 Κύμαιταί
487 1544 530 1568 τε
572 1529 787 1584 τροφόεντα.
807 1561 818 1579 ,

94 1584 273 1639 πελώρια
287 1617 298 1635 ,
322 1581 387 1626 ἶσοι
410 1586 554 1642 ὄρεσσιν
570 1618 580 1635 ,
606 1598 651 1626 ut
668 1589 813 1641 Odyss.

95 1659 149 1701 γ,
183 1657 281 1695 290.
311 1646 479 1696 Alioqui
505 1646 589 1683 aliis
619 1648 663 1683 in
691 1647 815 1694 locis,

93 1704 211 1741 etiam
226 1704 300 1740 ista
316 1703 421 1742 bona
434 1705 491 1741 rei
507 1706 650 1756 imago,
668 1706 701 1742 si
720 1704 819 1742 fluc-

94 1769 159 1798 tus
177 1762 307 1799 carina
323 1770 363 1799 et
383 1763 499 1799 remis
524 1762 710 1812 impulsi,
735 1763 815 1800 sul-

94 1832 142 1857 co
155 1818 272 1866 facto,
283 1820 431 1856 iterum
443 1821 638 1857 concitate
651 1828 814 1866 coeunt,

95 1885 133 1913 et
149 1877 192 1913 in
212 1878 381 1927 puppim
393 1879 567 1916 irruunt.
585 1879 815 1929 Qamquam

96 1948 119 1971 ο
133 1937 149 1970 .’
184 1935 334 1971 utinam
364 1936 588 1972 vincerem!
622 1957 681 1963 -—
719 1936 814 1985 196.

95 1991 296 2036 Rediisse,
317 2000 456 2030 ornate
475 2005 550 2042 pro
567 2005 648 2029 esse
662 2020 673 2037 ‚
693 2002 732 2030 et
750 2006 816 2029 ne-

82 2048 159 2100 sas
176 2063 316 2101 magua
346 2063 439 2087 cum
466 2051 531 2095 vi,
564 2063 640 2100 pro
667 2063 814 2102 oppro-

95 2106 198 2153 brio,
217 2117 263 2146 ut
286 2116 324 2145 et
343 2111 451 2147 Serv.
474 2108 641 2145 notavit.

160 2166 252 2215 198.
287 2166 420 2203 Gemit
448 2166 510 2203 vel
523 2165 677 2217 fremit
695 2174 818 2202 tenta-

92 2223 161 2261 bat
179 2225 246 2263 Jo.
277 2224 532 2262 Schraderus.
560 2226 698 2260 Aurea
729 2225 816 2260 Me-

91 2281 169 2320 dic.
191 2296 210 2320 a
241 2297 294 2321 m.
320 2296 380 2333 pr.
408 2286 562 2332 Puppes
577 2284 781 2319 Romanus-
805 2295 814 2320 ε

91 2349 138 2378 nt
157 2342 253 2379 olim
273 2341 394 2379 scribi
415 2354 501 2378 mos
524 2348 619 2378 erat.
640 2340 691 2377 cf.
714 2341 814 2378 Pier.

96 2398 243 2437 Classis
268 2402 395 2452 Bigot.
414 2420 472 2427 —-
491 2399 730 2449 198—200.
756 2397 816 2436 Cf.

93 2456 140 2495 Il.
163 2454 196 2504 ¹,
217 2465 294 2506 417
319 2471 376 2508 sq.
397 2457 684 2501 Procumbunt,
708 2455 818 2506 quod

94 2514 185 2553 alias
205 2545 215 2563 ,
245 2515 506 2554 incumbunt.
537 2515 672 2552 Solum
710 2513 751 2551 h.
787 2514 814 2552 l.

95 2585 215 2612 mare.
249 2572 501 2611 Subtrahitur
530 2573 643 2610 sulco
682 2573 814 2610 facto:

93 2630 184 2669 vide
202 2646 242 2670 v.
268 2640 344 2678 142
361 2660 371 2678 ,
404 2633 496 2676 143.
510 2653 569 2660 —·
587 2645 687 2682 199,
717 2644 812 2669 200.

94 2689 228 2727 Verba
258 2704 308 2728 ex
337 2689 447 2728 Iliad.
480 2703 533 2737 π,
571 2702 674 2740 109,
705 2703 782 2726 110
803 2718 814 2736 ,

96 2747 164 2785 sed
179 2749 372 2786 ornatius.
388 2749 470 2785 Ora
488 2749 560 2786 int.
581 2748 725 2786 fauces.

157 2817 398 2857 201-209,
415 2806 594 2844 Multum
614 2803 815 2861 ἐναργείας

887 1417 931 1453 in
952 1415 993 1453 h.
1014 1414 1041 1452 l.
1061 1415 1265 1452 Honorem
1279 1442 1290 1458 ,
1316 1413 1525 1451 victoriam
1541 1441 1550 1459 ‚
1570 1422 1614 1450 ut

889 1481 1181 1510 anteverterent
1190 1472 1508 1510 Centaurum.—
1516 1484 1536 1508 2
1543 1484 1593 1508 02
1602 1501 1610 1508 .

888 1533 1040 1569 Furens
1067 1529 1215 1567 animis
1242 1530 1394 1580 aliquot
1424 1531 1525 1567 Pier.
1551 1530 1613 1567 Sic

888 1589 960 1628 inf.
996 1589 1066 1626 lib.
1099 1589 1226 1635 VIII,
1255 1588 1351 1625 228.
1377 1587 1454 1625 Sed
1484 1586 1615 1624 animi

886 1647 1043 1685 codices
1081 1654 1302 1699 agnoscunt
1340 1654 1379 1682 et
1423 1646 1612 1682 Arusiau.

885 1706 1005 1742 Mess.
1020 1712 1058 1741 et
1077 1706 1272 1743 sermonis
1289 1703 1493 1752 elegantia.
1514 1701 1612 1739 Ani-

887 1775 951 1798 mo
968 1761 1076 1799 Gud.
1095 1774 1117 1798 a
1140 1773 1194 1798 m.
1213 1772 1274 1809 pr.
1299 1761 1406 1796 Dum
1416 1773 1539 1809 prora
1556 1760 1616 1797 ad

882 1833 914 1858 s.
928 1819 1141 1870 suburguet
1152 1816 1328 1855 Interior
1338 1817 1485 1868 legerat
1498 1821 1610 1856 Pom-

882 1890 979 1928 pon.
1000 1877 1090 1914 Sab.
1109 1876 1148 1915 h.
1171 1890 1205 1914 e.
1224 1875 1417 1927 suburget
1433 1889 1494 1921 se,
1513 1875 1608 1912 sub-

882 1943 1074 1985 urgetur‚
1101 1932 1320 1984 impellitur
1341 1945 1350 1970 :
1375 1932 1486 1983 quod
1513 1932 1609 1970 doc-

885 1994 963 2028 tius
1001 1992 1153 2028 dictum
1193 1999 1264 2028 est.
1302 1993 1498 2041 Perurget
1532 2003 1607 2027 sec.

885 2048 1074 2087 Rottend.
1097 2057 1136 2086 et
1160 2062 1179 2085 a
1203 2061 1264 2098 pr.
1296 2061 1349 2084 m.
1370 2047 1452 2085 Erf.
1470 2050 1609 2084 ——In-

885 2106 1006 2143 terior
1021 2121 1058 2144 v.
1079 2107 1129 2143 ad
1147 2120 1187 2144 v.
1212 2106 1286 2152 187
1310 2106 1438 2156 spatio
1459 2105 1608 2157 iniquo,

886 2172 1068 2215 angusto.
1089 2164 1139 2201 cf.
1161 2166 1257 2202 Stat.
1275 2163 1402 2202 Theb.
1425 2167 1496 2208 VI,
1525 2171 1607 2210 440

884 2223 1107 2272 sq.—205.
1126 2223 1288 2266 Murex,
1311 2222 1469 2259 Servius
1487 2235 1496 2260 :
1515 2222 1612 2259 saxi

885 2294 1053 2317 acumen
1079 2279 1258 2318 eminens
1274 2293 1353 2330 per
1380 2280 1606 2331 tranquilli-

884 2346 1006 2375 tatem
1032 2337 1140 2388 (hoc
1171 2352 1223 2376 ex
1258 2352 1296 2376 v.
1336 2339 1610 2389 127).Ill1'sa

877 2397 1076 2447 pependit
1100 2410 1175 2448 pro
1197 2395 1353 2448 vulgari
1387 2397 1495 2434 illisa
1519 2405 1606 2442 est;

883 2455 951 2492 sed
985 2456 1146 2493 suavius
1161 2483 1171 2501 ‚
1205 2454 1314 2505 quod
1347 2455 1530 2493 sublimis
1568 2464 1607 2492 et

884 2526 1072 2564 suspensa
1109 2515 1288 2559 nutavit,
1314 2513 1475 2551 libravit
1509 2525 1604 2551 sese.

884 2570 934 2609 cf.
955 2571 1026 2609 inf.
1058 2575 1118 2618 X,
1143 2572 1222 2609 303
1239 2599 1249 2616 ,
1274 2572 1369 2617 304.
1390 2573 1536 2610 Sumsit
1554 2571 1605 2607 ab

883 2629 1055 2680 Virgilio
1074 2629 1160 2667 haec
1180 2629 1317 2666 eadem
1336 2630 1453 2667 Silius
1471 2632 1604 2670 XVII.

885 2688 935 2724 28
948 2700 962 2724 1
984 2701 1069 2738 sqq.
1087 2710 1145 2716 —
1160 2701 1256 2735 207.
1280 2689 1507 2732 Morantur,
1527 2687 1606 2724 hce-

882 2754 994 2791 rent3
1022 2747 1172 2797 quippe
1199 2745 1295 2783 dum
1326 2759 1466 2783 navem
1497 2753 1603 2782 retro

882 2814 1016 2857 agunt.
1028 2805 1193 2844 ——208.
1212 2804 1370 2851 Trudes,
1388 2811 1602 2842 contos.—
