1767 3054
229 176 248 198 ¹2
860 156 1101 194 AENEIDOS

226 245 303 272 tam
326 247 334 272 :
358 246 404 270 eo
432 240 470 270 et
491 239 662 268 matrum
689 238 727 267 et
748 242 888 267 senum
910 228 1015 266 bello
1039 228 1222 266 inutilem
1247 229 1444 267 coloniam
1469 233 1694 272 transcribit
1717 247 1728 273 τ

227 318 307 366 ipse
340 325 432 350 cum
461 311 662 349 exercitus
691 308 838 346 robore
865 307 1017 344 Italiam
1048 308 1148 358 petit
1168 330 1227 336 —-
1251 308 1347 356 778.
1378 310 1543 347 Interim
1573 313 1727 362 Neptu-

222 405 319 438 nus,
337 390 505 428 Veneris
527 387 714 440 precibus
735 393 942 430 exoratus,
973 385 1175 436 naviganti
1195 388 1326 424 AEneae
1350 399 1456 425 mare
1475 395 1608 425 tutum
1627 401 1726 439 prae-

220 479 294 507 stat
313 491 371 498 —-
407 469 504 512 834.
533 466 767 510 Palinuru5‚
808 463 851 498 in
878 470 984 499 tanta
1014 463 1225 502 securitate
1259 477 1400 502 somno
1433 466 1724 513 succumbens,

223 560 297 584 uua
329 559 421 583 cum
451 541 723 596 gubernaculo
754 541 797 577 in
832 551 937 576 mare
963 539 1189 586 exeuntum
1221 541 1384 591 ejusque
1413 543 1541 580 vicem
1569 542 1726 594 supplet

224 627 377 662 AEneas.

871 748 1075 757 .--—--—-

288 882 502 924 INTEREA
521 875 731 922 medium
754 877 923 922 AEneas
942 876 1042 938 jam
1068 875 1212 922 classe
1238 875 1427 923 tenebat

226 957 392 1001 Certus
417 953 530 1009 iter,
551 952 817 1012 fluctusque
839 962 965 997 atros
988 951 1207 1012 aquilone
1233 951 1445 1009 secabat,

222 1027 401 1074 Moenia
420 1025 697 1087 respiciens,
720 1041 825 1086 quae
840 1025 938 1087 jam
965 1025 1163 1071 infelicis
1188 1026 1347 1073 Elissae

220 1102 482 1148 Conlucent
505 1099 717 1145 flammis.
744 1102 862 1155 Quae
888 1109 1070 1145 tantum
1092 1099 1362 1147 adcenderit
1382 1101 1561 1163 ignem,

217 1182 392 1224 Caussa
413 1177 550 1233 latet3
574 1174 681 1221 duri
701 1189 871 1237 magno
897 1174 978 1221 sed
1003 1190 1163 1221 amore
1188 1175 1374 1222 dolores
1702 1189 1720 1219 5

283 1371 300 1393 1
318 1363 427 1401 —4.
462 1356 636 1393 Interea.
666 1367 704 1391 v.
734 1366 823 1405 sup.
852 1353 932 1400 IV,

223 1415 304 1460 584
321 1428 407 1465 sqq.
429 1414 589 1452 Servius
608 1424 616 1450 :
636 1411 742 1449 circa
757 1411 934 1462 primum

218 1482 347 1509 ortum
365 1471 463 1509 lucis
480 1470 834 1522 navigavit—ergo
853 1479 936 1507 cota

217 1530 296 1577 die,
315 1530 409 1567 dum
429 1543 469 1566 se
489 1529 596 1566 Dido
613 1528 825 1573 interemit,
841 1528 935 1565 dum

201 1636 204 1639 .
214 1590 356 1633 fletur,
388 1587 620 1638 paullulum
634 1585 837 1638 projectus
855 1596 933 1633 esc,

217 1645 363 1683 leniter
401 1644 639 1696 spirantibus
678 1644 816 1681 ventis
846 1658 860 1680 .·
899 1653 938 1681 et

217 1703 394 1740 flammas
418 1704 503 1753 rogi
531 1704 632 1739 circa
652 1715 858 1752 vesperam
879 1703 936 1738 vi-

217 1761 300 1806 dit,
338 1773 416 1811 quo
448 1769 623 1810 tempore
647 1769 686 1796 et
708 1773 788 1809 per·
821 1768 936 1796 natu-

216 1831 303 1855 ram
325 1818 456 1869 ignem
473 1818 615 1855 videre
630 1817 786 1868 potuit,
810 1827 849 1853 et
859 1831 938 1867 per

209 1875 428 1926 pristinum
452 1889 600 1911 morem
615 1903 625 1920 ,
644 1889 722 1925 quo
739 1888 814 1923 per·
827 1874 934 1912 diem

216 1932 416 1970 cadavera
470 1945 549 1969 non
607 1931 930 1969 incendebantur.

213 1991 353 2029 Noctis
383 1990 464 2026 fere
492 1998 648 2039 tempus
678 1989 816 2025 datum
834 2001 932 2039 rogo

213 2049 298 2100 igni
315 2046 588 2084 consumendo
603 2074 613 2092 ,
645 2054 684 2084 et
711 2045 834 2083 altero
854 2058 933 2082 ma·

215 2119 266 2143 ne
289 2106 390 2143 lecta
407 2118 505 2142 ossa.
532 2105 595 2142 Sic
618 2105 662 2140 in
683 2104 854 2140 Patrocli
873 2102 932 2140 fu-

216 2176 310 2201 nere
337 2162 449 2200 Iliad.
470 2159 521 2212 ψ,
547 2162 653 2206 226;
677 2163 771 2198 Stat.
804 2159 930 2198 Theb.

217 2223 298 2265 VI,
327 2221 409 2258 236
427 2229 466 2257 et
486 2220 534 2258 al.
554 2217 729 2257 Medium
750 2216 816 2268 (V.
840 2230 928 2268 sup,

218 2281 300 2324 111,
334 2276 443 2328 664)
471 2277 545 2314 iter
563 2277 636 2329 (ut
655 2289 841 2323 cursum,
867 2275 929 2315 fu-

215 2336 351 2388 gam),
383 2335 585 2387 vulgarius
602 2342 702 2372 esset
715 2364 725 2381 ,
750 2347 861 2371 mare
876 2337 932 2373 al-

216 2404 312 2432 tum.
337 2395 393 2431 At
418 2402 568 2439 certus,
598 2401 704 2429 recte
728 2394 836 2430 Serv.
863 2396 927 2431 iti-

217 2453 322 2487 neris
355 2452 418 2488 sui
453 2459 606 2498 certus,
641 2451 852 2500 persistens
885 2453 928 2488 in

215 2508 380 2545 consino
397 2507 681 2557 proficiscendi
696 2509 740 2544 in
760 2507 924 2546 Italiam.

214 2564 421 2614 Aquilone
454 2564 606 2601 dictum
647 2565 848 2611 absolute,
890 2574 927 2602 et

216 2621 345 2671 simpl.
374 2633 448 2671 pro
477 2630 621 2666 vent03
656 2629 702 2657 ut
733 2634 821 2670 sup.
852 2624 925 2669 IV,

220 2680 301 2715 310
323 2688 363 2715 ec
391 2678 530 2716 mediis
551 2691 745 2729 properas
774 2680 927 2729 aquilo-

218 2735 333 2773 nibus
349 2735 404 2772 ire
420 2749 500 2786 per
524 2736 671 2779 altum,
703 2744 742 2772 et
761 2749 817 2774 vs.
844 2738 924 2774 562

214 2795 298 2845 pari
338 2793 457 2832 modo
500 2792 703 2845 Zephyros
734 2795 928 2833 secundos

1003 1354 1169 1393 dixerat.
1211 1353 1447 1406 Carthagine
1487 1354 1531 1391 in
1562 1354 1716 1392 Italiam

1004 1414 1168 1451 tendens
1199 1423 1332 1450 austro
1363 1421 1447 1450 tum
1475 1413 1535 1449 uti
1565 1411 1716 1450 debuit.

1003 1494 1061 1501 -—
1075 1486 1112 1510 2.
1128 1474 1259 1509 Lectus
1282 1471 1358 1508 iter
1375 1470 1471 1508 alter
1481 1472 1596 1508 Voss.
1616 1472 1720 1508 Bur-

1003 1544 1196 1568 maunum
1216 1530 1369 1567 mireris
1385 1528 1487 1565 ferre
1508 1527 1616 1565 nolle
1629 1556 1639 1574 ‚
1662 1537 1716 1565 te-

1006 1589 1127 1626 nebat
1168 1587 1260 1633 iter,
1296 1595 1335 1624 et
1363 1587 1557 1637 jungere:
1583 1586 1718 1624 Certus

1004 1646 1090 1684 iter.
1104 1645 1170 1683 Ad
1188 1655 1315 1683 certus
1333 1643 1569 1682 eliciendum
1583 1652 1640 1681 est
1658 1643 1718 1680 ici-

1005 1704 1121 1742 neris.
1151 1726 1209 1732 —-
1238 1711 1276 1749 4.
1314 1701 1571 1740 Accenderat
1607 1700 1715 1739 Leid.

1006 1762 1227 1801 incenderit
1240 1761 1341 1800 alius
1356 1759 1463 1798 Leid.

1048 1822 1172 1868 5—7.
1191 1819 1273 1857 Sed
1285 1818 1377 1855 duri
1393 1817 1548 1854 dolores
1564 1830 1714 1869 magno

1003 1892 1140 1916 amore
1155 1878 1335 1928 polluto,
1374 1875 1484 1926 quod
1513 1876 1713 1926 cogitant,

1001 1949 1083 1984 quo
1113 1945 1320 1981 erumpere
1347 1935 1472 1980 possit
1500 1933 1565 1968 vel
1594 1932 1716 1970 soleat

1000 1991 1115 2029 dolor
1144 1990 1264 2026 animi
1285 1987 1543 2025 intolerabilis
1571 2001 1716 2041 magno

999 2062 1131 2086 amore
1148 2048 1242 2084 laeso
1255 2075 1265 2093 ‚
1279 2054 1508 2096 notumque,
1523 2053 1562 2082 et
1572 2073 1584 2090 ,
1605 2046 1715 2095 qnod

999 2120 1083 2144 non
1098 2109 1284 2157 ignorant
1296 2131 1307 2149 ‚
1319 2101 1468 2155 fierens
1486 2101 1587 2153 quid
1589 2101 1716 2152 jemi-

1000 2178 1054 2200 na
1067 2161 1218 2214 possit,
1241 2161 1326 2198 haec
1343 2159 1495 2198 ducunt
1510 2161 1706 2207 Teucros,
1766 2180 1767 2206 2

1002 2224 1239 2258 Teucrorum
1263 2227 1453 2269 peccora,
1482 2231 1561 2269 per
1589 2231 1713 2270 augu-

998 2279 1098 2316 rium
1119 2279 1240 2324 triste,
1263 2277 1303 2315 h.
1323 2290 1355 2314 e.
1375 2276 1487 2314 facile
1506 2274 1712 2313 adducunt

997 2351 1063 2376 eos
1087 2337 1134 2375 ad
1155 2333 1428 2388 augurandum
1448 2346 1491 2370 ac
1512 2334 1712 2383 suspican-

997 2395 1117 2441 dum,
1149 2394 1191 2431 id
1218 2391 1328 2443 quod
1355 2399 1438 2428 erat
1454 2418 1465 2436 ‚
1496 2389 1589 2427 mali
1612 2391 1709 2441 quid

995 2455 1182 2490 evenisse.
1204 2452 1358 2501 ,Magno
1380 2460 1516 2485 amore
1527 2448 1684 2498 polluto
1694 2464 1710 2494 ;

995 2510 1164 2560 exposui
1193 2520 1282 2545 cum
1311 2507 1474 2551 Servio,
1504 2505 1623 2550 Iaeso,
1653 2519 1707 2546 sc,

995 2568 1043 2603 ab
1072 2570 1217 2611 AEnea,
1251 2563 1394 2600 violata
1419 2561 1512 2601 fide.
1546 2565 1629 2600 Vix
1649 2571 1707 2601 ta-

994 2637 1085 2660 men
1099 2651 1109 2671 ,
1149 2622 1304 2672 inquis,
1344 2633 1392 2658 eo
1431 2619 1552 2658 modo
1574 2621 1709 2670 pollui

993 2694 1109 2717 amor
1131 2680 1293 2726 dicitur3
1325 2680 1459 2729 potius
1488 2677 1593 2716 Dido
1617 2679 1706 2728 pol-

994 2739 1100 2776 luere
1120 2738 1260 2775 debuit
1281 2749 1482 2782 amorem,
1510 2744 1704 2787 quatenus

995 2810 1041 2834 eo
1062 2796 1230 2834 adducta
1253 2803 1358 2844 erat,
1377 2803 1422 2832 ut
1444 2802 1610 2834 mortem
1627 2793 1703 2836 sibi
