1767 3054
178 115 253 153 180

802 115 1045 154 AENEIDOS

173 186 427 248 Responsis
447 185 645 232 horrent
669 186 854 244 divum,
881 199 927 233 et
950 186 1141 233 Maeotia
1165 187 1321 244 tellus,

1608 201 1670 230 800

171 263 228 306 Et
254 262 609 323 septemgemini
631 261 824 307 turbant
846 262 1029 324 trepida
1052 263 1171 309 ostia
1190 263 1300 309 Nili.

170 337 269 379 Nec
293 351 408 380 vero
429 335 618 382 Alcides
642 348 823 381 tantum
854 336 1032 382 telluris
1055 336 1226 395 obivit3

171 408 350 455 Fixerit
375 411 629 472 aeripedem
658 427 844 456 cervam
870 411 1000 469 licet,
1024 422 1104 457 aut
1124 413 1399 474 Erymanthi

169 484 351 529 Pacarit
372 502 588 542 nemora,
612 496 657 530 et
678 489 877 530 Lernam
902 487 1216 532 tremefecerit
1237 503 1372 546 arcu3

168 561 290 614 Nec,
317 560 398 619 qui
420 554 680 622 pampineis
705 560 859 604 victor
873 560 987 622 juga
1008 561 1154 607 flectit
1172 561 1370 623 habenis
1384 597 1396 619 ,

1604 575 1664 604 805

169 630 336 688 Liber,
362 647 503 694 agens
524 634 648 680 celso
672 637 812 694 Nysae
839 633 896 679 de
920 634 1100 680 vertice
1122 634 1267 696 tigris.

168 853 283 889 triani
301 852 376 890 sub
394 852 546 890 Parthis
566 854 748 905 degentes
761 882 771 900 ‚
791 857 885 904 Scy-

167 909 243 946 thae
276 909 323 946 ad
356 909 544 946 Paludem
579 912 814 949 Moeotidem
845 920 884 947 et

167 967 343 1017 AEgyptii
357 995 367 1011 ,
422 967 603 1013 turbant,
661 969 880 1019 trepidant3

168 1036 257 1059 uam
287 1033 324 1060 et
352 1026 428 1074 ipsi
451 1025 586 1062 turbas
611 1026 784 1073 faciunt,
814 1027 884 1075 qui

165 1081 462 1129 perturbantur,
478 1091 523 1119 ut
540 1097 642 1132 saepe
660 1083 765 1120 alibi.
781 1086 882 1120 Fun-

167 1137 263 1174 dum
300 1139 358 1174 rei
387 1138 541 1175 ridebis
576 1141 681 1189 apud
716 1143 877 1178 Sueton.

165 1197 303 1232 Octav.
324 1202 378 1244 94
393 1224 403 1241 ,
422 1197 494 1233 ubi
511 1210 562 1233 ex
579 1197 690 1234 Julio
717 1211 880 1247 quoque

163 1252 346 1290 Maratho
370 1253 498 1290 fabula
521 1255 683 1291 affertur
711 1255 758 1291 de
788 1269 880 1305 pro-

165 1309 272 1360 digio
291 1320 379 1348 ante
404 1325 563 1361 paucos,
589 1325 705 1361 quam
726 1314 882 1363 Augus·

164 1375 224 1403 tus
266 1378 516 1415 nasceretur,
551 1383 702 1406 menses
742 1373 880 1407 Romae

163 1424 267 1461 facto
282 1453 292 1470 ‚
323 1439 400 1476 quo
439 1426 774 1470 denuntiabatur,
819 1441 878 1463 re-

159 1494 252 1530 gem
282 1482 428 1532 populi
463 1483 637 1520 Romani
675 1485 878 1520 λάῐιινηιη

157 1538 371 1586 parturire.
396 1540 551 1577 Scilicet
574 1541 800 1577 stultissima
818 1554 879 1577 su-

159 1597 391 1643 perstitione
420 1597 624 1634 laborabat
655 1599 875 1648 Augustus,

159 1665 196 1688 v,
216 1655 363 1690 Sueton
385 1667 418 1692 c.
435 1667 503 1704 92.
524 1654 604 1691 L‘bi
623 1663 753 1691 autem
769 1664 873 1702 sunt,

160 1710 230 1757 qui
256 1710 323 1746 tali
353 1712 631 1761 superstitione
652 1711 872 1759 ducantur,

159 1766 217 1802 ibi
236 1779 308 1803 nec
327 1767 472 1804 desunt
484 1797 494 1814 ‚
527 1770 595 1818 qui
625 1769 800 1805 fraudem
818 1771 873 1806 le-

158 1824 271 1860 vitati
289 1824 446 1872 faciant,
467 1834 504 1862 et
522 1826 642 1863 modo
663 1827 780 1863 rebus
800 1840 873 1864 suo

155 1881 234 1926 jam
276 1891 423 1918 eventu
463 1884 678 1920 manifestis
701 1912 710 1929 ‚
752 1884 873 1921 modo

158 1939 296 1974 animis
322 1940 365 1976 in
383 1942 535 1977 incerto
561 1940 871 1988 fluctuantibus,

155 1995 431 2044 praedictiones
455 1999 607 2049 egregie
635 2000 814 2035 inventas
831 2001 874 2036 in
891 2011 896 2017 ·

156 2051 332 2089 medium
363 2055 579 2104 proferant.
615 2056 734 2105 Quod
767 2070 872 2093 nun-

157 2122 276 2158 quam
304 2111 551 2161 frequentius
577 2126 695 2162 quam
716 2126 736 2149 a
759 2113 873 2150 bellis

154 2166 248 2204 inde
270 2169 455 2206 civilibus
478 2170 637 2208 factum.
660 2184 698 2208 v,
722 2184 869 2223 argum.

157 2225 239 2262 Ecl.
265 2227 335 2263 IV.

217 2282 298 2319 802
313 2305 369 2311 ——
383 2283 478 2321 806.
503 2284 680 2322 Tandem
709 2284 873 2334 expedi0

157 2339 283 2376 tiones
300 2348 338 2377 et
355 2342 495 2377 itinera
511 2344 684 2393 Augusti
702 2355 870 2379 comme-

156 2406 296 2434 morat.
310 2398 391 2435 vid.
411 2411 498 2448 sup.
513 2398 563 2434 ad
582 2414 617 2436 v.
635 2412 714 2449 792
730 2427 740 2445 ‚
763 2412 869 2436 com-

156 2455 358 2499 paratione
376 2455 477 2490 facta
495 2469 587 2492 cum
605 2470 715 2508 ‘vago
734 2456 749 2507 (
762 2456 866 2506 apud

156 2510 255 2546 Hor.
267 2511 325 2546 ΙΙΙ
338 2510 414 2548 od.
428 2512 448 2547 3
462 2540 472 2557 ,
487 2525 526 2560 9,
539 2521 578 2549 et
595 2527 610 2549 1
621 2521 643 2557 4
657 2542 667 2559 ,
680 2513 759 2563 pr.)
774 2516 868 2550 Her-

154 2565 244 2602 cule
285 2574 323 2602 et
358 2567 525 2605 Baccho.
563 2571 610 2606 In
652 2571 866 2607 Herculem

154 2622 289 2672 paullo
309 2623 488 2673 iniquior
505 2638 584 2661 esse
602 2626 758 2663 videtur
775 2637 865 2676 poe-

154 2688 214 2725 ta,
247 2678 356 2731 quod
379 2693 429 2716 ex
448 2681 532 2728 ejus
554 2684 754 2720 erroribus
778 2692 862 2720 tan-

154 2745 240 2774 tum
269 2736 406 2775 laudat
435 2751 523 2785 eOS,
555 2741 624 2789 qui
649 2753 720 2790 per
742 2742 863 2778 Arca-

952 854 1056 890 diam
1088 853 1182 891 facti
1207 862 1324 899 sunt3
1354 855 1528 905 Augusti
1558 869 1663 894 com·

949 912 1076 962 parati
1109 911 1340 962 magnitudo
1374 925 1422 949 eo
1452 913 1539 962 ipso
1569 922 1665 951 atte-

950 978 1071 1004 nuata
1106 982 1186 1005 esse
1224 969 1395 1006 videtur.
1434 971 1523 1007 Hoc
1559 971 1664 1008 idem

949 1025 1066 1062 video
1089 1025 1353 1063 Schraderum
1373 1026 1600 1066 observasse
1615 1028 1664 1065 ad

948 1084 1148 1119 Musaeum
1174 1096 1214 1132 p.
1241 1084 1336 1121 315.
1362 1084 1559 1132 Cerynitis
1579 1099 1662 1136 cer-

949 1152 995 1175 va
1012 1141 1128 1176 etiam
1148 1141 1297 1177 Graecis
1312 1138 1537 1190 χαλκόπους
1550 1170 1560 1188 ,
1585 1156 1662 1193 qua

946 1209 1044 1233 voce
1077 1197 1226 1247 pedum
1254 1197 1381 1234 robur
1409 1206 1448 1235 et
1476 1199 1663 1238 velocita-

946 1262 1024 1290 tem
1047 1256 1167 1304 prisci
1184 1255 1366 1292 homines
1387 1255 1660 1296 declarabant:

945 1311 1013 1348 sed
1029 1313 1170 1349 melius
1192 1321 1320 1362 poetae
1343 1314 1400 1350 rei
1422 1314 1661 1351 miraculum
1681 1318 1694 1324 “

946 1370 1210 1407 retinuerunt.
1244 1369 1310 1407 Ad
1347 1370 1558 1408 Arcadiam
1593 1372 1658 1409 illa

945 1435 1119 1475 spectat,
1152 1428 1211 1464 uti
1243 1429 1358 1464 etiam
1376 1428 1660 1478 Erymanthius

946 1495 1039 1532 aper
1068 1492 1106 1520 et
1139 1483 1278 1534 Hydra
1308 1487 1469 1522 Lernea.
1501 1485 1658 1523 Fixerit

943 1539 1053 1576 haud
1080 1540 1200 1577 dubie
1230 1541 1278 1578 ad
1306 1541 1429 1578 telum
1459 1544 1655 1592 pertinet3

944 1600 1052 1647 atqui
1071 1598 1208 1634 debuit
1228 1611 1342 1635 cerva
1362 1600 1451 1635 viva
1469 1607 1582 1650 capta
1597 1614 1657 1637 es-

942 1668 995 1692 se.
1017 1669 1055 1693 v.
1074 1655 1309 1705 Apollodor.
1329 1658 1368 1693 11
1382 1684 1392 1702 ,
1428 1656 1451 1693 5
1465 1685 1476 1702 ‚
1512 1659 1559 1703 33
1589 1667 1656 1694 aut

939 1712 1062 1761 igitur
1085 1713 1206 1749 alium
1222 1722 1423 1751 auctorem
1439 1722 1630 1763 sequutus
1642 1743 1652 1761 ,

941 1777 1008 1805 aut
1023 1769 1213 1820 loquutus
1229 1780 1286 1808 est
1297 1783 1438 1821 parum
1453 1780 1627 1809 accurate
1642 1785 1652 1810 :

965 1840 1061 1876 gere
1093 1840 1167 1876 pro
1196 1841 1347 1878 capere.
1366 1849 1424 1855 —
1450 1828 1546 1872 804.
1573 1832 1654 1866 Pa⁴

941 1883 1063 1928 caric,
1106 1885 1216 1933 quod
1243 1899 1303 1922 res
1332 1884 1536 1937 exigebat,
1566 1887 1651 1924 eli-

940 1940 1021 1976 bris
1045 1942 1144 1978 Pier.
1167 1951 1205 1979 et
1221 1944 1302 1979 suis
1316 1944 1494 1993 reposuit
1512 1942 1649 1982 Heius.

941 2011 1059 2047 quem
1085 1998 1187 2037 vide.
1212 2000 1345 2052 Vulgo
1360 1999 1552 2051 placarit.
1574 2000 1648 2039 Ed.

940 2057 1043 2093 ven.
1072 2057 1272 2106 placaret.
1313 2061 1429 2096 Rom.
1464 2066 1649 2107 pacaret.

939 2114 1040 2150 Mox
1067 2113 1343 2165 tremefecerat
1369 2116 1520 2166 aliquot
1545 2116 1647 2153 Pier.

939 2182 1031 2206 cum
1069 2174 1186 2209 Rom.
1217 2193 1276 2200 ——
1311 2172 1417 2219 805,
1457 2172 1554 2210 806.
1586 2173 1648 2209 De

937 2227 1080 2264 Bacchi
1102 2242 1153 2265 ex
1172 2228 1286 2265 India
1304 2228 1516 2280 triumpho
1541 2228 1641 2277 agit,

936 2285 979 2320 in
1000 2298 1043 2322 ea
1061 2287 1168 2336 Nysa
1182 2286 1280 2323 urbs
1301 2299 1394 2324 cum
1407 2292 1541 2323 monte
1559 2286 1645 2322 Me-

936 2354 981 2378 ro
995 2370 1005 2388 ,
1028 2344 1096 2392 qui
1116 2351 1155 2380 et
1179 2344 1262 2393 ipse
1289 2345 1398 2393 Nysa
1413 2341 1553 2378 dictus.
1577 2342 1643 2378 In-

934 2398 1058 2436 finitae
1079 2400 1126 2437 de
1145 2400 1208 2437 his
1228 2399 1392 2444 fabulae,
1426 2397 1598 2435 collectae
1621 2411 1641 2435 a

932 2457 1080 2494 Nonne
1104 2459 1146 2494 in
1175 2458 1342 2506 Dionys.
1376 2457 1520 2492 Praeter
1545 2457 1641 2493 Dio-

934 2512 1020 2551 dor.
1038 2516 1079 2550 II
1091 2540 1102 2559 ‚
1121 2513 1173 2550 38
1188 2540 1199 2558 ‚
1223 2512 1274 2549 cf.
1293 2511 1419 2549 strab.
1436 2513 1529 2557 XV,
1548 2525 1638 2563 pag.

934 2569 1031 2617 687.
1067 2569 1146 2618 Qui
1158 2567 1296 2621 flectit
1318 2567 1447 2619 juga,
1486 2568 1639 2620 bijuges

931 2627 1072 2676 tigreS,
1103 2638 1154 2662 ex
1172 2626 1277 2663 vers.
1302 2637 1382 2675 seq.
1407 2625 1638 2676 Pampineis

930 2680 1112 2726 habenis,
1135 2683 1324 2733 pampino
1340 2683 1638 2721 circumvolutis

930 2748 970 2776 et
986 2737 1182 2788 implexis.
