<?xml version="1.0" encoding="UTF-8"?>
<!DOCTYPE html PUBLIC "-//W3C//DTD XHTML 1.0 Transitional//EN"
    "http://www.w3.org/TR/xhtml1/DTD/xhtml1-transitional.dtd">
<html xmlns="http://www.w3.org/1999/xhtml" xml:lang="en" lang="en">
 <head>
  <title>
</title>
<meta http-equiv="Content-Type" content="text/html;charset=utf-8" />
  <meta name='ocr-system' content='tesseract 3.04.00' />
  <meta name='ocr-capabilities' content='ocr_page ocr_carea ocr_par ocr_line ocrx_word'/>
</head>
<body>
  <div class='ocr_page' id='page_1' title='image "./operahey03virguoft_0226.png"; bbox 0 0 1767 3054; ppageno 0'>
   <div class='ocr_carea' id='block_1_1' title="bbox 197 115 278 152">
    <p class='ocr_par' dir='ltr' id='par_1_1' title="bbox 197 115 278 152">
     <span class='ocr_line' id='line_1_1' title="bbox 197 115 278 152; baseline -0.012 0"><span class='ocrx_word' id='word_1_1' title='bbox 197 115 278 152; x_wconf 76' lang='lat'>216</span> 
     </span>
    </p>
   </div>
   <div class='ocr_carea' id='block_1_2' title="bbox 814 115 1059 154">
    <p class='ocr_par' dir='ltr' id='par_1_2' title="bbox 814 115 1059 154">
     <span class='ocr_line' id='line_1_2' title="bbox 814 115 1059 154; baseline 0 -2"><span class='ocrx_word' id='word_1_2' title='bbox 814 115 1059 154; x_wconf 72' lang='lat' dir='ltr'><strong>AENEIDOS</strong></span> 
     </span>
    </p>
   </div>
   <div class='ocr_carea' id='block_1_3' title="bbox 189 187 1688 771">
    <p class='ocr_par' dir='ltr' id='par_1_3' title="bbox 194 187 1475 250">
     <span class='ocr_line' id='line_1_3' title="bbox 194 187 1475 250; baseline 0.003 -18"><span class='ocrx_word' id='word_1_3' title='bbox 194 187 503 249; x_wconf 83' lang='lat' dir='ltr'>Spiculaque,</span> <span class='ocrx_word' id='word_1_4' title='bbox 533 187 804 250; x_wconf 80' lang='lat' dir='ltr'><strong>clypeique,</strong></span> <span class='ocrx_word' id='word_1_5' title='bbox 831 200 1090 250; x_wconf 87' lang='lat' dir='ltr'>ereptaque</span> <span class='ocrx_word' id='word_1_6' title='bbox 1117 199 1270 235; x_wconf 84' lang='lat' dir='ltr'>rostra</span> <span class='ocrx_word' id='word_1_7' title='bbox 1290 188 1475 236; x_wconf 87' lang='lat' dir='ltr'>carinis.</span> 
     </span>
    </p>

    <p class='ocr_par' dir='ltr' id='par_1_4' title="bbox 192 262 1201 325">
     <span class='ocr_line' id='line_1_4' title="bbox 192 262 1201 325; baseline 0.003 -18"><span class='ocrx_word' id='word_1_8' title='bbox 192 265 298 324; x_wconf 84' lang='lat' dir='ltr'>Ipse</span> <span class='ocrx_word' id='word_1_9' title='bbox 324 262 557 320; x_wconf 82' lang='lat' dir='ltr'>Quirinali</span> <span class='ocrx_word' id='word_1_10' title='bbox 577 263 718 320; x_wconf 88' lang='lat' dir='ltr'>lituo,</span> <span class='ocrx_word' id='word_1_11' title='bbox 743 279 985 325; x_wconf 77' lang='lat' dir='ltr'>parvaque</span> <span class='ocrx_word' id='word_1_12' title='bbox 1006 263 1201 310; x_wconf 85' lang='lat' dir='ltr'>sedebat</span> 
     </span>
    </p>

    <p class='ocr_par' dir='ltr' id='par_1_5' title="bbox 192 337 1300 402">
     <span class='ocr_line' id='line_1_5' title="bbox 192 337 1300 402; baseline 0.004 -20"><span class='ocrx_word' id='word_1_13' title='bbox 192 337 467 384; x_wconf 80' lang='lat' dir='ltr'>Succinctus</span> <span class='ocrx_word' id='word_1_14' title='bbox 492 337 677 396; x_wconf 86' lang='lat' dir='ltr'>trabea,</span> <span class='ocrx_word' id='word_1_15' title='bbox 703 339 914 400; x_wconf 62' lang='lat' dir='ltr'>laevaque</span> <span class='ocrx_word' id='word_1_16' title='bbox 936 338 1084 384; x_wconf 83' lang='lat' dir='ltr'>ancile</span> <span class='ocrx_word' id='word_1_17' title='bbox 1105 339 1300 402; x_wconf 83' lang='lat' dir='ltr'>gerebat</span> 
     </span>
    </p>

    <p class='ocr_par' dir='ltr' id='par_1_6' title="bbox 190 413 1688 626">
     <span class='ocr_line' id='line_1_6' title="bbox 190 413 1589 478; baseline 0.001 -19"><span class='ocrx_word' id='word_1_18' title='bbox 190 413 350 470; x_wconf 88' lang='lat' dir='ltr'>Picus,</span> <span class='ocrx_word' id='word_1_19' title='bbox 375 429 549 475; x_wconf 87' lang='lat' dir='ltr'>equum</span> <span class='ocrx_word' id='word_1_20' title='bbox 571 413 800 470; x_wconf 83' lang='lat' dir='ltr'>domitor,</span> <span class='ocrx_word' id='word_1_21' title='bbox 822 429 964 474; x_wconf 86' lang='lat' dir='ltr'>quem</span> <span class='ocrx_word' id='word_1_22' title='bbox 986 424 1124 476; x_wconf 83' lang='lat' dir='ltr'>capta</span> <span class='ocrx_word' id='word_1_23' title='bbox 1144 414 1367 477; x_wconf 88' lang='lat' dir='ltr'>cupidine</span> <span class='ocrx_word' id='word_1_24' title='bbox 1390 415 1561 478; x_wconf 85' lang='lat' dir='ltr'>conjux</span> <span class='ocrx_word' id='word_1_25' title='bbox 1577 450 1589 471; x_wconf 89' lang='lat'><em>‚</em></span> 
     </span>
     <span class='ocr_line' id='line_1_7' title="bbox 190 487 1688 550; baseline 0.002 -18"><span class='ocrx_word' id='word_1_26' title='bbox 190 491 350 532; x_wconf 86' lang='lat' dir='ltr'>Aurea</span> <span class='ocrx_word' id='word_1_27' title='bbox 375 504 650 549; x_wconf 81' lang='lat' dir='ltr'>percussum</span> <span class='ocrx_word' id='word_1_28' title='bbox 674 487 830 549; x_wconf 63' lang='lat' dir='ltr'>virga,</span> <span class='ocrx_word' id='word_1_29' title='bbox 853 503 1139 550; x_wconf 77' lang='lat' dir='ltr'>versumque</span> <span class='ocrx_word' id='word_1_30' title='bbox 1162 489 1380 547; x_wconf 82' lang='lat' dir='ltr'>venenis,</span> <span class='ocrx_word' id='word_1_31' title='bbox 1631 511 1688 540; x_wconf 76' lang='lat'>190</span> 
     </span>
     <span class='ocr_line' id='line_1_8' title="bbox 190 563 1343 626; baseline 0.002 -18"><span class='ocrx_word' id='word_1_32' title='bbox 190 564 318 609; x_wconf 85' lang='lat' dir='ltr'>Fecit</span> <span class='ocrx_word' id='word_1_33' title='bbox 345 579 479 608; x_wconf 73' lang='lat' dir='ltr'>avem</span> <span class='ocrx_word' id='word_1_34' title='bbox 498 563 655 621; x_wconf 83' lang='lat' dir='ltr'>Circe,</span> <span class='ocrx_word' id='word_1_35' title='bbox 681 563 946 626; x_wconf 79' lang='lat' dir='ltr'>sparsitque</span> <span class='ocrx_word' id='word_1_36' title='bbox 967 564 1209 612; x_wconf 84' lang='lat' dir='ltr'>coloribus</span> <span class='ocrx_word' id='word_1_37' title='bbox 1235 565 1343 621; x_wconf 85' lang='lat' dir='ltr'>alas.</span> 
     </span>
    </p>

    <p class='ocr_par' dir='ltr' id='par_1_7' title="bbox 189 637 1339 702">
     <span class='ocr_line' id='line_1_9' title="bbox 189 637 1339 702; baseline 0.002 -20"><span class='ocrx_word' id='word_1_38' title='bbox 189 637 291 682; x_wconf 86' lang='lat' dir='ltr'>Tali</span> <span class='ocrx_word' id='word_1_39' title='bbox 311 638 435 682; x_wconf 80' lang='lat' dir='ltr'>intus</span> <span class='ocrx_word' id='word_1_40' title='bbox 461 638 637 699; x_wconf 87' lang='lat' dir='ltr'>templo</span> <span class='ocrx_word' id='word_1_41' title='bbox 658 638 845 695; x_wconf 77' lang='lat' dir='ltr'>divum,</span> <span class='ocrx_word' id='word_1_42' title='bbox 868 639 1119 702; x_wconf 86' lang='lat' dir='ltr'>patriaque</span> <span class='ocrx_word' id='word_1_43' title='bbox 1141 639 1339 687; x_wconf 77' lang='lat' dir='ltr'>Latinus</span> 
     </span>
    </p>

    <p class='ocr_par' dir='ltr' id='par_1_8' title="bbox 190 702 1425 771">
     <span class='ocr_line' id='line_1_10' title="bbox 190 702 1425 771; baseline 0.002 -13"><span class='ocrx_word' id='word_1_44' title='bbox 190 711 311 758; x_wconf 84' lang='lat' dir='ltr'>Sede</span> <span class='ocrx_word' id='word_1_45' title='bbox 332 713 519 771; x_wconf 83' lang='lat' dir='ltr'>sedens,</span> <span class='ocrx_word' id='word_1_46' title='bbox 539 717 747 760; x_wconf 87' lang='lat' dir='ltr'>Teucros</span> <span class='ocrx_word' id='word_1_47' title='bbox 768 713 827 761; x_wconf 86' lang='lat' dir='ltr'>ad</span> <span class='ocrx_word' id='word_1_48' title='bbox 851 731 951 762; x_wconf 87' lang='lat' dir='ltr'>sese</span> <span class='ocrx_word' id='word_1_49' title='bbox 971 716 1020 761; x_wconf 87' lang='lat' dir='ltr'>in</span> <span class='ocrx_word' id='word_1_50' title='bbox 1042 726 1167 763; x_wconf 87' lang='lat' dir='ltr'>tecta</span> <span class='ocrx_word' id='word_1_51' title='bbox 1190 702 1425 771; x_wconf 33' lang='lat' dir='ltr'>vocavit}</span> 
     </span>
    </p>
   </div>
   <div class='ocr_carea' id='block_1_4' title="bbox 187 918 915 2759">
    <p class='ocr_par' dir='ltr' id='par_1_9' title="bbox 187 918 913 2010">
     <span class='ocr_line' id='line_1_11' title="bbox 190 918 903 971; baseline -0.004 -13"><span class='ocrx_word' id='word_1_52' title='bbox 190 923 264 958; x_wconf 84' lang='lat' dir='ltr'>mis</span> <span class='ocrx_word' id='word_1_53' title='bbox 312 919 577 971; x_wconf 63' lang='lat' dir='ltr'>antefixormn</span> <span class='ocrx_word' id='word_1_54' title='bbox 625 918 903 955; x_wconf 84' lang='lat' dir='ltr'>habendorum</span> 
     </span>
     <span class='ocr_line' id='line_1_12' title="bbox 190 976 905 1027; baseline -0.003 -13"><span class='ocrx_word' id='word_1_55' title='bbox 190 992 275 1016; x_wconf 86' lang='lat' dir='ltr'>mos</span> <span class='ocrx_word' id='word_1_56' title='bbox 313 976 416 1027; x_wconf 87' lang='lat' dir='ltr'>apud</span> <span class='ocrx_word' id='word_1_57' title='bbox 450 979 674 1022; x_wconf 65' lang='lat' dir='ltr'>Romnum,</span> <span class='ocrx_word' id='word_1_58' title='bbox 714 989 838 1025; x_wconf 88' lang='lat' dir='ltr'>quum</span> <span class='ocrx_word' id='word_1_59' title='bbox 860 978 905 1012; x_wconf 89' lang='lat' dir='ltr'>in</span> 
     </span>
     <span class='ocr_line' id='line_1_13' title="bbox 188 1032 900 1086; baseline -0.006 -13"><span class='ocrx_word' id='word_1_60' title='bbox 188 1036 350 1086; x_wconf 82' lang='lat' dir='ltr'>fastigiis</span> <span class='ocrx_word' id='word_1_61' title='bbox 373 1047 456 1071; x_wconf 88' lang='lat' dir='ltr'>non</span> <span class='ocrx_word' id='word_1_62' title='bbox 487 1032 607 1070; x_wconf 88' lang='lat' dir='ltr'>modo</span> <span class='ocrx_word' id='word_1_63' title='bbox 638 1033 900 1083; x_wconf 84' lang='lat' dir='ltr'>templorum,</span> 
     </span>
     <span class='ocr_line' id='line_1_14' title="bbox 187 1090 903 1142; baseline -0.007 -11"><span class='ocrx_word' id='word_1_64' title='bbox 187 1093 257 1131; x_wconf 86' lang='lat' dir='ltr'>sed</span> <span class='ocrx_word' id='word_1_65' title='bbox 290 1101 329 1130; x_wconf 91' lang='lat' dir='ltr'>et</span> <span class='ocrx_word' id='word_1_66' title='bbox 358 1093 601 1142; x_wconf 81' lang='lat' dir='ltr'>privatarum</span> <span class='ocrx_word' id='word_1_67' title='bbox 640 1090 807 1138; x_wconf 82' lang='lat' dir='ltr'>aedjum,</span> <span class='ocrx_word' id='word_1_68' title='bbox 851 1090 903 1127; x_wconf 88' lang='lat' dir='ltr'>af-</span> 
     </span>
     <span class='ocr_line' id='line_1_15' title="bbox 188 1147 906 1200; baseline -0.003 -12"><span class='ocrx_word' id='word_1_69' title='bbox 188 1150 272 1189; x_wconf 82' lang='lat' dir='ltr'>fixa</span> <span class='ocrx_word' id='word_1_70' title='bbox 304 1158 433 1187; x_wconf 87' lang='lat' dir='ltr'>essent</span> <span class='ocrx_word' id='word_1_71' title='bbox 452 1147 587 1186; x_wconf 86' lang='lat' dir='ltr'>fictilia</span> <span class='ocrx_word' id='word_1_72' title='bbox 613 1150 721 1200; x_wconf 74' lang='lat' dir='ltr'>signa</span> <span class='ocrx_word' id='word_1_73' title='bbox 745 1148 906 1198; x_wconf 88' lang='lat' dir='ltr'>quadri·</span> 
     </span>
     <span class='ocr_line' id='line_1_16' title="bbox 188 1208 905 1261; baseline -0.003 -15"><span class='ocrx_word' id='word_1_74' title='bbox 188 1222 351 1261; x_wconf 83' lang='lat' dir='ltr'>garum,</span> <span class='ocrx_word' id='word_1_75' title='bbox 398 1208 641 1258; x_wconf 88' lang='lat' dir='ltr'>spoliorum,</span> <span class='ocrx_word' id='word_1_76' title='bbox 690 1219 905 1244; x_wconf 84' lang='lat' dir='ltr'>armorum.</span> 
     </span>
     <span class='ocr_line' id='line_1_17' title="bbox 189 1264 904 1311; baseline -0.006 -4"><span class='ocrx_word' id='word_1_77' title='bbox 189 1269 254 1307; x_wconf 88' lang='lat' dir='ltr'>Sic</span> <span class='ocrx_word' id='word_1_78' title='bbox 272 1268 356 1304; x_wconf 86' lang='lat' dir='ltr'>Liv.</span> <span class='ocrx_word' id='word_1_79' title='bbox 377 1267 583 1311; x_wconf 82' lang='lat' dir='ltr'>XXXIV,</span> <span class='ocrx_word' id='word_1_80' title='bbox 614 1272 637 1308; x_wconf 77' lang='grc'>4</span> <span class='ocrx_word' id='word_1_81' title='bbox 669 1273 707 1301; x_wconf 93' lang='lat' dir='ltr'>et</span> <span class='ocrx_word' id='word_1_82' title='bbox 732 1264 781 1303; x_wconf 88' lang='lat' dir='ltr'>al.</span> <span class='ocrx_word' id='word_1_83' title='bbox 804 1264 904 1303; x_wconf 82' lang='lat' dir='ltr'>Plin.</span> 
     </span>
     <span class='ocr_line' id='line_1_18' title="bbox 190 1322 908 1374; baseline -0.007 -10"><span class='ocrx_word' id='word_1_84' title='bbox 190 1327 364 1370; x_wconf 83' lang='lat' dir='ltr'><strong>XXXV,</strong></span> <span class='ocrx_word' id='word_1_85' title='bbox 389 1324 456 1367; x_wconf 81' lang='lat'>46.</span> <span class='ocrx_word' id='word_1_86' title='bbox 476 1324 582 1361; x_wconf 91' lang='lat' dir='ltr'>conf.</span> <span class='ocrx_word' id='word_1_87' title='bbox 607 1322 734 1374; x_wconf 66' lang='lat' dir='ltr'>Rych.</span> <span class='ocrx_word' id='word_1_88' title='bbox 759 1322 807 1359; x_wconf 86' lang='lat' dir='ltr'>de</span> <span class='ocrx_word' id='word_1_89' title='bbox 840 1323 908 1361; x_wconf 87' lang='lat' dir='ltr'>Ca-</span> 
     </span>
     <span class='ocr_line' id='line_1_19' title="bbox 190 1381 907 1433; baseline -0.006 -13"><span class='ocrx_word' id='word_1_90' title='bbox 190 1382 305 1433; x_wconf 86' lang='lat' dir='ltr'>pitol.</span> <span class='ocrx_word' id='word_1_91' title='bbox 344 1382 408 1419; x_wconf 88' lang='lat'>15.</span> <span class='ocrx_word' id='word_1_92' title='bbox 441 1384 528 1420; x_wconf 91' lang='lat' dir='ltr'>Hoc</span> <span class='ocrx_word' id='word_1_93' title='bbox 567 1381 657 1418; x_wconf 92' lang='lat' dir='ltr'>loco</span> <span class='ocrx_word' id='word_1_94' title='bbox 692 1382 810 1418; x_wconf 86' lang='lat' dir='ltr'>etiam</span> <span class='ocrx_word' id='word_1_95' title='bbox 844 1394 907 1416; x_wconf 83' lang='lat' dir='ltr'>ur-</span> 
     </span>
     <span class='ocr_line' id='line_1_20' title="bbox 190 1440 910 1490; baseline -0.003 -14"><span class='ocrx_word' id='word_1_96' title='bbox 190 1440 296 1477; x_wconf 66' lang='lat' dir='ltr'>bium</span> <span class='ocrx_word' id='word_1_97' title='bbox 327 1450 533 1490; x_wconf 80' lang='lat' dir='ltr'>captarum</span> <span class='ocrx_word' id='word_1_98' title='bbox 558 1448 685 1489; x_wconf 78' lang='lat' dir='ltr'>portae</span> <span class='ocrx_word' id='word_1_99' title='bbox 712 1451 910 1489; x_wconf 77' lang='lat' dir='ltr'>expugna-</span> 
     </span>
     <span class='ocr_line' id='line_1_21' title="bbox 190 1496 906 1535; baseline -0.003 0"><span class='ocrx_word' id='word_1_100' title='bbox 190 1507 242 1535; x_wconf 73' lang='lat' dir='ltr'>tae</span> <span class='ocrx_word' id='word_1_101' title='bbox 279 1499 383 1535; x_wconf 88' lang='lat' dir='ltr'>inter</span> <span class='ocrx_word' id='word_1_102' title='bbox 418 1496 589 1535; x_wconf 77' lang='lat' dir='ltr'>antefixa</span> <span class='ocrx_word' id='word_1_103' title='bbox 624 1505 906 1533; x_wconf 84' lang='lat' dir='ltr'>memorantur.</span> 
     </span>
     <span class='ocr_line' id='line_1_22' title="bbox 192 1553 906 1605; baseline -0.007 -11"><span class='ocrx_word' id='word_1_104' title='bbox 192 1559 240 1594; x_wconf 90' lang='lat' dir='ltr'>In</span> <span class='ocrx_word' id='word_1_105' title='bbox 264 1569 312 1593; x_wconf 88' lang='lat' dir='ltr'>eo</span> <span class='ocrx_word' id='word_1_106' title='bbox 329 1584 339 1601; x_wconf 89' lang='lat'>,</span> <span class='ocrx_word' id='word_1_107' title='bbox 370 1555 480 1605; x_wconf 91' lang='lat' dir='ltr'>quod</span> <span class='ocrx_word' id='word_1_108' title='bbox 500 1564 625 1592; x_wconf 76' lang='lat' dir='ltr'>rostra</span> <span class='ocrx_word' id='word_1_109' title='bbox 644 1567 681 1591; x_wconf 85' lang='lat' dir='ltr'>v.</span> <span class='ocrx_word' id='word_1_110' title='bbox 712 1554 787 1590; x_wconf 81' lang='lat'>186</span> <span class='ocrx_word' id='word_1_111' title='bbox 811 1553 906 1589; x_wconf 88' lang='lat' dir='ltr'>snb-</span> 
     </span>
     <span class='ocr_line' id='line_1_23' title="bbox 187 1609 908 1663; baseline -0.006 -12"><span class='ocrx_word' id='word_1_112' title='bbox 187 1615 300 1663; x_wconf 85' lang='lat' dir='ltr'>jicit,</span> <span class='ocrx_word' id='word_1_113' title='bbox 332 1612 587 1650; x_wconf 84' lang='lat' dir='ltr'>historiarum</span> <span class='ocrx_word' id='word_1_114' title='bbox 614 1609 712 1649; x_wconf 87' lang='lat' dir='ltr'>fides</span> <span class='ocrx_word' id='word_1_115' title='bbox 738 1624 821 1649; x_wconf 88' lang='lat' dir='ltr'>non</span> <span class='ocrx_word' id='word_1_116' title='bbox 850 1619 908 1647; x_wconf 88' lang='lat' dir='ltr'>est</span> 
     </span>
     <span class='ocr_line' id='line_1_24' title="bbox 191 1668 908 1722; baseline -0.008 -13"><span class='ocrx_word' id='word_1_117' title='bbox 191 1671 466 1722; x_wconf 88' lang='lat' dir='ltr'>deposcenda;</span> <span class='ocrx_word' id='word_1_118' title='bbox 495 1683 588 1707; x_wconf 89' lang='lat' dir='ltr'>nam</span> <span class='ocrx_word' id='word_1_119' title='bbox 618 1668 774 1706; x_wconf 77' lang='lat' dir='ltr'>navales</span> <span class='ocrx_word' id='word_1_120' title='bbox 808 1681 908 1718; x_wconf 83' lang='lat' dir='ltr'>pug-</span> 
     </span>
     <span class='ocr_line' id='line_1_25' title="bbox 192 1726 909 1767; baseline -0.006 -1"><span class='ocrx_word' id='word_1_121' title='bbox 192 1743 263 1767; x_wconf 85' lang='lat' dir='ltr'>nas</span> <span class='ocrx_word' id='word_1_122' title='bbox 293 1730 364 1765; x_wconf 75' lang='lat' dir='ltr'>vix</span> <span class='ocrx_word' id='word_1_123' title='bbox 389 1729 570 1765; x_wconf 84' lang='lat' dir='ltr'>fecerunt</span> <span class='ocrx_word' id='word_1_124' title='bbox 590 1728 731 1764; x_wconf 86' lang='lat' dir='ltr'>Latini.</span> <span class='ocrx_word' id='word_1_125' title='bbox 753 1726 909 1764; x_wconf 86' lang='lat' dir='ltr'>Possint</span> 
     </span>
     <span class='ocr_line' id='line_1_26' title="bbox 191 1782 909 1839; baseline -0.007 -15"><span class='ocrx_word' id='word_1_126' title='bbox 191 1800 310 1825; x_wconf 76' lang='lat' dir='ltr'>naves</span> <span class='ocrx_word' id='word_1_127' title='bbox 327 1782 531 1839; x_wconf 64' lang='grc' dir='ltr'>λῃστρικαὶ</span> <span class='ocrx_word' id='word_1_128' title='bbox 550 1786 592 1821; x_wconf 89' lang='lat' dir='ltr'>in</span> <span class='ocrx_word' id='word_1_129' title='bbox 612 1784 730 1821; x_wconf 87' lang='lat' dir='ltr'>litore</span> <span class='ocrx_word' id='word_1_130' title='bbox 753 1796 909 1833; x_wconf 85' lang='lat' dir='ltr'>oppres·</span> 
     </span>
     <span class='ocr_line' id='line_1_27' title="bbox 191 1840 910 1895; baseline -0.007 -13"><span class='ocrx_word' id='word_1_131' title='bbox 191 1858 244 1882; x_wconf 83' lang='lat' dir='ltr'>sae</span> <span class='ocrx_word' id='word_1_132' title='bbox 278 1844 468 1895; x_wconf 81' lang='lat' dir='ltr'>intelligi3</span> <span class='ocrx_word' id='word_1_133' title='bbox 506 1842 575 1880; x_wconf 87' lang='lat' dir='ltr'>sed</span> <span class='ocrx_word' id='word_1_134' title='bbox 605 1842 649 1878; x_wconf 91' lang='lat' dir='ltr'>in</span> <span class='ocrx_word' id='word_1_135' title='bbox 681 1850 796 1892; x_wconf 88' lang='lat' dir='ltr'>poeta</span> <span class='ocrx_word' id='word_1_136' title='bbox 826 1840 910 1877; x_wconf 83' lang='lat' dir='ltr'>haec</span> 
     </span>
     <span class='ocr_line' id='line_1_28' title="bbox 194 1897 913 1955; baseline -0.008 -15"><span class='ocrx_word' id='word_1_137' title='bbox 194 1897 379 1955; x_wconf 67' lang='grc' dir='ltr'>ἀκρίῧεισ.</span> <span class='ocrx_word' id='word_1_138' title='bbox 407 1914 492 1938; x_wconf 89' lang='lat' dir='ltr'>non</span> <span class='ocrx_word' id='word_1_139' title='bbox 522 1899 789 1946; x_wconf 85' lang='lat' dir='ltr'>desideratur3</span> <span class='ocrx_word' id='word_1_140' title='bbox 818 1898 913 1935; x_wconf 87' lang='lat' dir='ltr'>licet</span> 
     </span>
     <span class='ocr_line' id='line_1_29' title="bbox 193 1958 619 2010; baseline -0.009 -12"><span class='ocrx_word' id='word_1_141' title='bbox 193 1963 231 1998; x_wconf 87' lang='lat' dir='ltr'>ei</span> <span class='ocrx_word' id='word_1_142' title='bbox 252 1961 366 2010; x_wconf 86' lang='lat' dir='ltr'>sequi</span> <span class='ocrx_word' id='word_1_143' title='bbox 384 1958 619 2010; x_wconf 83' lang='lat' dir='ltr'>probabilia.</span> 
     </span>
    </p>

    <p class='ocr_par' dir='ltr' id='par_1_10' title="bbox 194 2015 915 2759">
     <span class='ocr_line' id='line_1_30' title="bbox 260 2015 909 2067; baseline -0.006 -12"><span class='ocrx_word' id='word_1_144' title='bbox 260 2018 499 2067; x_wconf 82' lang='lat'>187—191.</span> <span class='ocrx_word' id='word_1_145' title='bbox 524 2020 634 2054; x_wconf 82' lang='lat' dir='ltr'>Inter</span> <span class='ocrx_word' id='word_1_146' title='bbox 664 2015 773 2066; x_wconf 77' lang='lat' dir='ltr'>signa</span> <span class='ocrx_word' id='word_1_147' title='bbox 803 2021 909 2051; x_wconf 74' lang='lat' dir='ltr'>vete-</span> 
     </span>
     <span class='ocr_line' id='line_1_31' title="bbox 194 2072 912 2123; baseline -0.008 -10"><span class='ocrx_word' id='word_1_148' title='bbox 194 2088 286 2113; x_wconf 88' lang='lat' dir='ltr'>rum</span> <span class='ocrx_word' id='word_1_149' title='bbox 303 2075 473 2113; x_wconf 88' lang='lat' dir='ltr'>heroum</span> <span class='ocrx_word' id='word_1_150' title='bbox 488 2076 572 2113; x_wconf 82' lang='lat' dir='ltr'>Pici</span> <span class='ocrx_word' id='word_1_151' title='bbox 586 2072 768 2123; x_wconf 89' lang='lat' dir='ltr'>inprimis</span> <span class='ocrx_word' id='word_1_152' title='bbox 784 2079 912 2108; x_wconf 82' lang='lat' dir='ltr'>statua</span> 
     </span>
     <span class='ocr_line' id='line_1_32' title="bbox 196 2129 911 2184; baseline -0.01 -12"><span class='ocrx_word' id='word_1_153' title='bbox 196 2135 423 2184; x_wconf 84' lang='lat' dir='ltr'>conspicua.</span> <span class='ocrx_word' id='word_1_154' title='bbox 443 2135 537 2170; x_wconf 87' lang='lat' dir='ltr'>Erat</span> <span class='ocrx_word' id='word_1_155' title='bbox 554 2134 587 2169; x_wconf 89' lang='lat' dir='ltr'>is</span> <span class='ocrx_word' id='word_1_156' title='bbox 603 2145 624 2168; x_wconf 87' lang='lat' dir='ltr'>e</span> <span class='ocrx_word' id='word_1_157' title='bbox 646 2130 774 2167; x_wconf 82' lang='lat' dir='ltr'>Latini</span> <span class='ocrx_word' id='word_1_158' title='bbox 795 2129 911 2177; x_wconf 84' lang='lat' dir='ltr'>majo-</span> 
     </span>
     <span class='ocr_line' id='line_1_33' title="bbox 196 2189 912 2239; baseline -0.01 -10"><span class='ocrx_word' id='word_1_159' title='bbox 196 2191 332 2238; x_wconf 83' lang='lat' dir='ltr'>ribus3</span> <span class='ocrx_word' id='word_1_160' title='bbox 363 2203 406 2228; x_wconf 91' lang='lat' dir='ltr'>ac</span> <span class='ocrx_word' id='word_1_161' title='bbox 426 2191 527 2228; x_wconf 84' lang='lat' dir='ltr'>forte</span> <span class='ocrx_word' id='word_1_162' title='bbox 547 2191 631 2238; x_wconf 87' lang='lat' dir='ltr'>ejus</span> <span class='ocrx_word' id='word_1_163' title='bbox 653 2189 811 2239; x_wconf 87' lang='lat' dir='ltr'>siguum</span> <span class='ocrx_word' id='word_1_164' title='bbox 829 2199 912 2224; x_wconf 89' lang='lat' dir='ltr'>non</span> 
     </span>
     <span class='ocr_line' id='line_1_34' title="bbox 196 2248 911 2299; baseline -0.006 -13"><span class='ocrx_word' id='word_1_165' title='bbox 196 2250 427 2299; x_wconf 87' lang='lat' dir='ltr'>infrequens</span> <span class='ocrx_word' id='word_1_166' title='bbox 465 2248 531 2285; x_wconf 87' lang='lat' dir='ltr'>illa</span> <span class='ocrx_word' id='word_1_167' title='bbox 579 2255 690 2284; x_wconf 84' lang='lat' dir='ltr'>aetate</span> <span class='ocrx_word' id='word_1_168' title='bbox 724 2257 911 2284; x_wconf 89' lang='lat' dir='ltr'>occurre-</span> 
     </span>
     <span class='ocr_line' id='line_1_35' title="bbox 198 2303 911 2358; baseline -0.007 -15"><span class='ocrx_word' id='word_1_169' title='bbox 198 2315 260 2343; x_wconf 87' lang='lat' dir='ltr'>rat</span> <span class='ocrx_word' id='word_1_170' title='bbox 276 2307 458 2358; x_wconf 75' lang='lat' dir='ltr'>Virgilio.</span> <span class='ocrx_word' id='word_1_171' title='bbox 488 2307 604 2343; x_wconf 88' lang='lat' dir='ltr'>Forte</span> <span class='ocrx_word' id='word_1_172' title='bbox 627 2305 744 2341; x_wconf 88' lang='lat' dir='ltr'>etiam</span> <span class='ocrx_word' id='word_1_173' title='bbox 765 2303 911 2352; x_wconf 85' lang='lat' dir='ltr'>regiam</span> 
     </span>
     <span class='ocr_line' id='line_1_36' title="bbox 201 2363 908 2411; baseline -0.004 -12"><span class='ocrx_word' id='word_1_174' title='bbox 201 2363 424 2402; x_wconf 68' lang='lat' dir='ltr'>condidisse</span> <span class='ocrx_word' id='word_1_175' title='bbox 443 2363 575 2401; x_wconf 82' lang='lat' dir='ltr'>dictus</span> <span class='ocrx_word' id='word_1_176' title='bbox 593 2370 674 2399; x_wconf 88' lang='lat' dir='ltr'>erat</span> <span class='ocrx_word' id='word_1_177' title='bbox 693 2374 702 2399; x_wconf 93' lang='lat'><strong>:</strong></span> <span class='ocrx_word' id='word_1_178' title='bbox 722 2374 808 2411; x_wconf 86' lang='lat' dir='ltr'>sup.</span> <span class='ocrx_word' id='word_1_179' title='bbox 832 2373 878 2407; x_wconf 87' lang='lat'>17</span> <span class='ocrx_word' id='word_1_180' title='bbox 891 2372 908 2396; x_wconf 91' lang='lat'>1</span> 
     </span>
     <span class='ocr_line' id='line_1_37' title="bbox 201 2419 913 2472; baseline -0.003 -15"><span class='ocrx_word' id='word_1_181' title='bbox 201 2421 412 2457; x_wconf 71' lang='lat' dir='ltr'>Laurentis</span> <span class='ocrx_word' id='word_1_182' title='bbox 430 2420 543 2472; x_wconf 73' lang='lat' dir='ltr'>regia</span> <span class='ocrx_word' id='word_1_183' title='bbox 561 2419 662 2458; x_wconf 83' lang='lat' dir='ltr'>Pici.</span> <span class='ocrx_word' id='word_1_184' title='bbox 682 2421 815 2457; x_wconf 86' lang='lat' dir='ltr'>Statua</span> <span class='ocrx_word' id='word_1_185' title='bbox 831 2425 913 2455; x_wconf 87' lang='lat' dir='ltr'>erat</span> 
     </span>
     <span class='ocr_line' id='line_1_38' title="bbox 200 2476 914 2528; baseline -0.003 -14"><span class='ocrx_word' id='word_1_186' title='bbox 200 2476 372 2515; x_wconf 86' lang='lat' dir='ltr'>sedentis</span> <span class='ocrx_word' id='word_1_187' title='bbox 390 2478 552 2525; x_wconf 78' lang='lat' dir='ltr'>habitu,</span> <span class='ocrx_word' id='word_1_188' title='bbox 571 2490 689 2528; x_wconf 87' lang='lat' dir='ltr'>quam</span> <span class='ocrx_word' id='word_1_189' title='bbox 708 2476 819 2513; x_wconf 89' lang='lat' dir='ltr'>facile</span> <span class='ocrx_word' id='word_1_190' title='bbox 837 2476 914 2512; x_wconf 86' lang='lat' dir='ltr'>erit</span> 
     </span>
     <span class='ocr_line' id='line_1_39' title="bbox 201 2532 915 2586; baseline -0.006 -13"><span class='ocrx_word' id='word_1_191' title='bbox 201 2549 254 2573; x_wconf 83' lang='lat' dir='ltr'>ex</span> <span class='ocrx_word' id='word_1_192' title='bbox 285 2534 363 2572; x_wconf 90' lang='lat' dir='ltr'>hoc</span> <span class='ocrx_word' id='word_1_193' title='bbox 392 2535 485 2572; x_wconf 89' lang='lat' dir='ltr'>loco</span> <span class='ocrx_word' id='word_1_194' title='bbox 514 2537 734 2586; x_wconf 77' lang='lat' dir='ltr'>exprimere</span> <span class='ocrx_word' id='word_1_195' title='bbox 759 2543 798 2571; x_wconf 87' lang='lat' dir='ltr'>et</span> <span class='ocrx_word' id='word_1_196' title='bbox 820 2532 915 2570; x_wconf 89' lang='lat' dir='ltr'>deli-</span> 
     </span>
     <span class='ocr_line' id='line_1_40' title="bbox 202 2592 914 2642; baseline -0.004 -11"><span class='ocrx_word' id='word_1_197' title='bbox 202 2605 333 2631; x_wconf 88' lang='lat' dir='ltr'>neare.</span> <span class='ocrx_word' id='word_1_198' title='bbox 346 2594 476 2630; x_wconf 90' lang='lat' dir='ltr'>Prisca</span> <span class='ocrx_word' id='word_1_199' title='bbox 493 2593 620 2641; x_wconf 89' lang='lat' dir='ltr'>aliqua</span> <span class='ocrx_word' id='word_1_200' title='bbox 637 2593 803 2642; x_wconf 82' lang='lat' dir='ltr'>gravitas</span> <span class='ocrx_word' id='word_1_201' title='bbox 821 2592 914 2628; x_wconf 89' lang='lat' dir='ltr'>ima-</span> 
     </span>
     <span class='ocr_line' id='line_1_41' title="bbox 201 2649 913 2703; baseline -0.007 -14"><span class='ocrx_word' id='word_1_202' title='bbox 201 2652 286 2703; x_wconf 78' lang='lat' dir='ltr'>gini</span> <span class='ocrx_word' id='word_1_203' title='bbox 316 2652 442 2691; x_wconf 75' lang='lat' dir='ltr'>inest:</span> <span class='ocrx_word' id='word_1_204' title='bbox 478 2649 677 2686; x_wconf 78' lang='lat' dir='ltr'>trabeatus</span> <span class='ocrx_word' id='word_1_205' title='bbox 695 2659 752 2686; x_wconf 85' lang='lat' dir='ltr'>est</span> <span class='ocrx_word' id='word_1_206' title='bbox 771 2651 888 2687; x_wconf 88' lang='lat' dir='ltr'>Picus</span> <span class='ocrx_word' id='word_1_207' title='bbox 902 2675 913 2695; x_wconf 91' lang='lat'>,</span> 
     </span>
     <span class='ocr_line' id='line_1_42' title="bbox 203 2706 915 2759; baseline -0.004 -13"><span class='ocrx_word' id='word_1_208' title='bbox 203 2709 275 2759; x_wconf 86' lang='lat' dir='ltr'>qui</span> <span class='ocrx_word' id='word_1_209' title='bbox 287 2716 467 2746; x_wconf 87' lang='lat' dir='ltr'>veterum</span> <span class='ocrx_word' id='word_1_210' title='bbox 484 2719 622 2758; x_wconf 87' lang='lat' dir='ltr'>regum</span> <span class='ocrx_word' id='word_1_211' title='bbox 648 2716 730 2743; x_wconf 78' lang='lat' dir='ltr'>erat</span> <span class='ocrx_word' id='word_1_212' title='bbox 755 2706 915 2743; x_wconf 85' lang='lat' dir='ltr'>habitus</span> 
     </span>
    </p>
   </div>
   <div class='ocr_carea' id='block_1_5' title="bbox 203 2763 916 2818">
    <p class='ocr_par' dir='ltr' id='par_1_11' title="bbox 203 2758 916 2818">
     <span class='ocr_line' id='line_1_43' title="bbox 203 2763 916 2818; baseline -0.004 -15"><span class='ocrx_word' id='word_1_213' title='bbox 203 2765 272 2818; x_wconf 81' lang='lat' dir='ltr'>(cf.</span> <span class='ocrx_word' id='word_1_214' title='bbox 285 2765 386 2805; x_wconf 87' lang='lat' dir='ltr'>Plin.</span> <span class='ocrx_word' id='word_1_215' title='bbox 409 2766 481 2814; x_wconf 82' lang='grc' dir='ltr'>ΪΧ,</span> <span class='ocrx_word' id='word_1_216' title='bbox 498 2765 565 2815; x_wconf 83' lang='grc'>39,</span> <span class='ocrx_word' id='word_1_217' title='bbox 582 2777 613 2802; x_wconf 86' lang='lat' dir='ltr'>s.</span> <span class='ocrx_word' id='word_1_218' title='bbox 634 2763 721 2815; x_wconf 85' lang='lat'>63),</span> <span class='ocrx_word' id='word_1_219' title='bbox 739 2776 819 2813; x_wconf 87' lang='lat' dir='ltr'>quo</span> <span class='ocrx_word' id='word_1_220' title='bbox 839 2766 916 2801; x_wconf 84' lang='lat' dir='ltr'>Ro-</span> 
     </span>
    </p>
   </div>
   <div class='ocr_carea' id='block_1_6' title="bbox 969 919 1698 2814">
    <p class='ocr_par' dir='ltr' id='par_1_12' title="bbox 969 919 1693 2638">
     <span class='ocr_line' id='line_1_44' title="bbox 969 919 1690 970; baseline -0.001 -15"><span class='ocrx_word' id='word_1_221' title='bbox 969 920 1126 956; x_wconf 85' lang='lat' dir='ltr'>mulum</span> <span class='ocrx_word' id='word_1_222' title='bbox 1144 931 1305 970; x_wconf 84' lang='lat' dir='ltr'>quoque</span> <span class='ocrx_word' id='word_1_223' title='bbox 1323 919 1586 968; x_wconf 84' lang='lat' dir='ltr'>conspicuum</span> <span class='ocrx_word' id='word_1_224' title='bbox 1601 929 1690 955; x_wconf 78' lang='lat' dir='ltr'>nar·</span> 
     </span>
     <span class='ocr_line' id='line_1_45' title="bbox 971 974 1692 1026; baseline -0.001 -13"><span class='ocrx_word' id='word_1_225' title='bbox 971 985 1061 1013; x_wconf 87' lang='lat' dir='ltr'>rant</span> <span class='ocrx_word' id='word_1_226' title='bbox 1089 977 1341 1026; x_wconf 77' lang='lat' dir='ltr'>(trabeatum</span> <span class='ocrx_word' id='word_1_227' title='bbox 1385 974 1594 1024; x_wconf 83' lang='lat' dir='ltr'>Quirinum</span> <span class='ocrx_word' id='word_1_228' title='bbox 1623 988 1692 1012; x_wconf 88' lang='lat' dir='ltr'>vo·</span> 
     </span>
     <span class='ocr_line' id='line_1_46' title="bbox 974 1032 1692 1079; baseline -0.001 -9"><span class='ocrx_word' id='word_1_229' title='bbox 974 1042 1035 1070; x_wconf 88' lang='lat' dir='ltr'>cat</span> <span class='ocrx_word' id='word_1_230' title='bbox 1063 1035 1234 1072; x_wconf 76' lang='lat' dir='ltr'>Ovidius</span> <span class='ocrx_word' id='word_1_231' title='bbox 1261 1035 1359 1071; x_wconf 85' lang='lat' dir='ltr'>Met.</span> <span class='ocrx_word' id='word_1_232' title='bbox 1386 1034 1500 1079; x_wconf 80' lang='lat' dir='ltr'>XIV,</span> <span class='ocrx_word' id='word_1_233' title='bbox 1533 1032 1613 1069; x_wconf 87' lang='lat'>828</span> <span class='ocrx_word' id='word_1_234' title='bbox 1652 1040 1692 1069; x_wconf 90' lang='lat' dir='ltr'>et</span> 
     </span>
     <span class='ocr_line' id='line_1_47' title="bbox 973 1089 1691 1142; baseline -0.003 -14"><span class='ocrx_word' id='word_1_235' title='bbox 973 1092 1021 1130; x_wconf 88' lang='lat' dir='ltr'>al.</span> <span class='ocrx_word' id='word_1_236' title='bbox 1043 1090 1057 1142; x_wconf 89' lang='lat'>)</span> <span class='ocrx_word' id='word_1_237' title='bbox 1077 1105 1171 1129; x_wconf 88' lang='lat' dir='ltr'>cum</span> <span class='ocrx_word' id='word_1_238' title='bbox 1195 1091 1292 1129; x_wconf 81' lang='lat' dir='ltr'>lituo</span> <span class='ocrx_word' id='word_1_239' title='bbox 1312 1089 1386 1142; x_wconf 85' lang='lat' dir='ltr'>(ut</span> <span class='ocrx_word' id='word_1_240' title='bbox 1404 1089 1500 1128; x_wconf 87' lang='lat' dir='ltr'>adeo</span> <span class='ocrx_word' id='word_1_241' title='bbox 1518 1090 1691 1141; x_wconf 83' lang='lat' dir='ltr'>augurali</span> 
     </span>
     <span class='ocr_line' id='line_1_48' title="bbox 973 1147 1691 1186; baseline -0.001 -1"><span class='ocrx_word' id='word_1_242' title='bbox 973 1150 1138 1186; x_wconf 76' lang='lat' dir='ltr'>scientia</span> <span class='ocrx_word' id='word_1_243' title='bbox 1184 1149 1335 1186; x_wconf 85' lang='lat' dir='ltr'>clarum</span> <span class='ocrx_word' id='word_1_244' title='bbox 1374 1147 1494 1185; x_wconf 77' lang='lat' dir='ltr'>fuisse</span> <span class='ocrx_word' id='word_1_245' title='bbox 1534 1160 1691 1185; x_wconf 88' lang='lat' dir='ltr'>necesse</span> 
     </span>
     <span class='ocr_line' id='line_1_49' title="bbox 974 1206 1691 1259; baseline -0.003 -16"><span class='ocrx_word' id='word_1_246' title='bbox 974 1206 1050 1257; x_wconf 88' lang='lat' dir='ltr'>sit)</span> <span class='ocrx_word' id='word_1_247' title='bbox 1081 1216 1119 1244; x_wconf 84' lang='lat' dir='ltr'>et</span> <span class='ocrx_word' id='word_1_248' title='bbox 1146 1208 1280 1259; x_wconf 87' lang='lat' dir='ltr'>prisco</span> <span class='ocrx_word' id='word_1_249' title='bbox 1311 1219 1511 1244; x_wconf 86' lang='lat' dir='ltr'>armorum</span> <span class='ocrx_word' id='word_1_250' title='bbox 1549 1209 1691 1257; x_wconf 74' lang='lat' dir='ltr'>genere</span> 
     </span>
     <span class='ocr_line' id='line_1_50' title="bbox 975 1262 1692 1308; baseline -0.003 -6"><span class='ocrx_word' id='word_1_251' title='bbox 975 1264 1102 1302; x_wconf 80' lang='lat' dir='ltr'>ancili</span> <span class='ocrx_word' id='word_1_252' title='bbox 1121 1264 1340 1302; x_wconf 79' lang='lat' dir='ltr'>succinctus</span> <span class='ocrx_word' id='word_1_253' title='bbox 1360 1263 1498 1301; x_wconf 82' lang='lat' dir='ltr'>trabea</span> <span class='ocrx_word' id='word_1_254' title='bbox 1518 1272 1558 1300; x_wconf 81' lang='lat' dir='ltr'>et</span> <span class='ocrx_word' id='word_1_255' title='bbox 1578 1262 1692 1308; x_wconf 82' lang='lat' dir='ltr'>lituo,</span> 
     </span>
     <span class='ocr_line' id='line_1_51' title="bbox 975 1319 1693 1372; baseline -0.004 -12"><span class='ocrx_word' id='word_1_256' title='bbox 975 1331 1071 1360; x_wconf 90' lang='lat' dir='ltr'>nota</span> <span class='ocrx_word' id='word_1_257' title='bbox 1106 1324 1257 1369; x_wconf 86' lang='lat' dir='ltr'>forma,</span> <span class='ocrx_word' id='word_1_258' title='bbox 1291 1335 1368 1372; x_wconf 86' lang='lat' dir='ltr'>qua</span> <span class='ocrx_word' id='word_1_259' title='bbox 1395 1321 1564 1359; x_wconf 84' lang='lat' dir='ltr'>verbum</span> <span class='ocrx_word' id='word_1_260' title='bbox 1588 1319 1693 1358; x_wconf 81' lang='lat' dir='ltr'>binis</span> 
     </span>
     <span class='ocr_line' id='line_1_52' title="bbox 975 1378 1693 1432; baseline -0.004 -15"><span class='ocrx_word' id='word_1_261' title='bbox 975 1381 1209 1432; x_wconf 87' lang='lat' dir='ltr'>adaptatur,</span> <span class='ocrx_word' id='word_1_262' title='bbox 1238 1393 1367 1430; x_wconf 90' lang='lat' dir='ltr'>quum</span> <span class='ocrx_word' id='word_1_263' title='bbox 1387 1378 1436 1416; x_wconf 90' lang='lat' dir='ltr'>de</span> <span class='ocrx_word' id='word_1_264' title='bbox 1459 1379 1584 1416; x_wconf 87' lang='lat' dir='ltr'>altero</span> <span class='ocrx_word' id='word_1_265' title='bbox 1611 1385 1693 1415; x_wconf 87' lang='lat' dir='ltr'>tan-</span> 
     </span>
     <span class='ocr_line' id='line_1_53' title="bbox 977 1435 1690 1490; baseline -0.004 -15"><span class='ocrx_word' id='word_1_266' title='bbox 977 1446 1063 1475; x_wconf 82' lang='lat' dir='ltr'>tum</span> <span class='ocrx_word' id='word_1_267' title='bbox 1101 1439 1264 1490; x_wconf 90' lang='lat' dir='ltr'>proprie</span> <span class='ocrx_word' id='word_1_268' title='bbox 1296 1437 1478 1474; x_wconf 77' lang='lat' dir='ltr'>dicatur:</span> <span class='ocrx_word' id='word_1_269' title='bbox 1498 1436 1601 1473; x_wconf 73' lang='lat' dir='ltr'>lituo</span> <span class='ocrx_word' id='word_1_270' title='bbox 1631 1435 1690 1472; x_wconf 84' lang='lat' dir='ltr'>in-</span> 
     </span>
     <span class='ocr_line' id='line_1_54' title="bbox 975 1493 1689 1546; baseline -0.007 -13"><span class='ocrx_word' id='word_1_271' title='bbox 975 1505 1142 1534; x_wconf 78' lang='lat' dir='ltr'>structus</span> <span class='ocrx_word' id='word_1_272' title='bbox 1155 1505 1237 1533; x_wconf 87' lang='lat' dir='ltr'>erat</span> <span class='ocrx_word' id='word_1_273' title='bbox 1250 1495 1314 1532; x_wconf 84' lang='lat' dir='ltr'>vel</span> <span class='ocrx_word' id='word_1_274' title='bbox 1330 1493 1498 1546; x_wconf 79' lang='lat' dir='ltr'>insignis</span> <span class='ocrx_word' id='word_1_275' title='bbox 1512 1522 1522 1539; x_wconf 91' lang='lat'>,</span> <span class='ocrx_word' id='word_1_276' title='bbox 1535 1493 1689 1543; x_wconf 80' lang='lat' dir='ltr'>conspi-</span> 
     </span>
     <span class='ocr_line' id='line_1_55' title="bbox 974 1550 1688 1596; baseline -0.006 -6"><span class='ocrx_word' id='word_1_277' title='bbox 974 1567 1066 1590; x_wconf 80' lang='lat' dir='ltr'>cuus</span> <span class='ocrx_word' id='word_1_278' title='bbox 1082 1569 1095 1596; x_wconf 91' lang='lat'>‚·</span> <span class='ocrx_word' id='word_1_279' title='bbox 1131 1553 1236 1590; x_wconf 89' lang='lat' dir='ltr'>conf.</span> <span class='ocrx_word' id='word_1_280' title='bbox 1260 1554 1396 1589; x_wconf 90' lang='lat' dir='ltr'>Burm.</span> <span class='ocrx_word' id='word_1_281' title='bbox 1417 1565 1456 1588; x_wconf 91' lang='lat' dir='ltr'>v.</span> <span class='ocrx_word' id='word_1_282' title='bbox 1487 1550 1607 1588; x_wconf 89' lang='lat' dir='ltr'>Gellii</span> <span class='ocrx_word' id='word_1_283' title='bbox 1625 1553 1662 1587; x_wconf 87' lang='lat' dir='ltr'><strong>V</strong></span> <span class='ocrx_word' id='word_1_284' title='bbox 1678 1578 1688 1596; x_wconf 94' lang='lat'><strong><em>‚</em></strong></span> 
     </span>
     <span class='ocr_line' id='line_1_56' title="bbox 977 1607 1688 1660; baseline -0.004 -12"><span class='ocrx_word' id='word_1_285' title='bbox 977 1612 998 1647; x_wconf 90' lang='lat'>8</span> <span class='ocrx_word' id='word_1_286' title='bbox 1018 1620 1056 1648; x_wconf 91' lang='lat' dir='ltr'>et</span> <span class='ocrx_word' id='word_1_287' title='bbox 1073 1610 1166 1648; x_wconf 89' lang='lat' dir='ltr'>inde</span> <span class='ocrx_word' id='word_1_288' title='bbox 1184 1610 1366 1660; x_wconf 83' lang='lat' dir='ltr'>repetitas</span> <span class='ocrx_word' id='word_1_289' title='bbox 1383 1621 1403 1645; x_wconf 89' lang='lat' dir='ltr'>a</span> <span class='ocrx_word' id='word_1_290' title='bbox 1420 1607 1599 1646; x_wconf 85' lang='lat' dir='ltr'>Macrob.</span> <span class='ocrx_word' id='word_1_291' title='bbox 1613 1609 1688 1653; x_wconf 85' lang='lat' dir='ltr'>VI,</span> 
     </span>
     <span class='ocr_line' id='line_1_57' title="bbox 977 1666 1690 1719; baseline -0.007 -14"><span class='ocrx_word' id='word_1_292' title='bbox 977 1669 998 1704; x_wconf 85' lang='lat'>8</span> <span class='ocrx_word' id='word_1_293' title='bbox 1030 1669 1201 1719; x_wconf 85' lang='lat' dir='ltr'>argutias</span> <span class='ocrx_word' id='word_1_294' title='bbox 1233 1667 1280 1704; x_wconf 84' lang='lat' dir='ltr'>de</span> <span class='ocrx_word' id='word_1_295' title='bbox 1314 1666 1354 1704; x_wconf 93' lang='lat' dir='ltr'>h.</span> <span class='ocrx_word' id='word_1_296' title='bbox 1386 1666 1414 1704; x_wconf 89' lang='lat' dir='ltr'>l.</span> <span class='ocrx_word' id='word_1_297' title='bbox 1438 1667 1608 1704; x_wconf 88' lang='lat' dir='ltr'>Occurri</span> <span class='ocrx_word' id='word_1_298' title='bbox 1634 1673 1690 1701; x_wconf 85' lang='lat' dir='ltr'>ta-</span> 
     </span>
     <span class='ocr_line' id='line_1_58' title="bbox 974 1721 1690 1776; baseline -0.006 -13"><span class='ocrx_word' id='word_1_299' title='bbox 974 1739 1066 1763; x_wconf 88' lang='lat' dir='ltr'>men</span> <span class='ocrx_word' id='word_1_300' title='bbox 1103 1733 1234 1776; x_wconf 87' lang='lat' dir='ltr'>potest</span> <span class='ocrx_word' id='word_1_301' title='bbox 1269 1724 1344 1762; x_wconf 85' lang='lat' dir='ltr'>alia</span> <span class='ocrx_word' id='word_1_302' title='bbox 1379 1723 1530 1760; x_wconf 74' lang='lat' dir='ltr'>ratione</span> <span class='ocrx_word' id='word_1_303' title='bbox 1562 1734 1571 1759; x_wconf 91' lang='lat'>:</span> <span class='ocrx_word' id='word_1_304' title='bbox 1608 1721 1690 1771; x_wconf 79' lang='lat' dir='ltr'>ipse</span> 
     </span>
     <span class='ocr_line' id='line_1_59' title="bbox 979 1779 1688 1834; baseline -0.007 -14"><span class='ocrx_word' id='word_1_305' title='bbox 979 1782 1184 1834; x_wconf 79' lang='lat' dir='ltr'>Quirinali</span> <span class='ocrx_word' id='word_1_306' title='bbox 1219 1781 1339 1828; x_wconf 82' lang='lat' dir='ltr'>lituo,</span> <span class='ocrx_word' id='word_1_307' title='bbox 1382 1780 1560 1818; x_wconf 77' lang='lat' dir='ltr'>absolute</span> <span class='ocrx_word' id='word_1_308' title='bbox 1606 1779 1688 1816; x_wconf 87' lang='lat' dir='ltr'>dic-</span> 
     </span>
     <span class='ocr_line' id='line_1_60' title="bbox 974 1838 1690 1888; baseline -0.006 -11"><span class='ocrx_word' id='word_1_309' title='bbox 974 1849 1076 1888; x_wconf 90' lang='lat' dir='ltr'>tum,</span> <span class='ocrx_word' id='word_1_310' title='bbox 1088 1840 1252 1886; x_wconf 87' lang='lat' dir='ltr'>habens,</span> <span class='ocrx_word' id='word_1_311' title='bbox 1271 1849 1406 1876; x_wconf 83' lang='lat' dir='ltr'>tenens</span> <span class='ocrx_word' id='word_1_312' title='bbox 1421 1838 1581 1883; x_wconf 84' lang='lat' dir='ltr'>lituum,</span> <span class='ocrx_word' id='word_1_313' title='bbox 1596 1849 1690 1887; x_wconf 83' lang='lat' dir='ltr'>par-</span> 
     </span>
     <span class='ocr_line' id='line_1_61' title="bbox 979 1896 1688 1949; baseline -0.003 -15"><span class='ocrx_word' id='word_1_314' title='bbox 979 1897 1345 1949; x_wconf 66' lang='lat' dir='ltr'>vaque—laevaque</span> <span class='ocrx_word' id='word_1_315' title='bbox 1358 1925 1369 1944; x_wconf 90' lang='lat'>,</span> <span class='ocrx_word' id='word_1_316' title='bbox 1386 1896 1464 1933; x_wconf 90' lang='lat' dir='ltr'>hoc</span> <span class='ocrx_word' id='word_1_317' title='bbox 1482 1904 1560 1940; x_wconf 85' lang='lat' dir='ltr'>est,</span> <span class='ocrx_word' id='word_1_318' title='bbox 1575 1903 1615 1932; x_wconf 83' lang='lat' dir='ltr'>et</span> <span class='ocrx_word' id='word_1_319' title='bbox 1629 1908 1688 1932; x_wconf 85' lang='lat' dir='ltr'>se-</span> 
     </span>
     <span class='ocr_line' id='line_1_62' title="bbox 978 1953 1688 2006; baseline -0.004 -13"><span class='ocrx_word' id='word_1_320' title='bbox 978 1955 1096 1993; x_wconf 87' lang='lat' dir='ltr'>debat</span> <span class='ocrx_word' id='word_1_321' title='bbox 1108 1985 1119 2003; x_wconf 87' lang='lat'>,</span> <span class='ocrx_word' id='word_1_322' title='bbox 1138 1963 1177 1992; x_wconf 87' lang='lat' dir='ltr'>et</span> <span class='ocrx_word' id='word_1_323' title='bbox 1194 1955 1377 2006; x_wconf 87' lang='lat' dir='ltr'>gerebat,</span> <span class='ocrx_word' id='word_1_324' title='bbox 1396 1953 1548 2004; x_wconf 69' lang='lat' dir='ltr'>duplici</span> <span class='ocrx_word' id='word_1_325' title='bbox 1565 1965 1688 2004; x_wconf 83' lang='lat' dir='ltr'>copu-</span> 
     </span>
     <span class='ocr_line' id='line_1_63' title="bbox 976 2010 1688 2064; baseline -0.006 -14"><span class='ocrx_word' id='word_1_326' title='bbox 976 2013 1013 2051; x_wconf 89' lang='lat' dir='ltr'>la</span> <span class='ocrx_word' id='word_1_327' title='bbox 1030 2027 1105 2064; x_wconf 85' lang='lat' dir='ltr'>pro</span> <span class='ocrx_word' id='word_1_328' title='bbox 1123 2025 1205 2051; x_wconf 87' lang='lat' dir='ltr'>una</span> <span class='ocrx_word' id='word_1_329' title='bbox 1224 2013 1415 2064; x_wconf 79' lang='lat' dir='ltr'>apposita.</span> <span class='ocrx_word' id='word_1_330' title='bbox 1438 2010 1688 2061; x_wconf 78' lang='lat' dir='ltr'>Quirinalem</span> 
     </span>
     <span class='ocr_line' id='line_1_64' title="bbox 977 2070 1690 2120; baseline -0.004 -12"><span class='ocrx_word' id='word_1_331' title='bbox 977 2071 1117 2109; x_wconf 81' lang='lat' dir='ltr'>lituum</span> <span class='ocrx_word' id='word_1_332' title='bbox 1137 2079 1274 2108; x_wconf 82' lang='lat' dir='ltr'>ornate</span> <span class='ocrx_word' id='word_1_333' title='bbox 1293 2070 1418 2119; x_wconf 77' lang='lat' dir='ltr'>dixit,</span> <span class='ocrx_word' id='word_1_334' title='bbox 1443 2081 1523 2120; x_wconf 90' lang='lat' dir='ltr'>quo</span> <span class='ocrx_word' id='word_1_335' title='bbox 1541 2071 1690 2108; x_wconf 85' lang='lat' dir='ltr'>Romu-</span> 
     </span>
     <span class='ocr_line' id='line_1_65' title="bbox 975 2127 1690 2179; baseline -0.006 -13"><span class='ocrx_word' id='word_1_336' title='bbox 975 2129 1038 2167; x_wconf 84' lang='lat' dir='ltr'>lus</span> <span class='ocrx_word' id='word_1_337' title='bbox 1060 2129 1272 2179; x_wconf 87' lang='lat' dir='ltr'>aliquando</span> <span class='ocrx_word' id='word_1_338' title='bbox 1291 2140 1387 2165; x_wconf 87' lang='lat' dir='ltr'>usus</span> <span class='ocrx_word' id='word_1_339' title='bbox 1406 2135 1463 2165; x_wconf 89' lang='lat' dir='ltr'>est</span> <span class='ocrx_word' id='word_1_340' title='bbox 1475 2155 1486 2174; x_wconf 92' lang='lat'>‚</span> <span class='ocrx_word' id='word_1_341' title='bbox 1509 2127 1690 2177; x_wconf 84' lang='lat' dir='ltr'>inprimis</span> 
     </span>
     <span class='ocr_line' id='line_1_66' title="bbox 977 2181 1689 2236; baseline -0.008 -11"><span class='ocrx_word' id='word_1_342' title='bbox 977 2189 1022 2224; x_wconf 84' lang='lat' dir='ltr'>in</span> <span class='ocrx_word' id='word_1_343' title='bbox 1054 2186 1155 2224; x_wconf 90' lang='lat' dir='ltr'>urbe</span> <span class='ocrx_word' id='word_1_344' title='bbox 1194 2185 1427 2232; x_wconf 81' lang='lat' dir='ltr'>condenda3</span> <span class='ocrx_word' id='word_1_345' title='bbox 1469 2181 1689 2236; x_wconf 84' lang='lat' dir='ltr'>augurandi</span> 
     </span>
     <span class='ocr_line' id='line_1_67' title="bbox 979 2240 1686 2283; baseline -0.007 -1"><span class='ocrx_word' id='word_1_346' title='bbox 979 2246 1142 2283; x_wconf 88' lang='lat' dir='ltr'>scientia</span> <span class='ocrx_word' id='word_1_347' title='bbox 1155 2245 1222 2282; x_wconf 86' lang='lat' dir='ltr'>ille</span> <span class='ocrx_word' id='word_1_348' title='bbox 1237 2242 1467 2282; x_wconf 81' lang='lat' dir='ltr'>excellebat.</span> <span class='ocrx_word' id='word_1_349' title='bbox 1480 2243 1585 2279; x_wconf 86' lang='lat' dir='ltr'>Bene</span> <span class='ocrx_word' id='word_1_350' title='bbox 1597 2240 1686 2278; x_wconf 85' lang='lat' dir='ltr'>Cet-</span> 
     </span>
     <span class='ocr_line' id='line_1_68' title="bbox 978 2297 1689 2341; baseline -0.008 -1"><span class='ocrx_word' id='word_1_351' title='bbox 978 2303 1028 2341; x_wconf 89' lang='lat' dir='ltr'>da</span> <span class='ocrx_word' id='word_1_352' title='bbox 1053 2303 1191 2340; x_wconf 85' lang='lat' dir='ltr'>laudat</span> <span class='ocrx_word' id='word_1_353' title='bbox 1217 2299 1418 2341; x_wconf 88' lang='lat' dir='ltr'>Plutarch.</span> <span class='ocrx_word' id='word_1_354' title='bbox 1444 2301 1488 2337; x_wconf 85' lang='lat' dir='ltr'>in</span> <span class='ocrx_word' id='word_1_355' title='bbox 1513 2297 1689 2337; x_wconf 81' lang='lat' dir='ltr'>Romulo</span> 
     </span>
     <span class='ocr_line' id='line_1_69' title="bbox 977 2355 1689 2412; baseline -0.015 -11"><span class='ocrx_word' id='word_1_356' title='bbox 977 2375 1018 2412; x_wconf 93' lang='lat' dir='ltr'>p.</span> <span class='ocrx_word' id='word_1_357' title='bbox 1045 2361 1094 2398; x_wconf 82' lang='lat'>31</span> <span class='ocrx_word' id='word_1_358' title='bbox 1123 2362 1166 2399; x_wconf 90' lang='lat' dir='ltr'>F.</span> <span class='ocrx_word' id='word_1_359' title='bbox 1186 2360 1237 2398; x_wconf 88' lang='lat' dir='ltr'>cf.</span> <span class='ocrx_word' id='word_1_360' title='bbox 1271 2362 1380 2398; x_wconf 84' lang='lat' dir='ltr'>serv.</span> <span class='ocrx_word' id='word_1_361' title='bbox 1401 2355 1519 2395; x_wconf 82' lang='lat' dir='ltr'>Picus</span> <span class='ocrx_word' id='word_1_362' title='bbox 1543 2368 1689 2405; x_wconf 86' lang='lat' dir='ltr'>equum</span> 
     </span>
     <span class='ocr_line' id='line_1_70' title="bbox 978 2407 1690 2456; baseline -0.008 -1"><span class='ocrx_word' id='word_1_363' title='bbox 978 2418 1153 2456; x_wconf 82' lang='lat' dir='ltr'>domitor</span> <span class='ocrx_word' id='word_1_364' title='bbox 1171 2431 1185 2454; x_wconf 89' lang='lat'><em>:</em></span> <span class='ocrx_word' id='word_1_365' title='bbox 1218 2417 1475 2455; x_wconf 85' lang='lat' dir='ltr'>Homericum</span> <span class='ocrx_word' id='word_1_366' title='bbox 1521 2407 1690 2450; x_wconf 70' lang='grc' dir='ltr'>ἱππόδα-</span> 
     </span>
     <span class='ocr_line' id='line_1_71' title="bbox 978 2469 1690 2530; baseline -0.008 -16"><span class='ocrx_word' id='word_1_367' title='bbox 978 2489 1061 2530; x_wconf 82' lang='grc' dir='ltr'><strong>μος.</strong></span> <span class='ocrx_word' id='word_1_368' title='bbox 1085 2476 1180 2523; x_wconf 84' lang='lat' dir='ltr'>Ejus</span> <span class='ocrx_word' id='word_1_369' title='bbox 1199 2473 1462 2511; x_wconf 85' lang='lat' dir='ltr'>mutationem</span> <span class='ocrx_word' id='word_1_370' title='bbox 1486 2471 1530 2508; x_wconf 88' lang='lat' dir='ltr'>in</span> <span class='ocrx_word' id='word_1_371' title='bbox 1554 2469 1690 2520; x_wconf 84' lang='lat' dir='ltr'>picum</span> 
     </span>
     <span class='ocr_line' id='line_1_72' title="bbox 978 2528 1689 2583; baseline -0.007 -12"><span class='ocrx_word' id='word_1_372' title='bbox 978 2533 1145 2583; x_wconf 83' lang='lat' dir='ltr'>exponit</span> <span class='ocrx_word' id='word_1_373' title='bbox 1176 2529 1346 2570; x_wconf 83' lang='lat' dir='ltr'>Ovidius</span> <span class='ocrx_word' id='word_1_374' title='bbox 1378 2528 1689 2579; x_wconf 80' lang='lat' dir='ltr'>Metamorphos.</span> 
     </span>
     <span class='ocr_line' id='line_1_73' title="bbox 978 2590 1319 2638; baseline -0.009 -9"><span class='ocrx_word' id='word_1_375' title='bbox 978 2592 1104 2636; x_wconf 81' lang='lat' dir='ltr'>XIV,</span> <span class='ocrx_word' id='word_1_376' title='bbox 1131 2590 1212 2627; x_wconf 79' lang='lat'>320</span> <span class='ocrx_word' id='word_1_377' title='bbox 1235 2601 1319 2638; x_wconf 87' lang='lat' dir='ltr'>sqq.</span> 
     </span>
    </p>

    <p class='ocr_par' dir='ltr' id='par_1_13' title="bbox 979 2643 1698 2814">
     <span class='ocr_line' id='line_1_74' title="bbox 1042 2643 1694 2698; baseline -0.006 -13"><span class='ocrx_word' id='word_1_378' title='bbox 1042 2658 1120 2698; x_wconf 81' lang='lat'>192</span> <span class='ocrx_word' id='word_1_379' title='bbox 1142 2660 1228 2698; x_wconf 91' lang='lat' dir='ltr'>sqq.</span> <span class='ocrx_word' id='word_1_380' title='bbox 1258 2645 1428 2697; x_wconf 84' lang='lat' dir='ltr'>Excepti</span> <span class='ocrx_word' id='word_1_381' title='bbox 1450 2644 1492 2683; x_wconf 92' lang='lat' dir='ltr'>h.</span> <span class='ocrx_word' id='word_1_382' title='bbox 1524 2644 1554 2683; x_wconf 89' lang='grc'>1.</span> <span class='ocrx_word' id='word_1_383' title='bbox 1575 2643 1694 2696; x_wconf 85' lang='lat' dir='ltr'>legati</span> 
     </span>
     <span class='ocr_line' id='line_1_75' title="bbox 979 2701 1694 2756; baseline -0.006 -13"><span class='ocrx_word' id='word_1_384' title='bbox 979 2707 1023 2743; x_wconf 90' lang='lat' dir='ltr'>in</span> <span class='ocrx_word' id='word_1_385' title='bbox 1059 2704 1230 2756; x_wconf 80' lang='lat' dir='ltr'>templo,</span> <span class='ocrx_word' id='word_1_386' title='bbox 1266 2703 1362 2741; x_wconf 81' lang='lat' dir='ltr'>inde</span> <span class='ocrx_word' id='word_1_387' title='bbox 1391 2715 1411 2740; x_wconf 89' lang='lat' dir='ltr'>a</span> <span class='ocrx_word' id='word_1_388' title='bbox 1439 2716 1480 2741; x_wconf 86' lang='lat' dir='ltr'>v.</span> <span class='ocrx_word' id='word_1_389' title='bbox 1515 2714 1594 2751; x_wconf 87' lang='lat'>170</span> <span class='ocrx_word' id='word_1_390' title='bbox 1626 2701 1694 2739; x_wconf 87' lang='lat' dir='ltr'>de·</span> 
     </span>
     <span class='ocr_line' id='line_1_76' title="bbox 980 2759 1698 2814; baseline -0.007 -14"><span class='ocrx_word' id='word_1_391' title='bbox 980 2764 1154 2814; x_wconf 84' lang='lat' dir='ltr'>scripto,</span> <span class='ocrx_word' id='word_1_392' title='bbox 1186 2775 1238 2800; x_wconf 85' lang='lat' dir='ltr'>ex</span> <span class='ocrx_word' id='word_1_393' title='bbox 1255 2774 1380 2800; x_wconf 89' lang='lat' dir='ltr'>more.</span> <span class='ocrx_word' id='word_1_394' title='bbox 1408 2774 1448 2800; x_wconf 80' lang='lat' dir='ltr'>v,</span> <span class='ocrx_word' id='word_1_395' title='bbox 1479 2759 1628 2808; x_wconf 81' lang='lat' dir='ltr'>Cerda3</span> <span class='ocrx_word' id='word_1_396' title='bbox 1657 2766 1698 2796; x_wconf 85' lang='lat' dir='ltr'>et</span> 
     </span>
    </p>
   </div>
  </div>
 </body>
</html>
