1767 3054
273 109 313 135 ¹³³
766 117 919 154 LIBER
952 118 1002 153 V.
1589 120 1638 163 43

131 190 425 253 Brachiaque
445 187 505 234 ad
529 202 723 250 superas
748 187 993 233 interritus
1012 187 1181 234 extulit
1206 204 1342 236 auras
1364 210 1373 235 :

129 266 388 313 Abduxere
409 273 538 309 retro
560 262 698 325 longe
723 263 880 324 capita
906 262 1055 309 ardua
1081 261 1140 308 ab
1168 262 1290 321 ictu;

129 342 478 402 Inmiscentque
506 355 672 386 manus
696 338 940 397 manibus,
966 355 1271 402 pugnamque
1293 340 1538 388 lacessunt.

127 416 210 462 Ille
230 415 406 478 pedum
427 415 595 461 melior
619 426 776 472 motu,
799 415 1043 478 fretusque
1064 419 1286 478 juventa3
1574 429 1635 463 2'30

127 489 218 537 Hic
237 488 460 536 membris
485 502 532 536 et
552 490 675 536 mole
696 490 879 550 valens3
902 488 986 536 sed
1008 490 1144 536 tarda
1166 491 1389 537 trementi

126 570 294 613 Genua
317 564 500 624 labant,
523 577 682 612 vastos
707 568 861 629 quatit
881 583 1006 629 aeger
1032 566 1270 613 anhelitus
1297 576 1441 613 artus.

125 643 278 689 Multa
297 641 389 687 viri
410 642 732 705 nequidquam
754 644 877 690 inter
898 659 946 690 se
972 643 1168 688 volnera
1187 643 1396 705 jactant,

126 718 279 764 Multa
304 734 422 763 cavo
443 719 578 764 lateri
599 719 910 782 ingeminant,
935 730 981 765 et
1003 730 1197 780 pectore
1221 729 1378 765 vastos

125 798 253 841 Dant
273 794 478 853 sonitus;
505 807 728 857 erratque
751 795 879 841 auris
905 806 952 841 et
979 805 1197 855 tempora
1222 794 1404 840 circum
1581 807 1640 842 4³5

127 868 305 916 Crebra
330 885 519 928 manus3
545 869 668 916 duro
694 870 931 932 crepitant
956 868 1046 915 sub
1071 869 1268 915 volnere
1292 869 1442 915 malae.

128 948 230 992 Stat
250 946 406 1008 gravis
427 946 660 1003 Entellus,
690 946 893 1008 nisuque
918 945 1127 992 inmotus
1154 944 1346 1004 eodem,

129 1023 343 1084 Corpore
368 1021 459 1068 tela
482 1021 626 1068 modo
653 1032 796 1084 atque
822 1021 970 1069 oculis
997 1021 1306 1084 vigilantibus
1331 1022 1441 1068 exit.

128 1217 167 1246 et
193 1207 417 1252 Theocriti,
448 1222 564 1260 supra
600 1208 649 1245 ad
687 1223 725 1245 v,
765 1210 844 1246 362

129 1265 357 1304 memorata.
371 1267 485 1304 Adde
503 1268 587 1305 val.
603 1267 660 1305 Fl.
677 1268 750 1313 VI,
767 1269 818 1305 26
830 1282 843 1304 1

127 1338 211 1375 sqq.
243 1333 282 1361 et
305 1325 444 1363 Silium
469 1328 592 1372 XVI,
629 1325 710 1375 295
737 1340 846 1376 sqq.‚

126 1383 194 1420 sed
217 1395 444 1433 comparare
469 1383 582 1428 talia,
610 1385 701 1420 satis
726 1397 846 1434 expe-

126 1440 206 1478 dita
234 1454 294 1478 res
322 1449 391 1478 est.
424 1444 507 1480 Nos
535 1441 750 1493 Virgilian-”2
771 1442 845 1478 sal-

125 1507 204 1537 tem
236 1499 538 1537 illustrabimus.
564 1500 760 1536 Adrectus
803 1499 844 1537 in

124 1557 294 1609 digitos,
319 1556 382 1594 ἐπ’
406 1555 676 1611 ἀκροτάτοισιν
699 1555 845 1611 ἀερθεὶς

125 1610 367 1663 -πόὸεσσι,
385 1617 577 1667 Apollon.
599 1619 652 1663 ΙΙ,
674 1630 728 1667 90
742 1646 752 1663 ‚
775 1631 843 1667 91.

123 1675 299 1720 ——428.
335 1675 559 1712 Adduxere
594 1684 672 1712 tres
707 1677 844 1714 Heius.

124 1734 363 1771 Reddaeaz‘ere
379 1735 579 1772 Victoriu.
601 1736 690 1772 Art.
713 1735 847 1771 Gram-

123 1801 217 1830 mat.
252 1791 323 1830 lib.
363 1793 383 1829 I
423 1792 531 1843 apud
565 1794 724 1839 Heius„
763 1806 846 1830 nou

123 1849 223 1887 male
237 1863 248 1895 3
265 1849 336 1888 sed
352 1850 569 1888 Abduxere
585 1860 689 1887 retro
708 1850 847 1888 eodem

125 1905 239 1945 redit.
279 1909 421 1959 Longo
459 1909 629 1946 Dorvill.
658 1931 718 1937 —-
746 1917 843 1959 429.

126 1967 309 2017 Pugnam
340 1965 542 2002 lacessunt
572 1980 646 2016 pro
673 1968 815 2003 ineunt
833 1996 843 2012 ‚

125 2024 346 2074 exquisite,
372 2025 533 2074 proprie
555 2023 748 2061 lacessere
770 2024 846 2061 ali-

124 2094 243 2132 quem
257 2095 417 2132 pugna,
450 2081 509 2117 ad
516 2095 698 2132 pugnam
712 2111 724 2127 ,
748 2082 787 2119 h.
815 2083 842 2121 l.

125 2139 399 2190 praeludendo.
416 2139 646 2176 Immiscent
663 2139 846 2177 manibus

127 2210 295 2244 manus,
317 2207 533 2236 conserunt
558 2211 699 2235 manus
719 2198 846 2250 (male

125 2259 233 2294 Serv.
256 2255 285 2307 ).
320 2256 472 2294 Pedum
520 2256 662 2293 melior
704 2267 844 2296 mom:

123 2323 219 2352 sunt
237 2316 344 2352 enim
368 2313 477 2351 haud
497 2315 619 2352 dubie
644 2316 759 2352 etiam
780 2329 847 2366 pe·

125 2371 222 2410 dum
247 2381 378 2423 partes
396 2374 440 2410 in
468 2373 671 2425 pugilatu,
696 2376 845 2411 evitan-

124 2430 184 2468 dis
204 2431 365 2470 ictibus.
385 2430 465 2469 vid.
490 2435 585 2471 Stat.
612 2432 738 2470 Theb.
762 2434 843 2478 VI,

129 2497 211 2539 794
245 2502 304 2540 sq.
332 2511 391 2519 —-
421 2491 517 2535 432.
559 2491 703 2527 Genua
740 2490 844 2527 binis

124 2547 288 2599 syllabis
303 2551 609 2599 pronuntiatum
626 2562 706 2586 esse
719 2577 728 2594 ‚
751 2557 846 2586 nota

124 2618 188 2643 res
210 2614 279 2644 est.
312 2608 422 2643 Acer
442 2606 641 2644 anhelitus
668 2607 844 2645 Probum

126 2663 223 2701 olim
242 2677 335 2701 cum
357 2665 442 2703 aliis
465 2664 531 2702 hic
556 2665 738 2703 maluisse
752 2695 762 2712 ‚
794 2679 845 2703 ex

124 2721 287 2760 Scholio
306 2725 432 2761 Servii
449 2726 491 2762 P.
516 2724 692 2761 Danielis
709 2731 845 2761 monet

127 2779 324 2821 Heinsius.
362 2784 567 2833 Quantum
601 2790 733 2820 tamen
760 2783 844 2834 ipse

918 1208 1054 1255 video,
1078 1222 1160 1246 non
1181 1208 1222 1247 h.
1244 1209 1270 1246 l.
1287 1238 1297 1255 ‚
1322 1208 1391 1246 sed
1408 1209 1483 1246 sub
1506 1210 1530 1248 s.
1545 1210 1640 1248 libri

917 1269 1038 1313 noni,
1068 1269 1122 1304 ita
1154 1268 1213 1304 illi
1242 1267 1370 1318 legere
1397 1268 1636 1307 maluerunt.

918 1327 1048 1377 AEger
1064 1324 1265 1363 anhelitus
1279 1354 1288 1372 ,
1307 1327 1379 1376 qui
1399 1339 1500 1378 aegre
1517 1327 1640 1364 trahi-

917 1392 997 1422 tur.

975 1444 1079 1487 433.
1119 1442 1296 1479 Vulnera
1343 1455 1417 1492 pro
1460 1442 1636 1493 vulgari,

914 1499 1012 1537 ictus
1035 1515 1047 1537 :
1073 1500 1146 1538 hos
1166 1514 1270 1538 vers,
1298 1501 1452 1545 434-
1467 1502 1548 1545 436
1568 1516 1639 1552 per

913 1567 1043 1609 partes
1064 1567 1281 1596 enumerat.
1301 1559 1351 1596 cf.
1371 1559 1564 1610 Apollon.
1584 1562 1637 1606 ΙΙ,

916 1619 968 1654 82
1012 1632 1070 1668 sq.
1114 1620 1245 1655 Aures
1269 1618 1455 1669 pugilum
1472 1646 1482 1664 ‚
1506 1618 1639 1657 fractae

914 1690 957 1714 ac
977 1675 1141 1714 tumidae
1154 1690 1205 1714 ex
1220 1675 1299 1713 hoc
1315 1678 1403 1727 ipso
1418 1704 1428 1723 ,
1447 1676 1557 1727 quod
1573 1691 1641 1715 au-

915 1749 977 1773 res
1012 1744 1207 1786 petuntur
1251 1735 1398 1772 ictibus
1429 1736 1612 1787 pugilum
1628 1767 1637 1782 ‚

915 1803 1021 1831 notae
1030 1807 1140 1831 nunc
1149 1802 1243 1831 sunt
1255 1807 1307 1830 ex
1315 1793 1640 1832 Winckelmanni

915 1853 1193 1890 observatione
1215 1865 1336 1902 super
1357 1850 1566 1907 κατεαγὼς
1591 1850 1640 1890 τὰ

917 1905 1176 1955 ditm—434.
1190 1913 1360 1947 Pectora
1370 1910 1467 1947 alter
1477 1911 1638 1954 Hamb„

916 1982 1000 2005 non
1020 1968 1144 2006 male:
1158 1976 1324 2018 pectore
1349 1977 1470 2005 vasto
1501 1968 1564 2006 ed.
1595 1972 1637 2007 P.

912 2026 1102 2063 Danielis.

975 2085 1053 2131 437
1072 2111 1083 2129 ,
1126 2084 1222 2128 438.
1272 2082 1412 2120 Gravis
1451 2093 1563 2122 aetate
1600 2095 1638 2122 et

913 2142 1017 2179 mole
1036 2143 1229 2192 corporis.
1250 2141 1300 2181 cf.
1320 2140 1393 2179 inf.
1418 2149 1514 2190 447.
1536 2143 1635 2181 Nam

914 2200 1011 2237 alter
1031 2208 1170 2237 contra
1190 2200 1331 2251 agilior
1354 2213 1538 2251 corpore.
1567 2203 1637 2238 Te-

914 2259 955 2295 la
974 2258 1072 2303 exit,
1094 2271 1168 2309 pro
1183 2259 1362 2310 vulgari,
1386 2259 1490 2296 ictus
1511 2270 1634 2305 cavet,

913 2316 1087 2354 declinat
1100 2344 1110 2362 ,
1126 2317 1248 2354 evitat
1261 2345 1271 2362 ‚
1294 2316 1433 2355 eludit.
1447 2317 1636 2355 Vocabu-

912 2375 1056 2412 lumin
1076 2388 1117 2412 re
1144 2374 1375 2425 gladiatoria
1398 2377 1606 2427 proprium
1622 2406 1632 2422 ‚

913 2441 958 2470 ut
980 2433 1095 2471 multi
1116 2446 1323 2471 monuere.
1345 2433 1426 2471 vid.
1450 2434 1575 2472 Cerda
1596 2443 1634 2471 et

909 2492 1047 2529 Burm.
1085 2492 1135 2529 cf.
1171 2491 1242 2529 inf.
1281 2494 1339 2530 XI
1355 2519 1365 2537 ‚
1406 2493 1487 2540 750
1507 2521 1518 2538 ‚
1547 2492 1633 2530 vim

909 2548 1060 2586 viribus
1083 2548 1182 2587 exit.
1203 2551 1299 2588 Stat.
1321 2552 1380 2586 VI
1397 2550 1526 2589 Theb.
1548 2551 1629 2588 802

911 2608 1018 2645 Ecce
1047 2607 1188 2644 iterum
1223 2607 1437 2646 immodice
1463 2609 1633 2646 ‘venien-

911 2674 990 2703 tem
1007 2666 1156 2712 eludit,
1180 2675 1222 2704 et
1240 2666 1329 2704 exit
1343 2669 1492 2717 Sponte
1512 2680 1629 2704 ruens

911 2738 1137 2775 mersusque
1173 2723 1346 2764 humeris
1358 2740 1375 2773 ;
1408 2724 1632 2778 effimditur

910 2781 980 2822 ille
996 2784 1045 2821 In
1061 2790 1195 2834 caput.
