1767 3054
173 156 254 203 394
746 151 1018 189 ExCL'RSL‘s
1049 153 1088 187 11

172 238 318 264 nomen
352 225 607 274 pertinuisse,
642 222 749 272 quod
780 223 854 259 late
890 237 960 273 per
990 232 1111 260 totam
1143 222 1293 260 Italiam
1327 223 1434 260 sedes
1466 236 1550 262 non
1579 238 1662 263 uno

173 294 333 331 nomine
351 291 507 337 habuit,
527 300 571 328 ut
591 300 720 327 tamen
741 291 978 341 Aborigines
999 290 1046 327 ad
1064 292 1251 337 Circeios,
1270 301 1339 329 aut
1356 292 1457 328 forte
1474 290 1523 328 ad
1538 291 1660 329 Lirim

172 374 296 412 usque
324 359 566 405 habitarent3
597 357 917 408 quandoquidem
950 359 1132 394 Latinum
1157 372 1324 406 nomen,
1354 359 1462 410 quod
1484 361 1527 396 10
1554 359 1662 396 illius

172 429 306 466 locum
330 427 535 471 successit,
554 438 600 462 eo
620 438 744 474 usque
766 425 979 474 pertinuit3
996 424 1091 461 hinc
1114 439 1208 463 vero
1231 428 1300 477 qui
1318 441 1387 477 per
1411 427 1663 477 Campaniam

173 504 211 533 et
227 495 418 545 reliquam
436 493 587 529 Italiam
603 492 832 529 inferiorem
854 491 1105 538 habitarunt,
1125 495 1267 542 passim
1287 496 1498 532 Ausonum
1517 507 1664 532 nomen

171 569 400 605 servarunt,
428 558 533 595 unde
554 558 661 608 apud
690 561 870 605 Festum,
899 560 943 594 in
974 558 1178 604 Ausonia,
1202 572 1246 596 ea
1268 573 1357 610 pars
1381 561 1501 598 Italiae
1522 562 1566 598 in
1588 574 1664 611 qua

118 660 120 662 .
173 637 265 664 sunt
296 628 405 665 Cales
433 635 471 663 et
502 628 798 672 Beneventum,
829 627 955 676 prima
985 628 1191 663 Ausonum
1213 626 1322 664 sedes
1343 627 1462 665 fuisse
1482 627 1662 666 traditur.

172 694 237 732 Ad
261 695 381 731 Lirim
410 693 507 730 urbs
535 695 697 731 Ausona
718 693 847 730 adhuc
868 693 944 730 sub
964 695 1151 731 Romanis
1181 693 1276 741 fuit;
1307 707 1398 731 nam
1418 695 1469 732 U.
1492 695 1536 733 C.
1558 702 1663 742 440,

174 773 214 796 03
236 773 327 797 cum
345 761 562 798 Minturnis
582 768 620 796 et
637 761 776 796 Vescia
798 759 847 796 ab
865 761 913 796 iis
932 768 1063 809 capta,
1089 760 1298 810 deletaque
1317 762 1521 797 Ausonum
1540 773 1659 810 gens,

172 828 255 866 Liv.
281 830 340 865 IX
353 856 362 874 ‚
384 829 449 865 25.
472 830 533 865 Ex
554 827 692 864 eodem
717 840 857 878 genere
874 827 1055 864 homines
1076 827 1194 864 fuisse
1212 839 1369 864 necesse
1396 835 1475 874 est,
1496 827 1567 878 qui
1581 826 1665 864 loca

172 898 277 932 intra
306 897 554 932 Lametinum
587 904 625 931 et
656 895 879 946 Scylaeium
911 896 1043 931 sinum
1075 904 1256 941 tenuere,
1285 903 1493 945 antequam
1518 894 1666 947 Pelasgi

173 964 358 1001 OEnotrii
387 976 429 1000 ea
450 964 695 1014 occuparint.
719 965 812 1000 Pars
834 975 974 999 eorum
994 962 1065 998 alia
1087 962 1316 1012 Opicorum,
1349 961 1415 999 vel
1444 963 1630 1000 Oscorum
1645 991 1657 1007 ,

172 1043 223 1066 ex
240 1031 378 1080 Opscis
393 1058 403 1077 ,
422 1044 570 1068 nomen
587 1030 749 1076 habuit,
767 1043 940 1080 quorum
955 1039 1149 1080 superstes
1165 1029 1213 1066 ad
1230 1031 1377 1068 seriora
1396 1038 1572 1081 tempora
1589 1030 1665 1067 fuit

173 1111 361 1135 numerus
379 1112 450 1149 per
472 1098 559 1135 loca
577 1098 799 1148 Campaniae
814 1099 998 1148 proxima
1016 1097 1178 1143 Atellis,
1197 1096 1302 1135 unde
1323 1105 1361 1134 et
1381 1097 1529 1148 linguae
1553 1098 1664 1134 Oscoe

172 1179 319 1203 nomen
335 1167 497 1214 mansit,
516 1180 635 1216 quam
651 1165 940 1216 Aboriginibus
957 1173 995 1202 et
1014 1165 1246 1202 Ausonibus
1262 1177 1516 1203 communem
1529 1164 1661 1211 fuisse,

172 1232 346 1283 adeoque
365 1234 511 1270 Latinae
527 1242 658 1270 ortum
675 1232 826 1269 dedisse
843 1245 998 1269 necesse
1016 1241 1086 1273 est.
1104 1235 1196 1270 Pars
1211 1233 1424 1270 Ausonum
1436 1233 1480 1269 in
1496 1231 1664 1268 Sabinos

173 1299 289 1346 abiit,
314 1314 402 1351 pars
430 1302 474 1337 in
504 1303 734 1346 Auruncos,
770 1300 883 1337 cultu
901 1300 967 1337 1113
987 1300 1210 1347 horridior;
1234 1300 1332 1337 facta
1351 1301 1503 1337 scilicet
1523 1312 1663 1351 magna

172 1368 263 1404 vitae
286 1377 324 1404 et
346 1381 503 1406 morum
524 1369 740 1406 mutatione
755 1395 766 1414 ,
786 1368 851 1405 alii
869 1377 1041 1405 veterem
1065 1369 1310 1417 asperitatem
1336 1369 1533 1405 retinuere
1546 1396 1557 1414 ‚
1580 1367 1663 1404 aliis

173 1432 398 1470 Graecarum
421 1437 665 1472 coloniarum
685 1443 786 1470 artes
807 1443 846 1470 et
861 1435 1038 1471 instituta
1061 1434 1382 1472 adsciscentibus.
1401 1433 1665 1472 Consentiunt

172 1512 264 1536 cum
286 1500 347 1536 his
369 1501 458 1537 loca
486 1503 651 1539 Aristot.
679 1501 727 1538 de
754 1504 852 1551 Rep.
881 1504 981 1548 VII,
1008 1516 1056 1540 10
1085 1503 1204 1556 ᾠκῡυν
1230 1498 1274 1540 δὲ
1306 1500 1348 1540 τὸ
1374 1499 1440 1554 μὲν
1468 1498 1564 1554 πρὸς
1591 1498 1657 1541 τὴν

171 1563 378 1618 Τυῤῥηνίοιν
400 1556 564 1611 brunei,
585 1563 652 1603 καὶ
679 1563 888 1618 πρότερον,
914 1563 981 1603 καὶ
1009 1570 1070 1604 νῦν
1093 1567 1322 1620 καλούμενοι
1342 1567 1408 1608 τὴν
1439 1564 1657 1618 ἐπωνυμίαν

171 1631 354 1678 Azita-2233
374 1641 412 1669 et
429 1633 596 1682 Dionys.
622 1634 662 1680 Ι,
686 1647 736 1680 72
755 1646 804 1669 ex
825 1634 1057 1679 Aristotele,
1075 1625 1226 1679 ὐπικῆ,
1244 1633 1286 1670 ἰη
1309 1647 1389 1683 qua
1408 1633 1580 1670 Latium.
1597 1633 1658 1669 Ex

171 1696 354 1748 Thucyd.
375 1701 433 1735 VI
447 1727 456 1744 ,
483 1712 518 1745 1,
538 1712 628 1736 cum
644 1701 816 1750 Dionys.
839 1701 876 1744 Ι,
901 1712 951 1735 22
977 1699 1147 1744 Siculos,
1172 1699 1264 1736 dnm
1288 1698 1652 1750 Opicosficgerenc,

172 1761 214 1798 in
241 1762 417 1801 Siciliam
442 1764 642 1815 trajecisse
669 1779 681 1801 .·
713 1767 783 1802 etsi
812 1764 1064 1816 Thucydides
1090 1766 1240 1803 siculos
1265 1767 1308 1802 in
1330 1765 1517 1801 inferiore
1546 1763 1656 1800 Italia

170 1831 394 1878 quaesivisse
417 1830 597 1878 videtur,
618 1833 709 1882 quia
728 1831 840 1868 Italia
865 1831 915 1868 ab
937 1832 1084 1868 Graecis
1108 1831 1396 1881 antiquioribus
1417 1831 1466 1868 de
1484 1839 1657 1868 extrema

168 1904 279 1945 parte
305 1896 384 1934 dici
406 1898 582 1936 sollenne
613 1909 706 1937 erat.
738 1901 913 1938 Omnino
942 1908 1074 1936 autem
1102 1901 1248 1936 mirum
1273 1912 1358 1936 non
1380 1908 1456 1945 est,
1480 1899 1524 1935 in
1551 1907 1656 1936 tanta

169 1961 413 2011 populorum
437 1963 670 2014 cognatione
689 1965 849 2001 nomina
866 1977 1135 2014 saepenumero
1157 1965 1380 2014 promiscue
1403 1965 1513 2013 poni.

228 2027 295 2065 Ab
312 2028 385 2065 hac
406 2033 610 2068 communi
637 2034 841 2069 Ausonum
859 2030 975 2081 stirpe
1007 2040 1140 2068 ortum
1161 2030 1312 2068 duxere
1339 2038 1400 2067 tot
1427 2029 1657 2067 nominibus

171 2093 312 2130 diversi
336 2095 468 2132 Italiae
487 2096 660 2146 populi:
679 2099 868 2146 permixti
895 2096 1054 2148 quidem
1085 2098 1145 2135 illi
1176 2099 1319 2148 passim
1345 2109 1437 2133 cum
1465 2097 1654 2148 Pelasgis,

171 2161 267 2198 alibi
283 2174 377 2198 cum
401 2163 625 2200 Siculorum
648 2171 687 2200 et
706 2164 951 2201 Umbrorum
969 2164 1146 2214 reliquiis
1159 2192 1170 2211 ,
1188 2164 1291 2201 forte
1308 2165 1424 2201 etiam
1443 2177 1533 2201 cum
1551 2163 1633 2202 aliis
1645 2191 1656 2209 ‚

172 2230 242 2279 qui
273 2242 294 2265 a
319 2229 465 2277 Gallis,
497 2230 731 2280 LiguribuS‚
755 2230 942 2268 Liburnis
961 2231 1125 2281 aliisque
1151 2231 1303 2282 Illyrici
1321 2233 1473 2283 generis
1498 2230 1656 2282 populis

171 2297 250 2331 orti
266 2304 376 2332 erant
391 2311 401 2343 3
419 2298 646 2333 Ausonium
669 2305 800 2333 tamen
822 2310 969 2334 nomen
987 2297 1137 2347 ubique
1157 2297 1234 2334 fuit
1250 2301 1454 2348 superius,
1474 2307 1514 2336 et
1529 2299 1655 2335 Auso·

170 2362 246 2396 niae
269 2363 432 2412 originis
452 2364 612 2412 vestigia
634 2375 811 2399 mansere
828 2363 977 2412 ubique
1000 2376 1082 2400 non
1109 2362 1287 2402 obscura.
1311 2364 1453 2407 Sabini
1469 2363 1651 2413 quidem,

171 2427 241 2478 qui
257 2439 299 2462 ea
315 2427 401 2464 loca
418 2427 691 2466 inhabitabant
719 2430 762 2465 in
780 2429 925 2480 quibus
942 2431 1124 2468 Ausones
1150 2443 1221 2469 5011
1238 2430 1476 2481 Aborigines
1494 2427 1653 2466 Umbris

173 2493 347 2541 expulsis
375 2504 641 2532 successerant
660 2494 856 2546 (Dionys.
874 2499 893 2534 I
906 2527 916 2544 ‚
950 2504 1025 2543 143
1047 2498 1086 2533 II
1099 2523 1109 2543 ,
1134 2496 1186 2540 48
1201 2525 1211 2543 ‚
1235 2504 1287 2546 49
1300 2495 1338 2546 ),
1368 2508 1443 2545 pro
1472 2495 1652 2530 vetustis-

172 2560 279 2596 simis
301 2560 382 2606 ejus
404 2562 534 2611 stirpis
552 2562 715 2599 fuerunt
731 2563 857 2599 habiti
874 2574 883 2600 :
905 2563 953 2600 ad
980 2576 1045 2602 eos
1065 2564 1257 2614 originem
1273 2560 1493 2598 referebant
1512 2559 1652 2598 Picen-

172 2636 252 2671 tes,
275 2625 452 2677 Peligni,
477 2629 719 2674 Marrucini,
745 2630 920 2676 Vestini,
944 2631 1091 2676 Marsi,
1116 2630 1261 2680 AEqui‚
1284 2627 1467 2673 Hernici,
1493 2629 1652 2667 Samni-

174 2704 244 2732 tes.
257 2696 294 2731 A
310 2694 549 2732 Samnitibus
567 2697 770 2742 Frentani,
789 2696 967 2747 Hirpini,
995 2697 1170 2741 Lucani,
1198 2704 1236 2732 et
1254 2695 1304 2732 ab
1321 2695 1382 2732 his
1401 2696 1547 2733 Bruttii
1558 2710 1652 2747 pro-

174 2768 385 2808 venerant3
407 2772 427 2797 a
445 2762 684 2801 Samnitibus
710 2765 825 2802 etiam
848 2763 1067 2816 Campani,
1092 2764 1162 2814 qui
1180 2762 1329 2813 priscos
1345 2761 1527 2802 locorum
1541 2764 1653 2818 inco-⁴
