1767 3054
165 119 461 134 §S‘Swssnssm
467 119 687 133 mmm&
693 119 1663 136 mummssmstmmmnswsmmmm

530 330 1214 416 EXCURSUS
1275 332 1315 415 I

619 561 723 614 AD
767 560 1061 615 LIBRUM
1092 561 1222 615 VII.

174 811 265 864 De
296 807 550 866 locorum
567 852 586 878 ,
620 814 676 865 in
700 830 833 888 quoe
861 813 914 865 T
907 811 1100 886 rojam'
1130 810 1634 882 esoensumfeoere
1649 855 1667 879 ‚

252 902 365 953 situ
387 922 409 968 ,·
461 899 724 977 adeoque
764 899 838 954 de
877 920 1022 978 agro
1065 903 1352 956 Laurente
1395 912 1452 955 et
1495 900 1670 974 Troja

253 1007 401 1043 nova
414 1032 431 1057 ,
457 986 692 1043 urbibus
726 991 1009 1044 Laurento
1035 1002 1091 1045 ec
1117 993 1378 1059 Ζανίηἰο,
1401 991 1670 1045 Numioz'o

237 1076 429 1151 fluvio
447 1121 464 1146 ,
489 1082 756 1134 saturnos
792 1076 922 1133 lacu
937 1122 955 1148 ‚
988 1091 1046 1134 et
1066 1077 1206 1134 urbe
1229 1077 1385 1134 Alba
1408 1080 1628 1154 Longa.

229 1259 350 1298 Nunc
368 1259 418 1297 de
438 1260 613 1297 locorum
627 1288 639 1305 ,
666 1259 716 1297 ad
731 1273 819 1310 quae
835 1273 904 1297 sex
920 1261 1186 1311 posteriorum
1205 1259 1380 1298 AEneidis
1399 1259 1598 1297 librorum
1614 1271 1675 1296 res

178 1325 378 1377 dispositae
405 1336 517 1375 sunt,
541 1327 617 1365 sicu
648 1329 785 1378 paneis
808 1327 1031 1365 videbimus
1047 1357 1058 1375 ‚
1078 1336 1273 1379 quantum
1292 1325 1453 1378 quidem
1476 1325 1526 1363 ad
1544 1325 1674 1362 consi-

171 1394 277 1431 lium
298 1404 479 1432 nostrum
508 1397 690 1433 conferre
717 1395 843 1433 videri
864 1404 1006 1447 potest.
1030 1398 1131 1434 Nam
1151 1396 1228 1433 alio
1251 1405 1291 1433 et
1309 1408 1384 1433 suo
1405 1407 1515 1432 more
1533 1401 1675 1432 tracta-

173 1471 267 1500 runt
284 1461 369 1499 haec
392 1463 603 1500 Cluverius
624 1465 709 1501 Ital.
735 1473 815 1501 ant.
841 1473 880 1501 et
895 1465 1069 1515 Vulpius
1091 1466 1203 1502 Latio
1226 1472 1308 1502 ant.

231 1529 460 1568 Escendisse
490 1532 682 1577 Trojanos
707 1531 755 1567 ad
783 1531 873 1567 litus
905 1531 1053 1568 Tiberis
1077 1532 1273 1570 orientale
1293 1532 1408 1570 locus
1427 1532 1532 1577 VII,
1554 1543 1675 1580 29-

177 1597 228 1634 36
249 1596 398 1633 diserte
421 1596 551 1633 docet.
571 1595 697 1647 (Nam
729 1610 779 1633 ex
802 1597 871 1634 illo
890 1610 1008 1634 versu
1027 1599 1109 1634 VII
1123 1626 1133 1644 ,
1160 1605 1240 1641 241
1257 1627 1268 1645 ‚
1291 1605 1372 1641 242
1399 1596 1593 1648 jussisque
1618 1595 1675 1633 in-

170 1663 353 1716 gentibus
376 1673 489 1714 urget
508 1664 657 1713 Apollo
680 1663 925 1713 Tyrrhenum
944 1664 1002 1701 ad
1021 1663 1204 1713 Thybrim
1223 1664 1403 1716 ecfbncis
1425 1665 1541 1702 vada
1558 1677 1675 1701 sacra

176 1728 351 1777 Numici}
367 1744 507 1781 parum
520 1730 636 1768 docte
648 1732 856 1782 appulsum
870 1733 1136 1780 Trojanorum
1149 1731 1196 1769 ad
1204 1734 1380 1772 Numicii
1393 1732 1434 1771 fl.
1447 1733 1545 1770 ostia
1558 1741 1679 1770 trans-

177 1800 303 1837 tulere
325 1799 535 1845 nonnulli,
554 1800 597 1836 in
624 1812 798 1848 quornm
826 1799 997 1850 aliquem
1014 1799 1199 1837 incidisse
1220 1799 1378 1837 videtur
1394 1802 1564 1838 Zonaras
1577 1828 1588 1847 ,
1603 1801 1675 1850 qui

176 1865 282 1903 idem
302 1866 382 1903 fere
399 1865 530 1903 tradit.
550 1864 626 1904 Sed
642 1866 870 1903 Numicium
890 1867 1023 1916 posuit
1038 1867 1153 1904 Maro
1173 1867 1327 1917 poetica
1343 1867 1494 1903 ratione
1512 1867 1677 1903 omnino

180 1931 228 1969 ad
250 1934 454 1984 regionem
471 1931 794 1983 designandam.)
824 1933 980 1969 Faciem
1002 1932 1166 1970 litoralis
1186 1933 1309 1984 plagae
1334 1931 1571 1970 et>Tiberini
1589 1931 1679 1969 ostii
1722 1950 1728 1956 ·

178 2000 364 2037 describit
385 2008 500 2050 poeta
530 1999 744 2036 admodum
773 1998 974 2036 diversum
998 1999 1049 2036 ab
1067 2012 1110 2036 ea
1123 2028 1134 2046 ,
1154 2013 1243 2050 quae
1260 2008 1398 2038 nostro
1418 2012 1504 2037 aevo
1524 2000 1680 2050 conspi-

183 2069 298 2105 citur.
318 2068 436 2105 Nunc
456 2080 573 2104 arena
603 2067 724 2103 multa
747 2067 923 2113 obtinet,
945 2075 1014 2104 aut
1038 2079 1128 2117 ager
1151 2068 1332 2118 apricus3
1351 2066 1472 2118 idque
1487 2068 1564 2115 jam
1589 2069 1675 2105 Ru·

182 2133 255 2170 tilii
283 2142 460 2184 tempore
489 2134 544 2170 ita
570 2146 609 2170 se
639 2132 799 2179 habuit,
829 2134 921 2171 Itin.
943 2134 987 2180 Ι,
1013 2133 1087 2170 181
1113 2145 1122 2171 :
1147 2136 1282 2172 Loevus
1312 2131 1676 2186 inaccessisflzwius

180 2200 335 2237 vitatur
351 2199 503 2245 arenis,
529 2198 702 2249 Hospitis
724 2201 869 2237 AEneoe
884 2198 1019 2250 gloria
1036 2199 1124 2236 sola
1143 2209 1291 2237 manet.
1312 2201 1369 2237 At
1381 2202 1523 2238 AEneas
1540 2199 1675 2250 ingen-

184 2275 263 2302 tem
280 2279 333 2303 εκ
352 2280 510 2317 aequore
523 2267 653 2303 lucum
672 2266 867 2316 Prospicit
878 2280 893 2311 ,·
913 2265 1018 2303 hunc
1036 2265 1268 2320 incerfluvio
1291 2266 1497 2304 Tiberinus
1513 2278 1674 2303 amoeno

184 2333 401 2370 Vorticibus
425 2334 575 2384 rapidis
605 2342 644 2371 ec
672 2334 797 2370 multa
816 2334 956 2387 flavus
978 2346 1105 2370 arena
1133 2335 1183 2370 In
1213 2347 1325 2371 mare
1349 2332 1573 2385 prorumpit
1595 2341 1669 2370 etc.

181 2401 281 2448 Quae
308 2407 436 2436 tamen
465 2414 630 2438 nemora
653 2414 736 2437 non
754 2400 827 2437 soli
847 2409 974 2450 poetae
996 2400 1157 2451 ingenio
1179 2399 1316 2438 deberi
1341 2399 1582 2437 credendum
1601 2407 1671 2436 est.

181 2466 279 2502 Nam
292 2465 462 2513 primum
479 2467 715 2503 incuitarum
729 2475 920 2503 terrarum
930 2494 940 2512 ,
962 2474 1174 2516 antequam
1187 2466 1425 2503 habitatores
1439 2473 1564 2501 nactae
1579 2465 1670 2511 sint,

181 2530 414 2581 plerumque
449 2533 481 2568 is
506 2532 665 2569 habitus
695 2542 776 2580 est,
805 2542 850 2570 ut
877 2533 1031 2570 silvosae
1064 2543 1103 2571 et
1136 2532 1336 2584 paludosae
1362 2531 1464 2577 sint3
1488 2538 1573 2567 tum
1595 2530 1666 2568 alia

181 2599 323 2649 passim
351 2607 529 2635 veterum
552 2609 757 2649 poetarum
783 2601 891 2648 loca,
912 2601 983 2638 ubi
1006 2600 1054 2638 de
1080 2603 1216 2638 Romae
1241 2597 1461 2649 originibus
1484 2597 1664 2645 tradunt,

183 2675 390 2716 utramque
419 2666 571 2703 Tiberis
600 2668 723 2717 ripam
754 2667 961 2705 arboribus
985 2667 1143 2705 densam
1166 2664 1368 2703 exhibent.
1389 2664 1564 2703 Tandem
1588 2679 1667 2703 me-

183 2734 281 2771 liore
313 2733 427 2772 etiam
460 2733 580 2770 Italiae
611 2735 740 2782 cultu,
765 2737 1035 2773 Romanorum
1058 2742 1255 2785 tempore,
1276 2732 1371 2770 litus
1391 2732 1469 2771 hoc
1489 2734 1667 2772 Ostiense
