1767 3054
668 124 818 161 mmm
852 123 902 159 v,
1483 130 1530 175 73

42 200 209 242 lactus
236 197 415 244 honos:
437 194 608 258 placidi
632 205 903 241 straverunt
927 207 1119 256 aequora
1142 198 1294 251 venti,

41 270 220 318 Creber
243 282 289 319 et
312 269 555 332 adspirans
579 285 744 316 rursus
767 280 906 315 vocat
929 273 1103 316 Auster
1128 268 1173 314 in
1199 270 1357 315 altum.

43 347 269 392 Exoritur
291 359 528 408 procurva
552 346 716 407 ingens
742 360 827 407 per
850 344 988 390 litora
1012 344 1170 402 fletus;
1477 359 1532 396 7⁰³

41 419 269 483 Conplexi
292 418 415 465 inter
439 435 488 465 se
512 431 795 481 noctemque
819 418 1038 481 diemque
1067 429 1326 464 morantur.

41 500 161 557 lpsae
177 496 275 557 jam
300 505 496 552 matres,
517 495 631 556 ipsi,
652 494 826 556 quibus
851 511 1017 557 aspera
1041 494 1279 556 quondam

39 573 149 617 Visa
172 571 314 617 maris
339 571 504 626 facies,
530 581 576 615 et
600 585 693 615 non
720 570 964 616 tolerabile
990 585 1180 627 nomen,

40 651 116 693 Ire
140 646 329 703 volunt,
356 661 640 707 omnemque
664 646 786 708 fugae
803 645 1017 708 perferre
1043 645 1268 691 laborem.

40 727 170 779 Quos
192 720 347 768 bonus
373 724 542 767 AEneas
569 720 705 767 dictis
726 721 904 767 solatur
924 720 1106 777 amicis,
1475 746 1533 775 770

38 801 96 844 Et
120 797 468 858 consanguineo
494 797 740 843 lacrimans
766 795 1062 843 commendat
1086 799 1281 843 Acestae.

38 946 148 982 ‹Iiale
174 958 327 983 sacrum
361 945 512 996 duplici
533 945 652 983 modo
675 945 752 983 dic-

40 1013 125 1040 tum
147 1017 228 1041 esse
247 1002 428 1049 xidetur‚
460 1004 571 1040 aliter
595 1005 638 1040 iu
661 1017 753 1054 pro-

39 1061 154 1112 «ligiis
172 1061 435 1111 procurandis
448 1090 459 1108 ‚
479 1062 589 1112 quod
608 1061 755 1098 factum

39 1132 111 1169 per
131 1131 274 1156 novem
300 1118 381 1156 dies
394 1148 404 1164 ‚
429 1120 541 1156 aliter
558 1121 598 1155 in
618 1119 757 1156 funere

43 1189 152 1213 nono
186 1175 261 1213 die.
302 1178 486 1214 Ceterum
527 1177 755 1214 inst-riarum

41 1237 160 1270 litum
186 1234 236 1271 ab
261 1237 393 1272 AEueae
421 1235 612 1285 parentali
645 1247 755 1272 sacro

41 1293 283 1342 tepetierunt
319 1292 439 1343 vulgo
476 1293 643 1330 Romani
658 1320 667 1338 ,
709 1301 754 1329 ut

42 1349 234 1400 intelligas
258 1362 308 1386 ex
323 1349 443 1387 ovid.
463 1352 564 1388 Fast.
586 1352 650 1395 ΙΙ,
672 1351 750 1395 543

41 1420 119 1457 seq.
145 1428 203 1435 —
223 1405 366 1444 Creber
397 1407 582 1458 aspirans
608 1415 751 1446 auster.

41 1464 199 1502 Scilicet
228 1464 363 1501 creber
381 1466 580 1516 primitiva
601 1467 664 1512 vi,
694 1467 753 1502 in-

39 1535 230 1560 crescens.
253 1522 507 1560 Crebrescunt
521 1531 668 1573 optatoe
687 1537 754 1560 au-

41 1594 95 1617 rae
118 1593 207 1631 sup.
227 1582 288 1617 111
303 1609 314 1626 ,
353 1581 447 1618 530.
469 1579 535 1618 Ad
554 1589 682 1617 totum
699 1581 754 1617 lo-

41 1651 133 1674 cum
157 1637 310 1675 confert
327 1637 460 1675 Valer.
480 1638 663 1675 Flaccum
680 1637 750 1675 lib.

39 1698 82 1740 1,
123 1695 202 1732 312
234 1708 319 1745 sqq.
350 1697 607 1746 Pomponius.
637 1694 752 1732 Adde

38 1754 173 1792 locum
199 1753 294 1790 hinc
317 1766 549 1804 expressum
571 1753 684 1791 Statii
709 1754 752 1789 in

37 1810 208 1847 discessu
223 1810 470 1848 Achivorum
488 1811 516 1849 l.
538 1812 594 1847 IV
607 1839 618 1855 ,
629 1810 677 1847 16
694 1823 751 1860 sq.

102 1867 341 1917 767—769.
361 1870 524 1920 Egregie
547 1866 594 1904 ad
613 1867 753 1905 huma-

42 1928 81 1963 ni
104 1926 224 1962 animi
248 1925 448 1962 levitatem
469 1933 509 1961 et
529 1926 754 1962 inconstan-

39 1985 156 2021 tiam!
177 1981 227 2019 cf.
241 1981 361 2019 eund.
378 1983 540 2019 Statium
565 1995 616 2018 22
636 1995 753 2032 sq.—

46 2043 140 2089 768.
163 2039 298 2091 Vulgo
324 2039 475 2077 editum
504 2048 561 2076 est
592 2052 751 2077 numen.

41 2101 177 2137 Heius.
196 2111 216 2134 e
235 2099 368 2137 Nouio
378 2106 414 2134 et
431 2096 576 2135 Medic.
593 2110 612 2133 a
628 2110 751 2147 m.p1·.

46 2164 271 2209 reposuerat
326 2169 485 2193 nomen.
538 2155 754 2193 Revocavit

44 2217 258 2253 Burmann.
289 2227 456 2260 numen,
478 2213 584 2251 nulla
609 2221 751 2258 tamen,

44 2271 154 2323 quod
182 2271 456 2322 exspectabas,
491 2272 753 2322 explicatione

43 2330 104 2367 vel
114 2329 377 2367 illustratione
385 2329 637 2378 adjecta.Nec
648 2329 756 2380 quic-

44 2400 163 2438 quam
190 2386 331 2424 melius
360 2387 612 2439 suppeditant
636 2399 756 2423 mem-

42 2445 189 2484 branae.
230 2446 330 2483 Nam
363 2446 473 2496 quod
511 2447 553 2483 in
586 2454 757 2495 utroque

43 2503 263 2553 Hamburg.
295 2501 532 2555 adscriptum
565 2517 639 2554 pro
675 2515 756 2539 var.

43 2560 132 2598 lect.
158 2560 220 2597 vel
247 2559 404 2608 lumen,
439 2574 643 2613 perperam
681 2560 756 2596 fac·

26 2617 146 2656 ‘tum.
191 2620 393 2656 Romanus
429 2630 438 2657 ε
481 2632 560 2656 non
612 2619 757 2657 colera-

48 2674 126 2712 bile
160 2675 301 2713 coelum
314 2691 330 2721 ;
365 2678 422 2714 sic
473 2687 513 2716 et
553 2677 729 2716 Parrhas.
743 2704 753 2720 ,

51 2733 250 2784 quodper
271 2747 312 2772 se
341 2733 493 2773 bonum
511 2749 667 2773 sensum
692 2735 760 2772 ha-

50 2790 117 2828 bet
129 2818 140 2837 ‚
157 2791 278 2830 modo
289 2794 511 2832 memineris
527 2793 669 2832 coelum
681 2806 761 2831 esse

209 2872 290 2915 111.

822 954 1112 996 tempestatem,
1136 946 1249 994 cujus
1262 974 1272 992 ,
1291 952 1409 996 puto,
1431 947 1537 982 navi-

822 1004 998 1055 gantium
1019 1004 1237 1054 plurimum
1257 1004 1431 1040 interest.
1449 1005 1538 1040 Hoc

823 1061 982 1112 quidem
997 1091 1007 1109 ‚
1028 1064 1061 1099 si
1078 1061 1126 1098 de
1146 1074 1234 1098 meo
1252 1069 1319 1098 aut
1336 1073 1452 1098 sensu
1472 1070 1538 1097 aut

821 1120 972 1166 judicio
994 1120 1186 1171 quaeritur
1199 1147 1209 1164 ‚
1230 1119 1456 1169 praeferam3
1476 1118 1539 1155 ha·

823 1178 889 1214 het
909 1179 1013 1214 euim
1035 1178 1308 1214 auctoritatem
1332 1175 1539 1220 idoneam3

823 1244 880 1272 est
897 1238 1052 1286 poetica
1071 1236 1249 1272 oratione
1268 1233 1432 1284 dignum
1447 1247 1457 1279 ;
1475 1247 1541 1270 no-

822 1293 878 1330 tio
901 1292 992 1329 coeli
1020 1301 1076 1330 est
1108 1291 1399 1329 accommodata
1429 1292 1537 1327 naxi-

820 1351 991 1402 gationi:
1013 1364 1124 1387 mare
1147 1359 1185 1387 et
1208 1349 1348 1386 coelum
1367 1349 1536 1396 junctim

820 1409 1031 1446 memorari
1056 1408 1233 1446 sollenne
1259 1415 1341 1453 est3
1363 1408 1434 1456 qui
1463 1419 1537 1442 ma-

821 1481 862 1504 re
894 1466 1031 1504 horret
1044 1496 1054 1514 ,
1088 1465 1225 1504 horret
1257 1476 1417 1515 quoque
1458 1477 1533 1501 coe·

820 1524 925 1570 lum,
944 1526 1038 1561 atris
1056 1523 1234 1561 nubibus
1253 1521 1476 1559 obductum
1496 1531 1533 1558 et

821 1583 948 1617 ventis
975 1581 1198 1626 turbatum3
1219 1581 1304 1627 ejus
1328 1579 1532 1630 adspectus

820 1637 919 1675 adeo
948 1651 1028 1675 esse
1051 1646 1181 1688 potest
1205 1636 1391 1674 terribilis
1413 1646 1451 1674 et
1475 1637 1533 1674 in-

819 1695 1065 1740 tolerabilis;
1098 1708 1192 1746 ergo
1234 1707 1369 1741 nune,
1397 1695 1533 1745 quibus

822 1766 934 1790 mare
953 1767 1086 1790 vzsum
1105 1766 1287 1803 asperum
1311 1762 1351 1789 et
1373 1765 1455 1789 ηοη
1475 1762 1534 1790 co-

821 1810 986 1848 Icrabile
1005 1811 1145 1848 coelum
1169 1811 1279 1848 omni
1299 1809 1420 1848 modo
1439 1824 1532 1848 cou-

821 1870 957 1906 venire
975 1868 1102 1906 videri
1122 1876 1264 1919 potest.
1279 1869 1380 1905 Cum
1402 1869 1534 1918 itaque

819 1939 1022 1963 versemur
1039 1927 1082 1963 in
1096 1939 1192 1962 voce
1208 1932 1267 1962 tot
1281 1924 1534 1962 librariorum

820 1982 1005 2020 ludibriis
1037 1982 1234 2028 obnoxia,
1258 1994 1427 2027 nomen,
1464 1995 1534 2018 uu-

821 2054 934 2085 men,
956 2041 1113 2085 lumen,
1137 2040 1301 2084 coelum,
1325 2040 1531 2077 Heinsium

821 2098 998 2135 deserere
1015 2097 1128 2135 uolui
1142 2126 1152 2145 ‚
1165 2110 1282 2148 quem
1302 2105 1341 2134 et
1356 2097 1530 2135 Brunck.

821 2165 926 2193 recte
967 2163 1157 2205 sequutus
1194 2164 1274 2202 est,
1309 2153 1532 2205 reduxique

821 2213 917 2251 adeo
949 2225 1092 2249 nomen
1106 2228 1122 2258 ;
1142 2213 1251 2264 quod
1277 2213 1378 2250 bene
1403 2213 1531 2250 sentio

821 2271 868 2308 ad
897 2270 1126 2321 dignitatem
1160 2272 1309 2322 epicam
1341 2270 1449 2308 haud
1473 2283 1531 2308 as-

821 2342 978 2380 surgere
990 2357 1001 2375 ,
1018 2341 1175 2366 sensum
1187 2337 1317 2366 tamen
1332 2328 1451 2366 habet
1462 2341 1531 2366 ex-

822 2387 1003 2438 peditum
1023 2399 1033 2424 ;
1061 2399 1166 2425 mare
1199 2386 1387 2438 adspectu
1408 2385 1532 2423 dictu-

823 2458 901 2496 que
909 2443 1154 2482 intolerabile
1165 2443 1381 2494 visum.-—[
1387 2443 1535 2482 Coelum

826 2505 988 2549 Potter„
1003 2511 1041 2540 et
1051 2503 1192 2540 merito
1204 2502 1365 2553 quidem
1378 2514 1534 2539 servan-

825 2559 919 2597 dum
928 2558 1057 2607 duxit,
1068 2569 1107 2598 et
1114 2559 1534 2611 servavit.]—-Nomen

825 2626 871 2656 ut
898 2630 947 2655 ue
978 2617 1115 2656 auditu
1142 2617 1302 2669 quidem
1333 2616 1535 2656 tolerabile

825 2683 1002 2714 esset.—-
1016 2677 1110 2726 769.
1130 2678 1262 2728 Fuga,
1281 2676 1417 2725 utjam
1432 2685 1534 2724 saepe

825 2747 899 2785 pro
938 2734 1150 2774 erroribus,
1189 2736 1292 2772 Mox
1319 2731 1535 2772 lacrimans

827 2792 928 2830 bene
947 2804 997 2830 ex
1013 2804 1178 2843 persona
1199 2792 1255 2842 pii
1275 2793 1418 2830 AEneae.
1438 2789 1535 2826 Con-

1311 2887 1333 2900 ,-
