1767 3054
691 95 844 132 LIBER
874 94 947 130 VI.

1498 99 1569 136 161

72 169 306 216 Plurimus
331 166 524 216 Eridani
545 179 630 227 per
654 164 819 210 silvam
843 163 1053 209 volvitur
1077 165 1239 211 amnis.

75 245 164 290 Hic
189 260 372 301 manus,
397 241 459 287 ob
480 239 682 302 patriam
707 240 962 301 pugnando
988 238 1181 285 volnera
1206 242 1352 303 passi,
1508 258 1568 285 (ιω,

75 318 264 379 Quique
287 315 555 364 sacerdotes
580 313 717 371 casti,
743 312 857 359 dum
880 314 978 359 vita
998 312 1238 373 manebat3

75 391 264 454 Quique
287 391 355 454 pii
379 400 534 446 vates,
557 398 604 434 et
628 386 807 435 Phoebo
828 387 969 452 digna
993 388 1159 448 locuti,

73 549 389 601 tiquissimorum
430 544 663 596 mythorum
708 558 789 582 am-

71 609 158 654 nis,
193 618 313 657 quem
344 603 392 640 ad
420 604 697 656 geographicas
730 616 790 640 ra-

74 667 202 703 tiones
221 671 347 700 certas
363 675 547 699 revocare
564 674 647 698 non
669 663 790 713 magis

73 723 195 768 licet,
226 734 343 772 quam
376 720 685 771 Hyperboreos,
723 727 791 756 aut

75 779 220 825 Indos,
257 786 326 815 aut
355 779 528 828 Nysam3
563 777 691 813 multo
718 778 791 813 mi-

75 851 151 875 nus
179 850 229 874 ex
263 836 474 872 nominum
506 833 789 879 similitudine,

76 895 284 939 Rhodani,
317 892 472 937 Rheni,
504 904 549 928 ac
571 890 789 937 similibus,

76 955 160 990 veri
188 949 337 1001 aliquid
369 950 449 999 peti
476 957 619 999 potest.
644 948 790 984 Erida-

75 1023 148 1047 nus
174 1021 365 1059 superne,
403 1007 442 1044 h.
478 1020 513 1044 e.
549 1019 600 1042 ex
628 1005 792 1043 editiore

74 1067 166 1106 loco
181 1096 191 1113 ,
213 1065 399 1110 volvitur,
421 1065 552 1109 venit3
568 1063 789 1113 plurimus,

77 1125 231 1163 dictum
278 1123 474 1174 eleganter
523 1121 570 1157 ad
612 1134 791 1172 magnam

77 1195 269 1233 aquarum
302 1182 456 1230 copiam
488 1178 789 1231 des'gnandanu

18 1254 21 1257 '
76 1249 122 1278 ut
154 1242 171 1276 I
205 1241 349 1289 Georg.
378 1238 453 1285 187
480 1251 600 1287 quum
632 1249 673 1274 se
706 1250 791 1273 nux

70 1298 252 1349 plurima
271 1296 376 1333 silvis
395 1295 543 1332 lnduec
571 1294 611 1330 in
619 1294 786 1346 florem.

75 1358 139 1394 Sic
153 1352 292 1397 πολλὸς
308 1367 382 1404 pro
400 1351 525 1407 μέγας
542 1352 733 1402 Apollon.
758 1354 790 1398 Ι,

79 1414 161 1462 760
197 1421 235 1450 et
262 1412 369 1448 alibi.
404 1412 513 1448 Licet
543 1423 636 1461 ergo
660 1409 791 1447 dicere

76 1485 157 1508 esse
166 1469 385 1521 plurimum
403 1468 509 1505 idem
526 1468 637 1518 quod
651 1496 661 1513 ‚
683 1481 793 1518 mag-

78 1542 186 1567 num.
208 1529 271 1567 Sic
296 1527 368 1565 inf.
392 1528 472 1563 VII
486 1554 496 1573 ,
534 1527 585 1563 83
607 1525 793 1563 Albunea

78 1600 169 1638 quoe
190 1585 375 1623 maxima
400 1593 532 1622 sonat.
560 1583 686 1634 Apud
704 1586 792 1621 Ser-

76 1646 189 1682 vium
221 1657 309 1694 sup.
340 1641 389 1679 ad
410 1655 566 1680 versum
588 1642 670 1679 603
690 1643 793 1679 Tan-

77 1702 181 1740 talus
199 1700 239 1738 in
259 1701 442 1738 Eridano
463 1699 689 1751 Inferorum
711 1708 792 1736 sea·

78 1773 120 1796 re
136 1767 339 1805 narratur;
361 1772 443 1808 quo
461 1758 614 1808 liquere
632 1756 792 1794 videtur

78 1818 195 1853 etiam
226 1816 275 1852 ab
302 1816 387 1852 aliis
414 1817 541 1866 poetis
573 1814 791 1853 Eridanum

79 1874 198 1910 simili
240 1874 392 1910 ratione
428 1873 545 1909 fuisse
578 1874 621 1909 in
656 1872 791 1908 inferis

78 1931 330 1968 celebratum.
353 1931 442 1973 An,
467 1929 577 1978 quod
597 1929 791 1966 Eridanus

79 1989 240 2026 alterius
273 1985 540 2036 hemisphaerii
568 1985 677 2022 sidus
707 1994 789 2033 est,

78 2055 213 2097 poetas
243 2043 290 2080 ad
314 2044 416 2080 hanc
445 2045 501 2080 rei
526 2045 792 2080 narrationem

77 2104 179 2141 sorte
210 2101 410 2139 adduxit?
445 2101 499 2137 At
533 2102 620 2151 pari
650 2101 740 2148 jure
771 2115 792 2139 e

78 2160 259 2212 mythico
287 2159 448 2197 Eridani
474 2171 549 2195 usu
574 2171 720 2195 nomen
743 2158 791 2195 ad

78 2219 188 2256 sidus
204 2212 434 2255 translatum
451 2224 521 2262 est,
541 2224 578 2252 et
597 2215 674 2251 hoc
693 2216 792 2253 mul·

78 2286 120 2314 to
138 2275 386 2327 probabilius
400 2303 410 2320 ‚
441 2275 532 2323 quia
561 2274 723 2310 nomina
741 2274 791 2310 si-

77 2333 218 2372 derum
241 2347 262 2370 e
280 2332 422 2369 fabulis
445 2332 617 2381 antiquis
640 2332 792 2381 profec-

77 2401 114 2430 ta
131 2400 237 2429 sunt.
256 2393 322 2428 An
340 2390 473 2427 locum
492 2388 682 2439 figmento
699 2389 791 2427 fecit

76 2450 168 2497 hoc,
187 2448 297 2499 quod
313 2448 530 2486 Eridanum
549 2448 790 2497 antiquiores

77 2509 122 2545 in
155 2516 334 2544 extremo
377 2508 548 2555 Europae
585 2505 790 2542 occidente

77 2565 202 2602 fluere
229 2563 457 2601 credidere?
475 2565 545 2601 Sin
574 2562 647 2599 hac
670 2562 790 2600 subti-

75 2622 184 2660 litate
200 2623 366 2660 omnino
383 2623 442 2659 vis
460 2634 606 2668 carere,
626 2635 791 2673 sequen-

79 2678 176 2718 dum
210 2689 291 2727 est,
325 2680 435 2731 quod
467 2681 570 2717 inter
605 2679 790 2719 Serviana

80 2739 282 2777 occurrit:
315 2755 334 2771 α
353 2738 436 2777 Alii
465 2737 682 2778 Eridanum
714 2750 789 2790 pro

855 559 1101 598 quocunque
1120 548 1343 598 accipiunt,
1373 555 1412 585 et
1432 547 1571 587 dicunt

856 608 946 642 κατ’
977 601 1112 654 ἐξοχὴν
1145 605 1320 650 dictum,
1356 619 1447 643 nam
1476 607 1571 659 legi-

856 676 944 700 mus
973 665 990 699 I
1022 664 1094 700 Ge.
1133 664 1212 708 482
1250 663 1472 700 Fluviorum
1498 678 1572 702 rea:

858 720 1076 758 Eridanus.
1104 722 1155 759 Et
1184 729 1315 758 amant
1340 731 1470 772 poetae
1496 736 1571 773 pro

856 778 1120 830 appellatione
1153 792 1303 830 ponere
1335 792 1486 830 magnae
1508 780 1575 831 (et

857 837 900 873 in
917 849 991 874 suo
1007 849 1149 886 genere
1166 836 1392 887 praeclarae)
1413 839 1470 874 rei
1485 851 1575 888 pro-

857 894 1083 943 prietatem,
1101 903 1147 930 ut
1167 896 1185 930 1
1203 895 1274 931 Ge.
1294 895 1507 943 92pocula
1520 898 1575 932 A-

858 949 1025 987 cheloia.
1047 969 1066 983 n
1085 952 1213 988 Etiam
1245 952 1398 990 Gallim.
1435 952 1573 1003 fragm.

860 1021 949 1058 pag.
972 1009 1052 1056 473
1075 1021 1096 1044 e
1115 1009 1243 1046 Strab.
1269 1011 1327 1047 lx
1342 1038 1351 1055 ‚
1386 1009 1468 1046 608
1487 1011 1573 1047 Eri-

858 1065 1006 1102 danum
1035 1067 1090 1103 ita
1118 1065 1271 1103 dixerat
1300 1079 1375 1116 pro
1409 1066 1576 1105 flumine

858 1125 1037 1161 omnino.
1067 1123 1316 1161 Nobilitatur
1343 1137 1404 1161 res
1436 1125 1574 1177 vulga—

858 1182 911 1218 ris
931 1180 1139 1231 splendido
1160 1183 1338 1219 nomine.

917 1238 1160 1276 660-665.
1186 1241 1313 1277 Locus
1340 1239 1388 1277 de
1413 1241 1574 1290 piorum

858 1296 975 1334 turba
1009 1310 1030 1334 e
1054 1296 1345 1342 nobilioribus,
1367 1306 1428 1343 et,
1457 1312 1575 1348 quem

859 1368 882 1391 a
914 1356 1164 1405 generosiore
1204 1356 1337 1392 animo
1373 1356 1444 1391 vix
1474 1365 1576 1405 puto

858 1411 937 1462 legi
969 1425 1107 1463 posse,
1141 1413 1239 1463 quin
1267 1412 1500 1459 incalescat,
1536 1424 1576 1451 et

858 1482 1010 1521 magnae
1029 1471 1188 1507 virtutis
1205 1470 1340 1507 studio
1358 1470 1575 1509 inflamme-

859 1535 957 1565 tur:
980 1528 1199 1565 imitatione
1229 1541 1437 1579 expressus
1471 1543 1491 1566 a
1519 1532 1574 1569 Si-

858 1585 914 1623 lio
931 1587 1056 1632 XIII,
1095 1587 1174 1624 533
1195 1599 1305 1637 seqq.
1332 1596 1371 1623 et
1397 1599 1419 1623 a
1440 1587 1572 1626 Valer.

858 1643 917 1681 Fl.
948 1645 992 1690 I,
1024 1644 1106 1694 839
1126 1657 1207 1694 seq.
1233 1643 1478 1683 Referendus
1508 1658 1576 1683 au-

857 1709 938 1738 tem
961 1710 1018 1739 est
1036 1703 1191 1739 animus
1216 1703 1259 1739 in
1278 1711 1456 1753 tempora
1474 1704 1575 1740 anti-

858 1760 996 1810 quiora
1025 1758 1207 1806 heroica,
1247 1761 1291 1797 in
1320 1760 1468 1810 quibus
1500 1774 1572 1810 per

858 1826 978 1854 vates
1003 1818 1145 1855 melior
1170 1819 1252 1855 vita
1278 1820 1491 1855 constituta
1515 1827 1573 1855 est

857 1875 1054 1924 responsis
1077 1887 1122 1911 ac
1138 1875 1303 1912 deorum
1320 1876 1481 1912 monitis
1495 1903 1506 1920 ,
1524 1876 1576 1911 ri·

858 1931 964 1968 tibus
982 1931 1172 1983 religiosis
1185 1960 1195 1977 ,
1215 1932 1371 1982 legibus
1385 1960 1395 1977 ,
1416 1933 1572 1969 institu-

858 1989 985 2038 tisque
998 2016 1008 2034 ‚
1030 1998 1068 2025 et
1086 2002 1242 2027 morum
1264 1989 1485 2038 praeceptis,
1502 1991 1574 2028 Ni-

858 2045 915 2082 hil
949 2046 1019 2082 ista
1052 2053 1163 2082 aetate
1199 2054 1332 2082 actum
1368 2054 1572 2097 gestumve

859 2110 940 2147 est,
971 2103 1048 2138 nisi
1079 2103 1128 2138 ab
1158 2104 1298 2140 animis
1328 2103 1468 2141 divino
1497 2117 1573 2142 nu-

858 2161 965 2196 mine
981 2158 1132 2197 afflatis.
1156 2162 1260 2198 Vere
1288 2169 1372 2198 tum
1391 2161 1540 2199 diceres
1562 2176 1572 2201 :

857 2216 1015 2254 nullum
1046 2230 1234 2267 magnum
1269 2220 1400 2255 virum
1433 2227 1570 2257 natum

857 2287 938 2312 esse
964 2276 1048 2312 sine
1068 2275 1204 2312 afflatu
1226 2275 1378 2314 divino.
1407 2278 1492 2315 Nec
1511 2291 1572 2315 ve-

856 2345 916 2379 ro,
933 2345 1054 2382 quam
1075 2331 1145 2370 diu
1161 2333 1280 2384 probi
1298 2342 1337 2371 et
1355 2334 1571 2385 prudentes

855 2391 931 2427 viri
964 2398 1097 2437 erant,
1133 2392 1204 2442 qui
1231 2391 1306 2429 deo
1332 2392 1568 2430 incalescere

857 2446 1119 2486 credebantur
1138 2476 1149 2495 ‚
1192 2448 1379 2487 habueris
1398 2478 1409 2497 ‚
1456 2452 1569 2501 quod

855 2505 965 2557 vulgi
980 2507 1210 2557 opinionem
1230 2507 1405 2546 damnes.
1432 2510 1571 2546 Sacer-

856 2562 967 2600 dotes
985 2564 1111 2611 castc';
1131 2566 1203 2616 qui
1222 2579 1329 2604 sacra
1347 2574 1449 2603 caste
1461 2594 1473 2613 ,
1494 2580 1566 2617 pu-

858 2634 900 2658 re
930 2634 973 2659 ac
1006 2623 1093 2673 pie,
1128 2632 1317 2662 curarunt
1335 2623 1431 2660 dum
1458 2625 1566 2661 vive—

855 2687 957 2718 rent.
990 2681 1048 2717 Ita
1076 2679 1179 2718 nihil
1210 2690 1268 2720 est
1294 2681 1401 2732 quod
1435 2694 1566 2731 repre-

854 2735 1015 2778 hendas.
1029 2760 1087 2769 —-
1098 2739 1196 2780 662.
1209 2741 1266 2779 Ec
1274 2739 1392 2779 cedro
1405 2738 1444 2777 d.
1459 2741 1565 2776 Serv.

1394 2816 1415 2834 ἢ

1332 2825 1387 2872 14
