1767 3054
165 119 215 155 30
793 117 1038 157 AENEIDOS

160 188 263 234 Tali
285 185 481 251 remigio
502 186 634 233 navis
653 203 701 234 se
727 187 862 233 tarda
879 187 1121 248 movebat3

1607 203 1666 233 280

161 264 278 309 Vela
299 264 409 311 facit
436 275 589 310 tamen
603 299 615 321 ,
638 275 684 310 et
705 263 820 310 velis
843 263 970 310 subit
992 265 1112 311 ostia
1132 265 1294 327 plenis.

164 343 436 402 Sergestum
462 342 631 385 AEneas
656 339 888 402 promisso
914 355 1109 386 munere
1134 340 1300 397 donat,

163 417 409 461 Servatam
432 414 494 459 ob
520 429 689 459 navem
708 414 840 459 laetus
856 447 868 469 ,
891 413 1137 476 sociosque
1163 415 1397 462 reductos.

164 489 258 535 Olli
279 505 415 535 serva
436 488 598 544 datur,
624 503 823 549 operum
843 487 972 533 haud
993 488 1156 551 ignara
1180 490 1432 547 Minervae,

162 566 326 610 Cressa
352 579 497 625 genus
519 563 718 619 Pholoe,
745 562 1014 624 geminique
1038 563 1126 610 sub
1148 563 1297 611 ubere
1320 564 1431 611 nati.
1605 576 1662 605 285

227 642 331 683 Hoc
351 638 457 700 pius
483 641 652 684 AEneas
673 638 814 684 misso
837 638 1093 685 certamine
1114 639 1263 686 tendit

161 714 469 761 Gramineuin
494 713 543 759 in
572 730 813 776 campum,
839 730 980 775 quem
1005 713 1204 760 collibus
1229 715 1438 777 undique
1464 716 1620 761 curvis

160 788 421 852 Cingebaut
446 789 594 848 silvae3
621 789 870 854 mediaque
891 790 939 835 in
959 790 1079 836 valle
1104 789 1280 836 theatri
1303 851 1305 853 ι

155 974 378 1011 Priscianus
419 982 456 1010 et
493 972 704 1023 Eutyches.
737 975 873 1023 Itaque

154 1031 421 1080 relinquamus
456 1031 690 1076 lectionem,
721 1044 808 1080 quae
836 1039 874 1067 et

153 1091 236 1138 ipsa
260 1098 375 1138 poeta
405 1089 523 1139 digna
551 1097 633 1134 est3
653 1097 874 1125 teneamus-

154 1159 231 1195 que
258 1146 390 1184 illud:
422 1147 578 1196 quoties
612 1146 713 1183 nihil
742 1154 872 1196 potest

150 1205 203 1239 ita
255 1203 437 1250 definiri,
474 1212 518 1240 ut
555 1206 598 1241 in
641 1204 868 1241 alterutram

147 1271 299 1311 partem
310 1262 567 1312 probabilitas
585 1264 710 1310 major
726 1263 769 1298 in
785 1275 869 1298 sen-

147 1332 213 1356 sus
237 1322 436 1366 incurrat,
457 1333 530 1356 nec
561 1319 760 1356 mutandae
787 1320 867 1356 lec-

147 1378 249 1414 tioni
275 1378 444 1428 vulgatae
456 1378 594 1414 locum
616 1386 654 1414 et
677 1390 865 1422 caussam,

145 1448 220 1472 nec
241 1437 470 1473 mutationis
502 1436 675 1472 fructum
702 1444 741 1472 et
762 1435 868 1472 utili-

144 1501 264 1530 tatem
286 1507 390 1540 esse3
414 1502 551 1530 contra
577 1507 674 1531 vero
706 1494 866 1531 lectori-

144 1550 241 1598 bus,
254 1553 437 1602 inprimis
456 1552 776 1601 elegantioribus,
796 1553 866 1601 qui

147 1610 324 1646 criticam
336 1610 596 1647 subtilitatem
612 1623 698 1646 non
710 1618 863 1656 curant,

145 1667 341 1704 molestias
361 1670 509 1714 creari3
533 1669 716 1718 inprimis
739 1669 771 1704 si
791 1667 863 1705 tibi

146 1735 324 1763 constare
339 1755 348 1772 ,
384 1735 423 1762 et
444 1727 487 1762 in
522 1725 686 1775 paribus
719 1727 862 1762 caussis

143 1796 280 1832 parem
304 1785 499 1820 rationem
517 1785 629 1833 sequi
649 1783 864 1829 velis;tum

143 1842 249 1878 enim
279 1843 488 1878 innumera
515 1848 633 1877 erunt
653 1839 839 1877 mutanda
853 1870 862 1888 ,

145 1912 235 1935 cum
266 1898 386 1936 modo
419 1912 552 1945 casus,
575 1897 695 1935 modo
727 1900 864 1950 genius

143 1959 359 2002 sermonis,
386 1957 568 2007 inprimis
589 1958 760 2006 poetici,
781 1969 866 1994 mo·

139 2014 191 2051 do
215 2015 408 2053 aberratio
424 2043 434 2061 ,
454 2015 568 2052 binas
585 2014 755 2052 trinasve
779 2014 859 2051 lec-

139 2074 268 2111 tiones
293 2073 538 2123 suppeditet,
558 2085 724 2123 quarum
749 2073 860 2110 nulla

140 2141 207 2168 aut
227 2132 361 2182 sperni
377 2133 502 2182 possit
521 2140 589 2168 aut
604 2129 790 2168 destituta
809 2132 860 2168 sit

140 2191 373 2226 auctoritate
390 2203 399 2226 :
415 2188 525 2239 quod
536 2191 669 2240 itaque
682 2201 754 2239 ego
768 2189 858 2226 sub-

140 2246 261 2283 stituo
280 2275 291 2294 ‚
313 2245 453 2283 eodem
480 2248 566 2294 jure
598 2246 767 2285 mutabit
801 2247 855 2283 al-

146 2313 217 2342 ter.

202 2362 444 2399 280—285.
466 2360 587 2411 Quod
603 2363 782 2411 Sergesto
801 2370 857 2399 et-

141 2422 174 2458 si
189 2420 371 2457 inferiori
400 2432 544 2456 munus
574 2418 640 2454 dat
654 2446 664 2463 ,
687 2427 725 2454 et
748 2419 858 2468 quod

141 2491 292 2515 servam
314 2477 399 2523 dat,
417 2477 466 2514 ab
495 2478 671 2513 Homero
692 2475 812 2513 habet
830 2477 855 2515 l.

113 2547 176 2573 ὀ.
206 2535 317 2574 Iliad.
347 2532 391 2586 ψ,
427 2534 530 2581 536,
558 2535 664 2580 537,
703 2534 782 2570 538
818 2543 856 2571 et

143 2593 220 2630 261
240 2620 252 2639 ‚
273 2594 370 2632 263.
390 2591 510 2644 Quod
529 2600 661 2629 autem
678 2590 855 2629 Pholoen

140 2651 367 2689 Cretensem
381 2652 562 2688 nominat
574 2679 586 2698 ‚
605 2649 682 2686 hoc
699 2657 744 2685 ut
763 2662 856 2699 poe-

138 2717 175 2745 ta
194 2708 310 2755 facit,
335 2722 354 2745 a
379 2722 460 2759 quo
477 2707 579 2746 nihil
600 2706 712 2744 facile
739 2706 851 2744 inde-

135 2764 246 2805 finite
266 2766 511 2816 ponendum.
530 2765 641 2803 Ostia
659 2764 700 2803 h.
718 2764 745 2801 l.
762 2778 854 2815 por-

941 981 1014 1010 tus.
1055 972 1252 1009 Promisso
1265 1002 1276 1017 ,
1316 972 1478 1024 vulgare
1523 974 1660 1011 fuisset

939 1039 1110 1080 sperato„
1153 1031 1324 1079 Operum
1362 1029 1475 1067 haud
1511 1031 1658 1083 ignara

938 1101 1040 1138 saepe
1066 1101 1126 1138 ap.
1152 1089 1270 1126 Hom,
1301 1086 1384 1141 ἔργ’
1410 1084 1555 1126 εἰδυῖαν
1571 1118 1581 1136 ,
1607 1089 1656 1127 de.

938 1144 1113 1182 lanificio
1144 1154 1183 1182 et
1211 1153 1393 1191 textura,
1419 1155 1465 1183 ut
1495 1155 1651 1185 notum.

938 1226 996 1232 —-
1020 1204 1116 1241 285.
1147 1202 1316 1240 Thressa
1342 1203 1472 1242 Schol.
1501 1205 1657 1242 Horatii

937 1262 1089 1311 Cruqu.
1118 1261 1165 1298 ad
1194 1264 1253 1299 ΙΙΙ
1280 1260 1356 1300 od.
1387 1275 1437 1311 9,
1458 1262 1567 1312 quod
1593 1261 1656 1300 de-

935 1320 1063 1356 fendit
1074 1322 1323 1357 Burmannus
1337 1348 1346 1365 ,
1364 1319 1555 1357 hactenus
1570 1333 1655 1358 non

936 1377 1058 1423 male,
1082 1377 1191 1428 quod
1214 1377 1392 1415 Thraciae
1420 1380 1655 1416 commercia

936 1448 1026 1472 cum
1044 1436 1225 1482 Trojauis
1243 1436 1510 1474 intercessere.
1530 1437 1586 1473 At
1609 1439 1653 1474 in

934 1493 1083 1530 Pholoe
1111 1501 1327 1543 argutatur.
1362 1494 1576 1531 Enimvero
1600 1508 1650 1532 ex

931 1551 1002 1589 lib.
1026 1552 1109 1598 III,
1142 1552 1216 1588 131
1261 1563 1346 1601 sqq.
1371 1551 1484 1588 facile
1512 1554 1649 1590 memi-

931 1610 1057 1655 neris,
1080 1610 1273 1657 Trojanos
1305 1610 1348 1645 in
1379 1609 1493 1647 Creta
1520 1610 1647 1648 insula

929 1667 1019 1717 plus
1033 1680 1150 1717 quam
1167 1679 1345 1704 annuum
1368 1669 1538 1717 spatium
1561 1681 1653 1706 exe-

932 1726 1055 1775 gisse3
1072 1738 1155 1762 non
1188 1725 1321 1761 minus
1356 1725 1478 1775 igitur
1510 1725 1650 1763 Cressa

930 1783 1066 1819 locum
1104 1782 1225 1819 habet
1252 1794 1261 1820 :
1300 1795 1492 1831 quorsum
1525 1784 1648 1834 igitur

931 1849 1129 1877 mutamus
1155 1839 1267 1890 quod
1290 1841 1483 1877 rationem
1500 1839 1647 1879 habet?

935 1898 1054 1935 Cresa
1076 1897 1265 1934 scribitur
1283 1905 1322 1934 et
1346 1896 1387 1935 h.
1406 1897 1433 1935 l.
1454 1911 1564 1936 more
1582 1913 1646 1936 an-

930 1957 1061 2005 tiquo,
1080 1963 1126 1992 ut
1137 1955 1232 1992 alibi
1247 1954 1423 2002 dictum;
1442 1963 1500 1993 est
1515 1964 1645 1994 tamen

930 2015 1047 2050 etiam
1068 2015 1241 2067 Κρῆσσα.
1268 2013 1345 2050 Sub
1374 2013 1496 2051 ubera
1524 2017 1641 2052 Rom.

927 2080 966 2108 et
985 2070 1094 2109 Gud.
1109 2099 1119 2118 ,
1139 2072 1272 2108 minus
1298 2071 1399 2108 bene
1419 2083 1429 2108 :
1450 2072 1522 2108 etsi
1550 2071 1644 2109 ferri

925 2138 1068 2179 potest.
1364 2126 1369 2130 ’

987 2187 1228 2237 286—290.
1242 2187 1390 2224 Totum
1410 2184 1487 2224 hoc
1504 2199 1642 2224 cursus

925 2253 1124 2282 certamen
1150 2258 1202 2281 ex
1232 2245 1408 2283 Homero
1434 2244 1641 2281 adumbra-

927 2314 1011 2340 tum
1029 2303 1056 2341 l.
1076 2316 1110 2340 c.
1130 2300 1243 2339 Iliad.
1265 2297 1315 2351 ψ,
1340 2308 1421 2348 740
1441 2315 1526 2352 sqq.
1539 2330 1550 2347 ,
1571 2302 1640 2338 sed

925 2359 1101 2397 traducta
1120 2361 1162 2396 in
1185 2358 1287 2395 illud
1306 2358 1379 2395 alia
1407 2372 1457 2396 ex
1476 2359 1639 2409 reliquis

925 2417 1130 2468 agonibus
1148 2418 1298 2453 Locum
1320 2417 1532 2466 spectaculi
1551 2425 1639 2454 tan·

925 2483 1010 2512 tum
1026 2487 1109 2512 non
1122 2474 1329 2524 exscripsit
1344 2486 1394 2510 ex
1406 2482 1544 2512 nostro
1560 2476 1641 2513 sta-

925 2534 1002 2569 tius
1026 2534 1084 2569 VI
1111 2531 1237 2569 Theb.
1276 2531 1359 2569 225
1391 2545 1476 2583 sqq.
1514 2531 1638 2570 Misso

921 2589 1161 2633 certamine,
1179 2588 1340 2627 dimisso
1352 2617 1362 2636 ,
1381 2587 1499 2627 finito
1518 2601 1638 2640 :pro-

920 2649 1005 2698 prie
1021 2646 1190 2683 dimissis
1210 2647 1468 2685 certantibus.
1493 2646 1543 2685 cf.
1560 2647 1635 2685 inf.

923 2706 947 2742 5
952 2706 1018 2749 45.
1039 2704 1155 2741 Silva·
1170 2705 1213 2741 in
1230 2704 1401 2742 collibus
1419 2726 1478 2734 —
1499 2704 1570 2755 qui
1592 2705 1637 2740 ii-

919 2762 1008 2800 dem
1025 2761 1222 2800 theatrum
1232 2777 1248 2808 ;
1261 2761 1367 2800 unde
1383 2762 1485 2800 infra
1496 2776 1534 2800 v.
1551 2763 1634 2806 340
