1767 3054
177 187 257 221 25¹2.

803 181 1041 219 AENEIDOS

180 256 311 300 Celsa
336 255 475 315 petit,
505 253 792 314 tacitumque
813 252 996 298 obsedit
1023 253 1160 296 limen
1189 256 1364 298 Aniatae
1395 271 1403 296 ;

184 333 338 385 Quam
363 343 504 388 super
526 327 732 373 adventu
756 329 992 371 Teucrum
1014 327 1256 387 Turnique
1279 327 1532 387 hymenaeis

181 404 410 449 Femineae
433 403 671 448 ardentem
692 415 910 461 cut-aeque
932 401 1107 461 iraequc
1126 401 1405 462 coquebant.

1603 412 1665 448 345

182 478 304 522 Huic
329 475 414 521 dea
439 475 648 520 caerulcis
673 489 819 519 unum
847 473 904 518 de
929 473 1138 520 crinibus
1163 491 1357 536 anguem

181 550 400 611 Conjicit,
426 548 567 608 inque
588 547 741 592 sinum
765 545 1029 607 praecordia
1055 546 1113 592 ad
1135 547 1297 593 intima
1322 547 1502 606 subdit3

182 628 289 679 Quo
312 620 567 666 furibunda
592 619 784 665 domum
809 631 1018 666 monstro
1044 621 1322 681 permisceat
1346 637 1544 667 omnem.

182 697 265 741 Ille
290 697 411 741 inter
434 695 577 741 vestis
602 706 648 740 et
672 694 794 739 levia
817 704 1011 756 pectora
1034 694 1191 756 lapsus

180 771 399 816 Volvitur
423 769 611 814 adtactu
637 768 789 825 nullo,
816 769 1026 830 fallitque
1052 768 1305 824 furentem,

1609 781 1669 810 350

178 847 430 906 vipeream
452 844 684 905 inspirans
710 844 934 902 aniniam3
956 844 1007 888 fit
1030 843 1188 890 tortile
1212 844 1331 889 collo

179 923 363 965 Aurum
384 918 546 979 ingens
571 916 790 974 coluber,
815 918 866 963 fit
888 919 1038 980 longae
1062 918 1201 964 taenia
1225 918 1378 976 vittae,

180 990 475 1052 Innectitque
500 1006 680 1047 comas,
700 1002 746 1035 et
769 990 993 1036 membris
1017 991 1227 1037 lubricus
1251 1002 1390 1036 errat.

180 1070 248 1110 Ac
274 1065 386 1110 dum
410 1064 562 1126 prima
584 1065 684 1110 lues
705 1064 802 1110 udo
822 1064 1042 1126 sublapsa
1065 1080 1247 1110 veneno

180 1254 279 1291 bene
313 1252 480 1290 dicebat.
518 1252 629 1291 Nihil
657 1253 779 1303 igitur
810 1267 889 1290 am-

178 1312 282 1361 plius
312 1309 589 1361 cogitandum,
624 1312 891 1360 quam2Exin

181 1369 335 1415 Alecto,
352 1380 441 1417 quae
457 1375 576 1417 caput
590 1367 788 1417 anguibus
802 1369 892 1405 hor-

180 1425 310 1462 ridum
338 1425 479 1471 habet,
516 1425 614 1474 petit
639 1432 712 1461 ete.
737 1425 890 1477 Gorgo-

181 1483 246 1518 nei
276 1495 438 1533 angues,
468 1481 601 1531 quales
627 1480 805 1518 Medusae
830 1495 891 1519 ca-

180 1548 255 1588 put
287 1541 467 1588 cingunt.
488 1560 547 1566 —
578 1539 672 1581 343.
710 1538 890 1575 Tacitum

178 1597 323 1640 limen,
367 1603 435 1631 aut
462 1607 536 1644 pro
565 1595 679 1630 tacite
710 1594 888 1642 obsedit,

179 1662 222 1688 ut
242 1652 399 1690 Servius
412 1680 423 1697 ‚
449 1660 515 1688 aut
534 1659 728 1700 quatenus
744 1650 792 1688 de
810 1665 891 1688 ma-

178 1708 414 1745 trisfamilias
456 1708 642 1744 cubiculo
678 1709 806 1757 agitur
847 1710 892 1745 in

177 1766 385 1801 secretiore
425 1764 568 1801 domus
601 1772 724 1813 parte.
767 1765 890 1802 Cerda

178 1821 227 1857 ad
247 1834 359 1858 curas
375 1821 534 1865 retulit3
559 1832 611 1857 sc.
631 1829 677 1857 ut
698 1820 824 1856 tacita
840 1823 891 1858 sit

177 1882 331 1916 Amata.
354 1876 428 1916 Sed
442 1904 452 1921 ,
480 1884 527 1912 ut
549 1875 656 1921 dixi,
689 1876 737 1912 de
755 1877 893 1913 solitu-

176 1936 268 1973 dine
291 1943 349 1972 est
368 1931 641 1983 accipiendum
655 1960 665 1978 ‚
686 1945 776 1982 quae
799 1947 889 1970 cum

175 2006 269 2030 cura
298 2001 335 2029 et
365 1991 502 2028 dolore
522 1991 665 2027 mentis
682 1991 801 2028 tacito
822 1991 890 2028 be-

175 2064 225 2087 ne
242 2050 443 2087 convenit.
465 2069 522 2076 --
544 2049 651 2093 344,
678 2048 774 2092 345.
795 2051 890 2086 Pro-

172 2110 257 2156 prie
289 2107 437 2145 dicitur
470 2118 636 2155 coquere
669 2104 770 2141 iram
793 2119 888 2155 pec-

173 2175 270 2210 tore,
288 2173 334 2201 ut
350 2163 512 2202 πέπτειν
527 2191 537 2209 ,
559 2161 622 2199 vel
637 2160 788 2200 πέσω-ἐιν
805 2177 814 2209 ;
831 2165 887 2201 sie

172 2222 291 2259 Silius
312 2224 372 2268 ΙΙ,
416 2223 493 2268 327
525 2219 734 2270 impaciens
755 2233 888 2270 asper-

173 2293 249 2327 que
266 2278 462 2329 coquebat
475 2280 569 2315 Jam
593 2276 742 2315 dudum
761 2276 887 2316 immi-

174 2345 229 2371 tes
249 2336 348 2380 iras,
385 2335 458 2372 ubi
485 2349 523 2373 v.
549 2333 778 2381 Drakenb.;
799 2344 884 2373 tum

173 2405 267 2429 vero
298 2390 493 2442 exquisite
525 2392 610 2442 ipsa
642 2391 705 2428 ira
736 2392 885 2430 dicitur

171 2462 337 2499 coquere
362 2463 433 2486 nos
452 2448 514 2486 vel
521 2458 662 2498 pectus
681 2459 855 2487 nostrum
867 2479 878 2495 ‚

171 2505 248 2542 hoc
268 2515 338 2551 est,
361 2508 526 2557 agitare,
547 2519 702 2544 vexare.
721 2510 810 2545 Haec
826 2520 884 2545 ra·

172 2564 228 2600 tio
244 2564 322 2610 jam
339 2564 469 2600 Ennio
489 2564 732 2613 frequentata
747 2565 792 2602 in
809 2578 882 2603 no-

171 2629 212 2657 to
241 2620 311 2657 illo
341 2620 446 2669 apud
474 2621 702 2659 Ciceronem
729 2635 880 2661 versu:

170 2691 306 2714 curam
324 2698 381 2705 —
411 2679 509 2726 Quae
542 2690 648 2714 nunc
678 2688 716 2715 te
749 2678 884 2730 coquit

167 2745 209 2772 ec
233 2744 373 2774 versat
400 2734 469 2771 sub
492 2743 655 2783 pectore
675 2735 786 2787 fita.
820 2757 879 2765 —

171 2793 266 2837 346.
304 2791 427 2837 Huic,
464 2792 508 2829 in
540 2790 657 2830 hanc.
686 2814 743 2822 -—
779 2795 874 2843 349.

958 1252 1078 1290 Levia
1117 1252 1320 1303 epitheton
1353 1255 1505 1305 egregie
1539 1255 1668 1294 delec-

958 1319 1043 1347 tum
1056 1338 1068 1355 ,
1100 1319 1146 1346 ut
1161 1310 1353 1360 serpentis
1371 1311 1570 1350 lubricum
1587 1313 1668 1364 lap-

958 1380 1045 1404 sum
1063 1366 1233 1415 adjuvet.
1251 1367 1360 1404 Alias
1375 1377 1434 1406 est
1447 1370 1568 1406 molle
1586 1383 1670 1408 cor-

958 1437 1052 1473 pus,
1070 1432 1222 1474 pectus.
1241 1424 1668 1477 Fallitqueficrentem‚

957 1481 1052 1517 latet
1080 1494 1188 1526 eam,
1224 1481 1321 1518 dum
1346 1481 1535 1520 volvitur.
1564 1485 1670 1521 Bene

958 1539 1067 1575 Serv.
1097 1555 1116 1569 κ
1133 1537 1217 1574 sine
1244 1537 1474 1588 accipientis
1499 1552 1629 1578 sensu.
1649 1560 1668 1572 n

957 1594 1043 1631 Nisi
1071 1594 1181 1630 malis
1204 1595 1371 1645 jungere
1388 1605 1398 1632 ε
1405 1593 1528 1645 fallit
1552 1596 1670 1647 inspi-

957 1662 1075 1695 rans,
1127 1649 1256 1688 ἔλαθεν
1291 1649 1487 1690 εἰσπνέων,
1520 1653 1669 1691 Asflare

958 1715 1087 1744 autem
1115 1707 1317 1757 putandus
1342 1716 1400 1746 est
1423 1722 1584 1759 serpens
1599 1711 1668 1747 ha-

956 1763 1031 1799 litu
1059 1773 1278 1811 venenato,
1310 1774 1496 1815 tanquam
1523 1765 1669 1804 furoris

957 1832 1051 1856 aura
1068 1820 1196 1869 aliqua
1211 1848 1221 1866 ,
1242 1829 1380 1870 pectus
1405 1824 1550 1873 reginae
1563 1850 1574 1868 ,
1598 1825 1670 1860 cir-

927 1879 930 1881 ’
956 1889 999 1911 ca
1020 1876 1130 1924 quod
1147 1885 1264 1923 errat,
1281 1877 1462 1914 nondum
1480 1879 1642 1929 illapsus
1656 1909 1666 1926 ‚

956 1940 1003 1968 ut
1023 1945 1043 1968 e
1065 1945 1172 1983 seqq.
1203 1942 1324 1983 patet.
1352 1935 1425 1972 Illa
1451 1949 1490 1973 v.
1513 1937 1590 1973 351
1611 1959 1667 1965 -—

959 1988 1106 2042 353fit
1123 1990 1255 2028 cortile
1275 1991 1380 2028 collo
1404 2000 1478 2031 etc.
1506 1994 1641 2031 neseio
1655 2023 1665 2039 ‚

955 2058 1007 2083 an
1029 2059 1104 2096 pro
1127 2048 1237 2098 epica
1262 2047 1454 2100 dignitate
1472 2050 1588 2087 nimis
1606 2052 1669 2088 in·

954 2105 1112 2154 geniosa
1128 2106 1219 2144 sint.
1237 2105 1384 2144 Ovidio
1401 2106 1502 2144 forte
1517 2119 1561 2144 ea
1577 2119 1669 2144 con-

954 2160 1090 2200 dones.
1111 2163 1150 2199 Is
1168 2170 1322 2208 tamen,
1349 2176 1476 2213 quum
1493 2166 1667 2214 superio-

952 2231 995 2255 ra
1025 2218 1074 2255 ad
1103 2219 1271 2256 verbum
1301 2220 1383 2257 fere
1416 2223 1667 2270 expressisset

952 2275 1075 2327 (Met.
1105 2278 1164 2313 IV
1178 2305 1189 2323 ,
1227 2278 1377 2321 485—
1389 2278 1470 2327 489
1481 2298 1540 2306 -—-
1554 2278 1664 2328 499)

951 2333 1036 2370 haec
1051 2335 1197 2371 intacta
1216 2335 1390 2385 reliquit.
1403 2336 1582 2383 Torqnes
1599 2347 1663 2372 au-

951 2399 1029 2428 tem
1052 2404 1154 2441 saepe
1176 2400 1344 2443 gestatos
1359 2389 1489 2428 videas
1508 2404 1664 2441 serpen-

951 2449 1058 2486 tibus
1076 2449 1235 2495 similes,
1256 2448 1373 2485 etiam
1391 2447 1434 2483 in
1454 2449 1574 2498 signis
1595 2462 1660 2486 ve-

950 2513 1093 2543 terum.
1126 2505 1264 2543 Toem‘a
1294 2503 1411 2541 victa·
1427 2504 1494 2542 :h.
1518 2518 1552 2542 e.
1584 2507 1660 2543 vit-

949 2571 986 2601 ta
1001 2577 1012 2610 3
1030 2564 1106 2601 nisi
1125 2562 1285 2612 proprie
1303 2560 1345 2598 h.
1365 2561 1393 2598 1.
1414 2574 1502 2599 oras
1519 2569 1558 2599 et
1577 2564 1659 2599 vin-

948 2620 1037 2657 cula
1059 2620 1248 2656 vittarum
1272 2618 1334 2655 vel
1357 2618 1568 2656 fasciarum
1589 2619 1656 2656 de-

946 2675 1158 2728 pendentia
1183 2674 1326 2713 toem‘as
1351 2673 1475 2721 dixit,
1509 2677 1657 2714 tortiles

945 2743 984 2772 et
998 2732 1247 2783 serpentibus
1264 2733 1423 2771 similes.

1005 2790 1242 2837 354-352
1272 2791 1405 2828 Primo
1435 2790 1580 2828 furoris
1606 2803 1656 2827 ex
