1767 3054
658 115 810 152 LIBER
842 116 935 151 vu.

1466 117 1546 167 239

49 189 214 235 Dictus
239 187 360 244 avis;
378 198 425 233 et
449 201 573 232 nunc
598 200 819 247 magnum
844 195 999 230 manet
1022 186 1180 231 Ardea
1203 203 1372 234 nomen
1396 209 1404 233 :

50 263 143 311 Sed
170 264 359 309 fortuna
383 261 485 306 suit.
511 260 669 306 Tectis
695 259 774 305 hic
796 263 987 306 Turnus
1012 260 1059 304 in
1085 260 1190 306 altis

51 343 155 386 Jam
180 335 380 383 mediam
405 335 540 397 nigra
561 334 785 397 carpebat
807 347 945 381 nocte
969 335 1192 396 quietem.

52 413 234 460 Allecto
260 422 442 456 torvam
469 410 634 456 facicm
660 421 706 455 ct
728 409 914 455 furialia
936 407 1146 454 membra
1496 424 1556 456 ,ω

52 486 220 543 Exuit3
245 486 293 532 in
318 486 476 532 vultus
501 501 602 531 sese
627 486 931 532 transformat
957 484 1115 540 anilis,

53 566 113 610 Et
138 562 340 608 frontem
365 560 617 607 obscenam
632 562 772 623 ‘rugis
792 572 893 606 arat
922 579 931 605 :
954 559 1107 605 induit
1132 558 1262 606 albos

58 638 177 684 Cum
200 636 319 682 vitta
345 635 509 692 crinis;
533 647 632 681 tum
655 650 835 680 ramum
854 634 1048 680 innectit
1073 633 1231 689 olivae3

2 748 16 762 .
55 710 130 757 Fit
150 708 386 770 Chalybe,
407 713 432 755 J
438 709 606 754 unonis
632 725 770 765 anus,
796 708 1054 771 templique
1079 706 1320 764 sacerdos;

56 786 115 830 Et
132 783 296 846 juveni
325 795 433 829 ante
457 783 618 828 oculos
642 781 716 827 his
738 798 787 827 se
808 797 915 826 cum
939 779 1139 826 vocibus
1167 780 1309 825 offert
1335 799 1345 824 ε

1495 795 1555 827 420

126 880 142 897 ι(
168 860 350 915 Turne,
378 866 447 902 tot
472 857 703 903 incassum
727 856 854 902 fusos
879 855 1060 916 patiere
1084 854 1294 909 labores,

59 1041 149 1066 men
192 1027 304 1065 urbis
338 1040 524 1080 magnum
558 1041 603 1065 ac
642 1027 777 1066 nobile

60 1094 214 1130 manet3
251 1098 388 1122 verum
418 1087 578 1123 fortuna
612 1087 777 1137 pristina

63 1143 173 1181 urbis
194 1144 386 1180 exstincta
414 1152 483 1181 est.

124 1202 220 1245 415.
250 1201 391 1238 Alecto
426 1202 540 1237 trinis
569 1200 696 1238 modis
716 1201 776 1237 fu-

64 1272 194 1296 rorem
222 1260 372 1306 injicit,
404 1261 568 1296 Amatoe
596 1272 667 1309 per
699 1271 777 1295 ser·

64 1324 223 1367 pentem
254 1330 304 1354 ex
346 1316 503 1353 occulto
536 1318 778 1362 immissum,

66 1387 174 1411 nunc
214 1375 345 1411 Turno
381 1387 452 1424 per
484 1386 668 1411 somnum
704 1373 780 1410 sub

66 1433 196 1482 specie
216 1444 314 1469 anus
331 1431 487 1476 oblata3
521 1429 677 1468 tandem
699 1431 779 1477 475

67 1503 175 1540 seqq.
197 1489 361 1526 canibus
378 1488 528 1525 rabiem
555 1489 712 1525 incutit.
730 1489 780 1526 cf.

70 1560 159 1598 sup.
197 1546 247 1584 ad
280 1548 438 1584 323—
468 1548 562 1596 329.
593 1567 651 1574 —
683 1546 780 1590 416.

67 1604 171 1642 Exit
210 1615 251 1642 et
282 1604 323 1641 in
363 1604 515 1655 aliquot
552 1605 653 1642 Pier.
692 1616 782 1640 cum

67 1664 207 1700 Franc.
238 1662 411 1700 Videtur
433 1662 510 1700 hoc
539 1660 783 1699 reconditam

69 1719 291 1758 doctrinam
306 1720 451 1758 habere
466 1732 475 1758 :
490 1719 666 1757 membra
684 1720 782 1757 exit.

70 1778 146 1816 Sed
162 1778 366 1816 manifesta
382 1786 440 1815 est
457 1778 694 1828 corruptela.
707 1779 786 1814 Pri-

71 1848 182 1873 mum
208 1836 362 1873 librarii
392 1835 505 1885 lapsu
533 1835 663 1872 Exuit
684 1844 724 1871 et
747 1835 786 1871 in

71 1893 263 1943 scriptum
294 1899 398 1937 erat;
426 1900 472 1928 ut
493 1901 619 1928 metro
642 1904 786 1929 consu-

72 1950 246 1995 leretur,
276 1949 343 1985 alii
373 1951 428 1985 sic
459 1947 787 1994 emendaverant,

75 2006 176 2044 Exit
202 2016 242 2043 et
263 2006 304 2042 in
319 2034 330 2050 ,
365 2006 453 2051 alii,
488 2005 615 2043 Exuit
631 2015 671 2042 et
700 2005 791 2042 vul-

75 2074 136 2101 tus
161 2062 270 2114 quod
292 2071 329 2101 et
348 2063 478 2114 ipsum
507 2063 602 2100 libri
626 2063 788 2100 habent.

76 2124 235 2160 Venet.:
257 2119 395 2166 Exuit,
419 2120 460 2157 in
480 2121 615 2158 vultus
627 2130 668 2158 et
677 2134 791 2158 se.—

79 2187 177 2226 41:⁸-
200 2178 420 2216 obscenam
438 2178 566 2229 simpl.
591 2192 686 2229 pro,
712 2187 791 2215 tur-

77 2249 181 2288 pem.
211 2228 387 2275 observa
410 2244 539 2273 autem
568 2237 689 2286 epicae
708 2235 792 2272 dic-

78 2295 199 2332 tionis
239 2302 422 2331 ornatum
462 2295 506 2330 in
539 2293 618 2330 hoc
633 2322 643 2338 ‚
682 2292 792 2344 quod

79 2352 241 2403 vulgare
259 2350 361 2388 illud
378 2364 388 2390 :
409 2369 428 2382 u
447 2353 609 2388 assumit
627 2352 793 2388 formam

80 2422 179 2447 anus
198 2422 352 2460 rugosae
365 2437 376 2455 ,
400 2421 506 2446 canae
525 2427 543 2440 u
571 2409 733 2447 resolvit
750 2411 794 2446 in

81 2466 202 2505 verba
223 2480 233 2505 :
259 2476 374 2512 arat,
413 2466 564 2513 induit,
597 2466 794 2512 innectit,-

82 2524 124 2564 h.
152 2538 186 2562 e.
217 2524 338 2563 habet
365 2526 552 2570 innexas,
577 2532 615 2561 et
634 2527 690 2562 sic
709 2525 797 2562 reli-

85 2594 176 2633 qua.
195 2604 253 2611 —-
277 2590 373 2633 419.
393 2582 457 2619 Fit
478 2581 674 2627 Chalrbe,
698 2595 800 2619 anus

85 2640 269 2678 sacerdos
291 2638 465 2678 Iunonis
492 2639 709 2691 templique
730 2654 744 2676 .·
768 2641 800 2677 si

89 2695 199 2734 aliter
216 2698 350 2751 jungis
369 2697 490 2735 verba
503 2725 514 2744 ,
545 2699 676 2736 minus
696 2711 802 2735 com-

90 2751 205 2791 mode
231 2753 301 2802 flt3
332 2756 403 2794 etsi
422 2768 496 2793 nec
515 2755 592 2794 hoc
612 2757 722 2794 omni
742 2757 801 2794 in·

843 1025 1054 1065 commodo
1081 1034 1199 1064 caret.
1230 1028 1357 1077 Igitur
1380 1025 1560 1063 sacerdos

843 1086 1017 1123 Junonis
1036 1085 1104 1122 tali
1123 1092 1205 1121 erat
1230 1083 1370 1120 habitu
1384 1112 1394 1130 ‚
1419 1092 1465 1120 ut
1488 1085 1561 1120 vit-

845 1152 883 1179 ta
919 1151 957 1179 et
994 1142 1191 1194 oleaginea
1227 1154 1373 1178 corona
1413 1141 1562 1177 vinctas

842 1199 1006 1238 haberet
1040 1213 1184 1237 comas,
1214 1200 1394 1235 Imitatus
1428 1207 1485 1235 est
1519 1200 1561 1234 in

845 1260 994 1296 Tiresia
1013 1259 1157 1296 Statius
1178 1259 1216 1294 11
1234 1256 1360 1294 Theb.
1380 1269 1431 1305 97
1449 1256 1463 1302 ‚¹
1481 1255 1532 1304 98
1550 1284 1561 1299 ,

822 1329 925 1366 -99,
949 1324 988 1352 et
1009 1317 1053 1352 in
1077 1314 1320 1365 Amphiarao
1343 1316 1423 1350 ΥΠ
1437 1341 1448 1359 ,
1482 1314 1557 1356 88,

849 1374 918 1423 89.
945 1375 1143 1410 Iunonem
1175 1379 1306 1408 autem
1334 1372 1476 1408 merito
1496 1384 1563 1420 po-

847 1433 948 1476 suit,
986 1431 1133 1480 quippe
1165 1441 1255 1480 quae
1284 1429 1411 1465 Turni
1444 1428 1563 1465 rebus

849 1487 981 1525 studet
996 1517 1006 1534 ,
1035 1497 1074 1524 et
1096 1488 1209 1535 cujus
1234 1486 1425 1536 templum
1447 1485 1563 1522 fuisse

848 1545 991 1583 Ardeae
1025 1559 1076 1582 ex
1103 1545 1202 1582 locis
1233 1544 1354 1582 Plinii
1386 1551 1562 1587 constat,

848 1605 892 1641 in
910 1603 1058 1654 quibus
1076 1603 1363 1653 antiquissimas
1383 1600 1565 1638 Ardeatis

849 1662 987 1712 templi
1004 1662 1179 1711 picturas
1197 1661 1362 1696 miratur
1380 1661 1538 1696 XXXV
1553 1687 1563 1702 ‚

853 1721 903 1766 3,
932 1732 962 1756 s,
995 1719 1020 1756 6
1047 1728 1086 1755 et
1118 1731 1189 1763 10,
1218 1731 1248 1755 s,
1277 1718 1566 1764 37.—-Porro

852 1791 875 1814 a
893 1779 1030 1815 Servio
1044 1777 1123 1824 jam
1140 1775 1241 1813 ordo
1258 1774 1473 1811 verborum
1494 1775 1567 1809 fac-

854 1843 918 1871 tus
930 1848 944 1871 .·
957 1834 1021 1871 Fit
1036 1832 1224 1881 Chalybe,
1240 1839 1279 1868 et
1291 1830 1458 1868 sunonis
1475 1839 1567 1866 term

846 1891 913 1942 pli
944 1904 1047 1927 anus
1075 1889 1274 1927 sacerdos.
1316 1890 1567 1925 Burmannus

856 1949 973 1986 aliam
985 1949 1177 1985 rationem
1190 1945 1349 1993 subjicit
1365 1957 1373 1982 ε
1389 1944 1452 1982 Fit
1469 1943 1568 1981 Cha-

857 2006 946 2055 bee
964 2019 1066 2042 anus
1082 2013 1122 2042 et
1136 2002 1319 2041 sacerdos
1343 2001 1483 2052 templi
1500 2004 1569 2038 Jw

857 2063 986 2100 nonis.
1004 2048 1187 2100 Alterum
1204 2060 1350 2097 durum
1363 2088 1374 2105 ,
1401 2059 1568 2096 alterum

856 2121 996 2158 solutae
1011 2120 1181 2158 orationi
1209 2119 1374 2169 propius
1399 2117 1568 2154 videtur.

857 2177 1029 2216 Iunonis
1058 2190 1160 2214 anus
1179 2175 1322 2213 dubito
1344 2175 1459 2226 jungi
1479 2188 1569 2225 pos-

858 2249 921 2280 se,
965 2244 1010 2273 ut
1033 2237 1105 2281 sit,
1142 2235 1296 2272 Junoni
1318 2245 1426 2270 sacra
1457 2245 1569 2269 anus.

858 2295 976 2332 Forte
997 2293 1136 2330 melius
1166 2304 1250 2329 rem
1275 2292 1331 2328 sic
1359 2289 1569 2340 expedias:

859 2351 1030 2403 vulgaris
1044 2351 1143 2388 ratio
1155 2357 1238 2386 erat
1251 2361 1261 2386 :
1275 2348 1460 2386 sacerdos
1471 2361 1572 2384 amu

861 2408 917 2459 (s.
943 2408 1075 2446 vetula
1085 2407 1111 2459 )
1121 2407 1262 2457 templi
1280 2405 1450 2444 Iunonis
1464 2421 1478 2450 ;
1499 2418 1572 2456 pro

860 2466 934 2504 hac
958 2466 1113 2504 doctius
1142 2464 1245 2502 dixit
1270 2472 1415 2515 poeta:
1445 2476 1572 2501 sacer-

864 2524 935 2561 dos
963 2537 1064 2561 anus
1086 2522 1258 2561 ,Iunonis
1280 2531 1320 2559 et
1336 2521 1487 2571 templi.
1519 2541 1575 2547 -—-

868 2589 964 2626 421.
994 2581 1153 2620 Patiere
1167 2580 1288 2632 fusos
1321 2591 1472 2630 graece,
1502 2591 1575 2628 pro

865 2641 1013 2691 patiere
1032 2638 1199 2677 eflundi.
1214 2640 1250 2675 E
1255 2647 1268 2674 c
1284 2635 1503 2674 transcribi.
1519 2637 1576 2672 De

867 2710 966 2736 voce
987 2695 1197 2735 transcribi
1213 2709 1252 2733 v.
1277 2707 1365 2745 sup.
1388 2696 1425 2729 V
1440 2722 1450 2739 ,
1472 2693 1549 2740 750
1568 2706 1576 2735 ;

866 2754 907 2793 h.
942 2756 969 2794 l.
1001 2754 1202 2793 transferri
1234 2754 1286 2790 ait
1316 2764 1479 2803 regnum
1509 2751 1575 2784 La-
