1767 3054
127 111 209 148 214

755 107 998 148 AENEIDOS

121 175 381 222 Advenisse
405 174 548 222 viros.
576 175 660 222 Ille
681 176 804 223 intra
826 188 947 225 tecta
968 182 1130 226 vocari

123 255 355 313 Imperat,
377 262 423 297 et
443 253 561 298 solio
583 253 764 299 medius
790 255 1003 302 consedit
1028 259 1170 303 avito,

186 331 384 374 Tectum
403 339 668 390 augustum,
688 330 866 390 ingens,
879 340 1065 375 centum
1085 331 1286 379 sublime
1300 331 1544 394 columnis,
1557 353 1619 387 170

122 402 255 449 Urbe
276 405 365 450 fuit
389 419 592 460 summa,
618 405 867 449 Laurentis
890 405 1020 466 regia
1043 407 1161 464 Pici,

122 477 428 524 Horrendum
450 478 578 523 silvis
603 488 650 522 et
674 478 918 538 relligione
942 490 1206 540 parentum.

120 552 212 597 Hic
231 563 416 613 sceptra
436 551 678 613 adcipere,
701 563 747 596 et
770 552 947 612 primos
973 552 1197 599 adtollere
1220 555 1356 607 fascis

120 625 331 688 Regibus
353 642 491 672 omen
516 637 615 672 erat
627 645 640 684 3
666 626 758 672 hoc
777 626 866 672 illis
888 627 1020 672 curia
1042 629 1293 690 templum3

121 703 207 747 Hae
233 703 376 748 sacris
402 702 533 748 sedes
556 702 731 763 epulis;
756 701 834 747 hic
855 702 1000 747 ariete
1023 718 1143 748 caeso
1558 718 1617 759 175

120 776 367 837 Perpetuis
392 776 518 822 soliti
541 786 700 838 patres
727 776 973 823 considere
1000 777 1188 823 mensis.

185 988 277 1022 171.
306 975 406 1012 Urbe
417 973 504 1026 ficit
533 974 667 1012 media
686 975 835 1012 lectum

120 1032 267 1069 alicubi
292 1042 381 1070 ante
403 1034 602 1078 Pierium3
633 1042 671 1070 et
694 1035 749 1070 sic
771 1033 836 1070 ali-

119 1099 219 1140 quot
235 1092 372 1129 Heins.
391 1098 430 1126 et
445 1092 581 1129 Burm.
601 1104 693 1128 cum
712 1091 834 1130 Goth.

119 1155 208 1185 tert.
231 1148 373 1185 medice
392 1149 561 1186 Dorvill.
574 1171 633 1178 --
651 1150 735 1186 Pici
751 1149 835 1186 haec

118 1205 232 1256 regia
252 1207 294 1243 in
318 1219 406 1243 arce
435 1208 646 1253 Laurenti,
680 1207 836 1244 diversa

117 1264 259 1312 utique
286 1278 307 1301 a
328 1265 456 1301 Latini
489 1266 594 1315 regia
627 1277 744 1300 versu
781 1265 833 1314 59

117 1333 226 1371 seqq.
264 1322 481 1372 descripta,
532 1331 571 1358 et
616 1323 835 1371 improprie

117 1378 221 1415 dicta
243 1380 378 1431 regia,
399 1379 478 1416 hoc
513 1388 591 1425 est,
617 1377 834 1417 aedificium

117 1436 396 1487 magnificum3
418 1450 509 1474 nam
526 1438 604 1474 fuit
620 1438 814 1487 templum
825 1467 835 1486 ‚

117 1493 229 1543 quod
266 1509 340 1545 pro
374 1497 482 1531 curia
516 1504 637 1540 esset,
677 1508 697 1530 e
727 1508 837 1531 more

115 1552 341 1601 priscorum
369 1552 593 1589 hominum.
619 1554 680 1588 Ex
699 1551 837 1600 fragm.

118 1610 250 1647 Vatic.
281 1623 300 1646 a
319 1609 493 1647 Bartolio
512 1622 601 1660 pag.
641 1610 719 1653 134
755 1609 833 1645 for-

116 1679 181 1703 ma
208 1667 329 1714 hujus
356 1667 494 1717 templi
536 1679 719 1716 expressa
750 1675 828 1712 est,

118 1724 187 1760 sed
226 1725 351 1761 aliena
394 1723 607 1761 admodum
646 1737 665 1759 a
706 1733 834 1773 poetae

118 1791 250 1819 mente
283 1796 329 1819 ac
359 1784 526 1819 ratione.
558 1783 739 1818 Imitatus
777 1789 835 1819 est

116 1839 256 1877 locum
276 1840 404 1877 multo
425 1853 517 1876 cum
538 1839 753 1875 verborum
777 1847 835 1876 tu-

118 1910 228 1935 more
246 1901 416 1944 Seneca,
440 1897 603 1948 Thyest.
622 1910 722 1934 vers.
750 1897 830 1942 641

118 1955 168 1992 ad
204 1956 302 2000 664.
331 1955 432 1993 Urbe
466 1968 623 1991 summa
659 1953 693 1991 ἐν
722 1951 835 1992 πόλει

119 2009 344 2065 ἀκροτάτη,
379 2022 426 2050 ut
449 2012 561 2050 Iliad.
587 2026 637 2061 χ,
664 2025 741 2059 172
757 2040 768 2058 ,
792 2012 833 2051 h.

119 2084 153 2108 e.
188 2069 222 2108 ἐν
260 2068 486 2124 ἀκροπόλει.
526 2071 639 2108 Circa
671 2069 836 2107 domum

118 2128 226 2165 illam
252 2129 366 2166 lucus
392 2137 474 2166 erat
500 2126 569 2179 (v,
595 2127 701 2178 172)
726 2141 836 2165 more

119 2194 299 2222 veterum
317 2187 361 2223 in
384 2186 564 2235 templis,
596 2194 635 2222 et
661 2187 704 2222 in
730 2186 837 2235 prin-

121 2244 254 2292 cipum
288 2243 452 2282 aedibus.
482 2243 666 2280 Alterum
684 2243 762 2279 hoc
786 2257 837 2280 ex

120 2299 147 2336 l.
171 2302 209 2336 II
223 2328 233 2345 ,
261 2314 342 2351 299
357 2330 366 2347 ‚
397 2303 478 2339 300
499 2300 547 2337 de
564 2301 751 2338 Anchisae
767 2300 837 2338 do-

121 2369 188 2393 mo
219 2361 481 2397 meminimus.
514 2380 571 2386 -
598 2360 702 2406 173,
740 2366 834 2405 174.

122 2415 198 2451 Hic
233 2427 398 2464 regnum
432 2417 625 2466 auspicari
657 2416 838 2453 solebant

61 2488 68 2496 ¹
122 2484 244 2522 reges.
272 2473 400 2509 Omen
428 2475 579 2524 egregie
608 2487 681 2523 pro
701 2486 834 2521 more,

124 2530 191 2565 cui
213 2527 365 2565 bonum
389 2543 506 2567 omen
525 2532 652 2568 inerat
665 2559 675 2576 ,
699 2540 744 2568 ut
760 2544 838 2567 ma-

119 2587 254 2635 J'orum
276 2586 436 2623 fortuna
458 2597 686 2636 sequeretur
707 2602 839 2638 regem

123 2655 290 2693 regnum
331 2645 606 2692 auspicantem.
651 2647 840 2694 Auspicia

124 2701 235 2751 regni
263 2713 283 2736 a
309 2702 446 2736 sumtis
474 2703 585 2750 regni
615 2702 839 2751 insignibus

126 2757 306 2797 declarat.
325 2757 521 2796 Attollere
525 2756 665 2809 fasces
682 2771 756 2809 pro
777 2771 838 2805 eo,

901 972 1013 1024 quod
1043 975 1247 1024 sequitur‚·
1281 982 1328 1011 ut
1357 974 1621 1024 praeferantur

902 1044 1009 1068 novo
1027 1033 1108 1082 regi
1129 1043 1137 1069 :
1160 1045 1269 1068 more
1291 1032 1437 1079 Italiae3
1467 1047 1540 1071 nec
1567 1035 1617 1072 ab

902 1090 1090 1126 Romanis
1112 1090 1292 1127 invento.
1308 1112 1367 1118 —-
1389 1090 1467 1138 175
1481 1119 1495 1138 ⁷
1521 1092 1617 1139 176.

904 1149 1039 1183 Potest
1075 1147 1214 1196 aliquis
1256 1148 1393 1197 paullo
1433 1148 1615 1196 doctior,

901 1205 983 1240 sive
1004 1203 1052 1240 ad
1070 1206 1343 1242 OEnotrorum
1358 1203 1549 1252 συσσιτία,
1569 1205 1620 1244 de

901 1262 1047 1310 quibus
1073 1263 1240 1301 Aristot.
1260 1262 1307 1299 de
1334 1263 1493 1313 Repub.
1513 1265 1619 1311 VII,

908 1331 956 1354 10
985 1319 1207 1366 videndus,
1235 1321 1317 1356 sive
1345 1321 1394 1357 ad
1421 1320 1535 1358 ferias
1551 1323 1621 1358 La-

901 1376 1003 1412 tinas
1033 1378 1174 1426 respici
1199 1386 1354 1426 putare.
1381 1379 1541 1416 Servius
1569 1379 1620 1415 ad

902 1433 1092 1482 palatium
1114 1435 1287 1484 Augusti
1317 1434 1486 1472 allusum
1510 1435 1620 1473 credi

905 1491 1046 1536 voluit,
1067 1499 1112 1527 ut
1131 1504 1181 1527 ex
1200 1491 1284 1538 eJ'us
1296 1492 1427 1529 verbis
1443 1493 1588 1544 colligo
1607 1506 1619 1532 :

905 1563 924 1578 «
950 1547 1089 1584 Ariete
1119 1561 1234 1585 caeso.
1265 1551 1353 1585 Hoc
1381 1550 1619 1604 sacrficium

907 1603 948 1639 in
987 1604 1123 1655 janua
1156 1605 1313 1653 palatii
1337 1606 1471 1658 fiebat
1495 1607 1618 1659 sestis

899 1660 1047 1699 diebus.
1067 1680 1085 1693 υ
1113 1664 1162 1698 Et
1182 1665 1378 1712 Pompon.
1399 1664 1489 1701 Sab,
1512 1665 1560 1702 ad
1575 1679 1618 1704 v.

906 1731 985 1766 170
1015 1731 1063 1756 :u
1101 1720 1306 1769 Templum
1331 1721 1532 1770 Apollinis
1565 1723 1618 1760 ab

900 1779 1081 1827 Augusto
1113 1777 1154 1813 in
1174 1777 1335 1826 palacio
1347 1777 1521 1828 positum
1549 1780 1620 1817 de-

899 1834 1041 1871 scribit.
1062 1852 1081 1866 »
1098 1835 1312 1872 Palatinam
1341 1837 1514 1887 Augusti
1545 1837 1620 1875 do-

900 1904 1011 1928 mum
1045 1891 1318 1929 adumbratam
1352 1895 1470 1930 etiam
1505 1894 1619 1933 Blan-

903 1948 1059 1986 chinius
1080 1949 1291 2001 (Palazzo
1309 1950 1373 1987 de’
1396 1951 1535 1989 Cesari
1550 1951 1566 2004 )
1579 1959 1619 1989 et

902 2006 1163 2045 Holdsworth
1189 2008 1394 2047 volebant.
1414 2009 1489 2047 Sed
1505 2010 1618 2060 sequi

900 2065 1036 2111 juvat,
1063 2066 1172 2116 quod
1191 2066 1523 2116 simplicissimum
1546 2074 1619 2104 est.

902 2123 971 2159 Est
988 2122 1066 2159 hoc
1090 2124 1282 2175 templum
1305 2137 1381 2173 pro
1398 2132 1591 2175 prytaneo
1604 2150 1617 2169 ‚

903 2181 1011 2216 curia
1040 2189 1108 2217 aut
1127 2182 1247 2218 simili
1267 2181 1353 2218 aede
1370 2182 1528 2232 publica
1546 2193 1556 2219 ε
1573 2181 1618 2217 in

903 2250 980 2287 qua
1008 2238 1107 2275 adeo
1126 2238 1317 2276 sacrificia
1341 2239 1501 2289 publiea
1523 2250 1616 2274 cum

903 2295 1031 2344 epulis
1053 2309 1255 2335 sacrorum
1271 2296 1482 2333 habentur.
1503 2293 1618 2332 Arie-

903 2362 941 2389 te
968 2367 1094 2399 coeso,
1132 2356 1297 2405 proprio
1330 2354 1462 2402 aliquo
1487 2364 1616 2389 sacro-

903 2424 992 2449 rum
1015 2413 1119 2448 inter
1142 2413 1300 2449 Latinos
1325 2421 1458 2455 more,
1489 2409 1616 2459 epulae

902 2482 1019 2506 sacrae
1031 2471 1310 2506 instituuntur.
1324 2469 1428 2504 Tum
1445 2467 1478 2502 si
1488 2466 1617 2516 publi-

904 2540 994 2563 cum
1005 2525 1051 2564 fit
1058 2523 1310 2569 sacrificium,
1321 2521 1533 2560 confluunt
1541 2525 1618 2574 pri-

904 2597 1034 2621 mores
1045 2583 1171 2632 gentis
1179 2609 1189 2627 ,
1205 2582 1310 2630 iique
1323 2579 1449 2630 epulis
1460 2583 1616 2631 excepti

905 2641 1054 2686 sedent,
1074 2638 1220 2675 mensis
1242 2636 1460 2687 perpetuis,
1472 2637 1513 2675 h.
1526 2638 1615 2675 lon-

905 2711 952 2749 ga
972 2705 1012 2734 et
1031 2696 1201 2733 multum
1227 2703 1487 2745 procurrente
1510 2708 1615 2732 men-

905 2768 946 2792 sa
959 2768 970 2803 3
983 2762 1030 2792 ut
1040 2761 1277 2805 perpetuum
1300 2762 1454 2804 tergum
1473 2760 1512 2790 et
1529 2752 1619 2794 alia2
