1767 3054
188 119 266 156 160

815 119 1060 158 AENEIDOS

181 191 393 252 Ilusque,
421 192 796 252 Assaracusque,
818 201 864 236 et
884 192 1039 254 Trojae
1063 191 1316 239 Dardanus
1338 204 1517 240 auctor.

1623 206 1685 237 650

180 268 326 310 Arma
350 263 516 326 procul
538 280 801 326 currusque
825 265 983 311 virum
1005 266 1205 312 miratur
1229 267 1395 314 inanis.

181 341 316 384 Stant
344 349 471 385 terra
497 339 662 386 defixae
682 339 851 398 hastae,
873 341 1142 403 passimque
1166 342 1307 389 soluti

180 416 268 458 Per
292 429 483 476 campos
508 426 768 475 pascuntur
790 415 927 476 equi;
953 431 1059 476 quae
1085 417 1236 477 gratia
1256 433 1483 464 curruum

179 491 533 548 Armorumque
559 488 648 533 fuit
675 488 818 546 vivis,
845 504 952 549 quae
976 505 1091 535 cura
1111 491 1302 538 nitentis

179 564 374 607 Pasccre
400 577 570 622 equos,
595 560 761 607 eadem
789 563 1005 624 sequitur
1028 564 1195 610 tellure
1220 576 1450 626 repostos.

1620 578 1681 607 655

181 636 422 698 Conspicit
446 652 554 683 ecce
579 637 694 684 alios
720 637 888 684 dextra
912 639 1124 700 laevaque
1148 655 1235 701 per
1257 638 1455 687 herbam

182 710 450 768 Vescentis,
476 711 732 773 laetumque
759 712 907 758 choro
933 716 1100 759 Paeana
1123 712 1354 772 canentis,

181 788 313 831 Inter
339 784 591 831 odoratum
617 786 739 832 lauri
755 803 943 847 nemus,
972 786 1098 832 unde
1122 802 1327 849 superne

244 976 324 1013 651
345 975 512 1012 -655.
552 977 703 1011 Iterum
729 975 778 1012 ad
804 977 904 1013 'Pin-

184 1033 270 1070 dari
301 1032 469 1069 ductum
496 1033 523 1069 1.
561 1045 595 1069 c.
624 1032 763 1070 Paullo
793 1033 904 1069 aliter

184 1091 269 1128 haec
291 1098 452 1128 tractata
482 1103 504 1125 a
535 1089 698 1127 Platone
724 1090 800 1126 sub
830 1089 902 1128 fin.

183 1149 256 1186 lib.
276 1151 316 1186 X
341 1147 388 1184 de
420 1147 577 1197 Repub.
599 1149 804 1184 Sectantur
822 1149 905 1185 ani-

186 1219 261 1243 mae
281 1213 381 1242 artes
398 1205 542 1254 prioris
561 1206 651 1240 vitae
664 1232 674 1250 ,
700 1207 905 1243 communi

187 1263 432 1314 populorum
462 1263 654 1311 opinione
685 1264 801 1299 etiam
834 1263 905 1300 bo-

187 1321 368 1357 realium.
401 1319 574 1357 Eandem
613 1332 697 1356 rem
726 1322 770 1357 in
805 1322 905 1357 anti-

187 1379 275 1428 quis
297 1390 457 1427 quoque
477 1378 747 1414 monumentis
764 1390 906 1414 occur-

188 1448 299 1480 rere,
333 1443 477 1483 putant
508 1435 583 1471 viri
606 1433 728 1471 docti.
760 1434 825 1471 Ad
844 1437 907 1473 sui

187 1492 378 1542 temporis
408 1492 565 1541 negotia
592 1491 678 1528 haec
704 1494 908 1529 revocavit

190 1549 310 1587 Ovid.
341 1550 439 1585 Met.
470 1550 543 1593 IV,
575 1556 657 1593 444
689 1562 797 1599 seqq.
819 1552 905 1588 Me-

188 1607 266 1644 lius
282 1608 397 1643 Maro
420 1605 619 1642 heroicam
637 1608 758 1643 vitam
775 1619 907 1644 serva-

189 1665 260 1700 vit.
299 1663 500 1700 Describit
534 1672 665 1700 autem
703 1665 782 1702 otia
824 1677 904 1702 cas-

195 1722 339 1757 trensia
362 1734 400 1758 v.
421 1734 454 1758 c.
476 1720 589 1759 Iliad.
615 1735 667 1775 γ,
706 1722 798 1759 135.
828 1725 907 1760 He-

190 1778 328 1815 roibus
355 1779 577 1815 Homericis
596 1791 735 1830 magna
758 1781 881 1829 gratia
895 1807 905 1825 ,

190 1834 367 1885 adeoque
399 1848 530 1880 amor,
567 1843 625 1872 est
656 1836 807 1873 mssitiae
838 1851 906 1874 cu—

191 1892 300 1929 rulis.
340 1891 405 1929 Ad
438 1892 643 1930 meliorem
673 1895 801 1930 nostri
834 1895 907 1931 aevi

186 1949 480 1999 philosophiam
518 1950 647 2000 Elysii
683 1951 907 2001 voluptates

189 2007 491 2044 accommodatae
528 2016 622 2044 sunt
651 2009 695 2044 in
728 2009 904 2046 Telema-

189 2062 267 2101 cho
302 2064 374 2102 h’b.
410 2067 524 2103 XIX.
561 2066 709 2102 Procul
739 2065 911 2104 miratur

186 2134 262 2171 pro
282 2123 477 2171 conspicit
502 2134 511 2160 :
542 2121 689 2163 θηεῖται
721 2124 903 2162 Homeri-

189 2191 294 2216 cum.
339 2178 480 2216 Currus
516 2179 685 2226 inanes,
733 2181 901 2231 simplic.

188 2237 376 2284 quoniam
396 2236 549 2273 adstant
571 2240 690 2274 vacui
715 2238 901 2277 dominis,

186 2293 267 2327 Vix
288 2294 393 2329 enim
417 2295 549 2342 potuit
578 2294 774 2332 declarare
804 2296 902 2333 levi-

188 2356 306 2385 tatem
341 2350 596 2397 umbrarum,
631 2365 722 2402 quae
755 2354 803 2388 iis
839 2355 901 2390 in-

187 2405 344 2442 sistunt.
370 2406 511 2444 Gracia
536 2421 645 2445 nunc
663 2418 720 2446 est
738 2408 903 2447 delecta-

188 2463 267 2507 tio,
307 2462 511 2512 voluptas,
548 2473 586 2501 et
614 2467 779 2516 proprio
812 2480 901 2506 voe.

187 2518 376 2556 studium.
424 2521 581 2557 Tellure
620 2532 816 2572 repostos,
840 2533 905 2569 ‘ut

189 2575 305 2629 alibi,
328 2575 497 2623 conditi,
518 2581 681 2617 mortui.

246 2633 512 2684 656-659.
545 2636 631 2672 1100
661 2649 752 2673 cum
774 2639 900 2675 Axio·

189 2690 265 2727 cho
286 2690 314 2728 l.
337 2704 370 2728 c.
394 2692 717 2742 comparandum.
732 2716 786 2724 ——-
801 2695 899 2742 657.

187 2749 415 2793 Vescence5‚
444 2749 661 2799 epulantes.
691 2753 815 2789 Usum
832 2765 900 2790 vo·

972 976 1026 1012 cis
1054 988 1137 1012 non
1166 988 1216 1012 ex
1246 975 1363 1025 plebe
1394 988 1500 1023 esse,
1536 976 1689 1014 videbis

970 1032 1044 1070 inf.
1064 1035 1190 1079 VIII,
1221 1034 1298 1069 182
1315 1061 1326 1080 ,
1354 1033 1446 1080 183,
1461 1034 1533 1071 ubi
1556 1034 1605 1072 de
1629 1049 1688 1072 sa-

972 1102 1054 1127 cro.
1087 1089 1310 1128 Wakefield
1331 1092 1508 1140 reposuit
1534 1105 1555 1128 e
1580 1094 1686 1140 conj.

971 1147 1191 1194 vertentis,
1225 1156 1350 1198 puto,
1386 1160 1461 1197 pro
1491 1149 1688 1187 saltantes.

971 1206 1056 1241 Vix
1075 1213 1195 1242 erunt
1223 1205 1362 1252 multi,
1391 1205 1462 1255 qui
1491 1206 1687 1256 probent,

971 1275 1055 1300 non
1077 1264 1198 1314 magis
1219 1276 1340 1312 quam
1357 1271 1590 1308 versantes,
1618 1277 1686 1314 pe-

973 1319 1102 1357 destre
1122 1333 1211 1358 voc.
1235 1319 1382 1358 Choros
1399 1321 1504 1368 conj.
1523 1322 1660 1359 Heius.
1673 1349 1684 1366 ‚

973 1377 1043 1414 sed
1069 1376 1188 1414 choro
1215 1377 1394 1415 absolute
1416 1377 1568 1416 dictum
1586 1391 1662 1429 pro
1677 1407 1688 1424 ‚

972 1434 1016 1470 in
1040 1433 1190 1482 choro,
1217 1434 1384 1472 chorum
1407 1434 1606 1474 ducendo.
1630 1458 1688 1464 —-

975 1491 1201 1537 Vescentis,
1235 1493 1324 1542 quis
1353 1493 1432 1530 hoc
1462 1501 1575 1543 putet
1597 1496 1686 1531 satis

974 1547 1092 1598 digne
1108 1548 1188 1586 djci
1206 1562 1321 1599 posse
1349 1563 1444 1599 pro,
1468 1550 1604 1600 epulas
1633 1563 1692 1587 ce-

972 1605 1196 1643 lebrantes?
1207 1607 1329 1643 iidem
1344 1603 1537 1650 ἀείδοντες
1548 1604 1691 1648 Παιήο-

972 1675 1044 1709 να,
1066 1664 1231 1701 omnino
1245 1691 1255 1710 ‚
1281 1677 1466 1709 carmen,
1494 1673 1540 1701 ut
1566 1665 1614 1702 11.
1635 1679 1663 1714 χ
1678 1694 1688 1709 ,

975 1721 1054 1770 391
1078 1719 1250 1767 Achivi,
1269 1730 1308 1758 et
1330 1721 1491 1771 quidem
1509 1722 1553 1758 in
1576 1731 1689 1773 grato

973 1791 1135 1816 nemore
1148 1806 1158 1824 ‚
1179 1791 1251 1828 per
1267 1779 1397 1829 quod,
1421 1787 1468 1815 ut
1486 1780 1690 1816 amoenitas

972 1835 1054 1872 loci
1074 1837 1201 1883 major
1223 1844 1345 1882 esset,
1377 1835 1582 1874 descendit
1610 1848 1690 1873 am·
1716 1874 1721 1879 ,

974 1894 1048 1930 nis.
1082 1894 1232 1930 Amnes
1262 1893 1338 1930 sub
1362 1902 1464 1932 terra
1479 1893 1574 1931 ferri
1588 1894 1689 1931 vidi·

973 1963 1062 1987 mus
1079 1952 1159 1998 jam
1181 1951 1325 2002 Georg,
1356 1953 1438 1999 IV,
1463 1951 1569 1998 366,
1590 1951 1686 1999 367.

972 2007 1196 2045 Eridanum
1229 2016 1361 2046 autem
1392 2008 1503 2060 quod
1532 2010 1690 2059 potissi-

971 2078 1083 2102 mum
1111 2066 1301 2116 appellat,
1337 2067 1519 2117 suspicor
1545 2066 1689 2104 fabulis

971 2132 1178 2173 poetarum
1196 2126 1268 2174 qui
1283 2126 1552 2176 Argonautica
1570 2125 1689 2173 scrip-

969 2190 1131 2229 serunt,
1166 2181 1327 2228 deberi,
1364 2195 1384 2219 a
1404 2182 1550 2233 quibus
1572 2181 1686 2231 plura

969 2237 1159 2274 videntur
1170 2239 1348 2276 fabulose
1364 2239 1413 2276 de
1430 2238 1600 2276 Eridano
1613 2247 1687 2274 tra-

970 2293 1050 2332 dita
1066 2307 1149 2332 esse
1162 2322 1173 2340 ‚
1197 2295 1300 2332 forte
1317 2297 1434 2332 etiam
1448 2295 1526 2332 hoc
1540 2322 1550 2341 ‚
1576 2295 1685 2344 quod

970 2352 1018 2389 ad
1032 2352 1119 2389 loca
1135 2351 1202 2388 ifle
1214 2352 1339 2389 infera
1357 2352 1546 2389 defertur.
1565 2351 1615 2389 cf.
1634 2354 1686 2389 A-

968 2409 1065 2460 poll.
1081 2411 1153 2455 IV,
1169 2410 1248 2457 627
1269 2422 1327 2460 sq.
1343 2410 1446 2447 Nam
1460 2408 1538 2446 hoc
1549 2437 1560 2456 ‚
1576 2410 1685 2459 quod

969 2467 1020 2503 ad
1056 2466 1229 2503 inferum
1270 2478 1377 2502 mare
1409 2465 1536 2502 tendit
1549 2494 1560 2512 ,
1592 2476 1659 2504 aut
1672 2497 1682 2514 ‚

970 2522 1080 2573 quod
1104 2536 1188 2561 non
1211 2523 1328 2573 longe
1354 2535 1377 2558 a
1399 2522 1577 2560 fontibus
1604 2526 1684 2561 suis

970 2579 1200 2618 cuniculum
1212 2579 1349 2617 subter
1360 2588 1503 2618 terram
1514 2593 1584 2632 per
1601 2580 1684 2619 duo

967 2637 1090 2674 millia
1122 2636 1253 2683 subit,
1294 2646 1453 2688 poetam
1487 2637 1683 2677 adducere

967 2695 1037 2730 vix
1057 2695 1191 2744 potuit
1213 2703 1259 2731 ut
1276 2695 1324 2732 ad
1343 2695 1490 2733 inferos
1509 2709 1601 2733 eum
1620 2710 1682 2734 re-

966 2751 1124 2802 legaret.
1150 2751 1226 2791 Sed
1251 2761 1310 2790 est
1329 2754 1361 2791 is
1390 2753 1593 2792 fabulosus
1614 2766 1681 2792 an-
