1767 3054
127 155 208 193 310

754 159 999 198 AENEIDOS

131 230 394 273 Sei-vavere
418 224 566 283 diem,
589 225 866 290 primusque
891 229 1090 275 Potitius
1116 240 1305 288 auctor,

133 304 191 346 Et
217 299 383 346 domus
408 301 632 346 Herculei
656 315 812 348 custos
837 304 1024 349 Pinaria
1047 305 1181 350 sacri.

135 377 291 420 *Hanc
316 391 445 420 aram
469 376 575 420 luco
598 376 783 433 statuit,
809 394 913 438 quae
936 380 1162 424 Maxuma
1187 393 1372 440 semper

136 448 358 495 *Dicetur
380 449 542 506 nobis,
568 462 613 495 et
636 451 725 495 erit
747 467 852 511 quae
877 468 1099 498 maxuma
1122 468 1320 515 semper.

137 526 297 580 Quare
322 525 470 586 agite,
495 540 522 569 o
541 525 764 586 juvenes,
792 535 1028 571 tantarum
1049 527 1098 572 in
1120 543 1315 573 munere
1339 527 1556 586 laudum,

136 599 320 660 cingite
346 599 513 644 fronde
536 604 718 657 comas,
742 611 787 645 et
812 601 984 661 pocula
1008 601 1193 663 porgite
1218 602 1418 660 dextris,

137 677 537 736 Communemque
560 684 728 721 vocate
752 673 915 736 deum,
943 685 989 722 et
1015 675 1122 724 date
1143 676 1255 724 vina
1276 676 1538 724 volentes.»
1572 687 1635 729 275

139 841 192 877 ita
219 849 265 878 ut
289 839 419 878 adhuc
445 842 758 879 anniversarium
784 842 857 880 sol-

138 897 256 936 lenne
273 900 592 950 agamUS.-—-269
613 913 670 950 sq.
694 900 743 939 cf.
764 914 852 952 sup.

139 955 188 992 ad
206 970 245 994 v.
272 959 348 1006 193
369 970 452 1007 sqq.
472 959 635 995 Narrata
651 972 712 995 res
732 971 752 994 a
769 959 854 997 Liv.

139 1016 158 1050 1
173 1042 182 1059 ,
208 1027 226 1060 7
249 1022 287 1051 et
308 1015 391 1060 ΠΕ,
418 1027 470 1064 29
487 1042 496 1060 ‚
517 1015 588 1051 ubi
608 1017 715 1053 conf.
733 1018 857 1053 Inter-

139 1080 288 1120 prete53
307 1073 476 1123 Dionys,
496 1074 528 1118 I,
550 1075 623 1122 393
643 1077 760 1123 Prop.
781 1077 853 1121 IV,

141 1142 164 1177 9
181 1157 191 1174 ‚
214 1130 264 1176 67
283 1157 293 1176 ,
324 1130 376 1166 68
395 1144 404 1175 ;
427 1132 518 1168 Tac.
538 1133 647 1169 Anu.
667 1134 760 1178 XV,
785 1139 853 1176 41.

143 1187 302 1232 Custos,
349 1189 532 1234 antistes,
574 1202 662 1239 quae
701 1198 857 1226 curaret

139 1256 309 1282 sacrum.
338 1245 440 1282 Aliis
460 1258 483 1281 a
501 1246 646 1283 fabulis
673 1247 854 1285 Mam-ob.

138 1303 223 1348 111,
255 1303 279 1338 6
300 1303 384 1340 haec
412 1306 582 1353 repetiit.
607 1306 767 1341 Inversa
792 1318 858 1341 au-

139 1367 218 1395 tem
253 1362 379 1397 oratio
407 1374 507 1409 pro:
531 1363 699 1398 Potitius
731 1371 769 1398 et
792 1363 856 1400 Pi-

138 1418 296 1463 narius3
315 1431 384 1454 seu
402 1419 538 1455 Potitii
555 1428 593 1455 et
611 1420 771 1456 Pinarii.
796 1421 857 1455 De

137 1474 186 1509 iis
210 1488 248 1511 v.
272 1475 359 1511 loca
376 1474 509 1512 laudd.
524 1503 534 1521 ,
569 1483 614 1511 ut
645 1483 683 1511 et
709 1475 756 1512 de
775 1478 858 1512 Ara

138 1532 326 1569 Maxima.
345 1535 394 1568 In
413 1532 551 1568 eodem
567 1545 677 1569 sacro
692 1560 702 1578 ‚
727 1533 858 1582 capite

139 1597 251 1625 erant
284 1598 445 1638 aperto,
485 1591 556 1638 qui
598 1602 704 1625 sacra
744 1589 859 1626 facie-

138 1644 261 1691 bant3
296 1646 403 1682 unde
433 1659 530 1682 mox
564 1654 659 1693 274.
693 1660 770 1693 277
794 1660 859 1684 co-

139 1715 203 1739 ma
228 1703 439 1740 frondibus
472 1705 673 1754 cingitur3
707 1705 856 1751 Liv..1‚

143 1773 163 1806 7
187 1768 304 1796 sacra
333 1761 411 1796 diis
438 1761 529 1796 aliis
558 1760 721 1797 Albano
753 1760 853 1806 ritu,

145 1817 285 1854 Graeco
310 1818 494 1864 Herculi,
520 1827 562 1854 uc
590 1818 640 1854 ab
665 1818 855 1854 Evandro

140 1874 320 1912 instituta
353 1885 489 1920 eram,
508 1874 621 1925 facit
640 1875 855 1920 Romulus;

139 1934 195 1969 sic
216 1946 375 1983 quoque
404 1932 545 1970 Strabo
572 1935 636 1979 V,
659 1946 746 1982 pag.
775 1934 853 1969 352

139 1991 170 2026 B
194 1990 261 2040 (p.
291 1988 403 2039 230)
436 2001 446 2027 ε
474 2003 649 2027 caussam
684 1990 858 2026 afferunt

139 2046 244 2097 apud
273 2047 455 2085 Mam—ob.
487 2050 571 2093 III,
614 2061 633 2095 7
663 2056 764 2085 extr.
793 2047 858 2084 vel

138 2104 248 2153 quod
268 2106 409 2143 Graeco
429 2106 510 2141 ritu
533 2118 690 2142 sacrum
708 2104 858 2141 factum

139 2163 204 2205 (v,
235 2165 319 2201 Liv.
341 2163 367 2200 l.
391 2165 434 2209 Ι,
468 2176 486 2210 7
511 2171 549 2198 et
572 2162 699 2200 strab.
721 2165 782 2207 V,
814 2175 854 2212 p.

143 2221 239 2257 352.
271 2222 316 2259 B.
349 2221 394 2258 C.
411 2223 440 2270 ),
466 2219 529 2257 vel
562 2219 670 2269 quod
700 2221 857 2269 signum

139 2278 321 2315 Herculis
350 2280 475 2328 capite
496 2285 635 2327 operto
655 2286 776 2322 esset,
801 2290 853 2314 sc.

140 2337 294 2370 exuviis
323 2336 473 2381 leonis3
503 2348 553 2370 ne
581 2336 668 2384 quis
699 2333 794 2371 adeo
812 2335 855 2370 in

140 2390 223 2426 tede
244 2391 307 2428 dei
322 2392 502 2429 habitum
519 2393 602 2439 ejus
618 2393 853 2429 imitaretur.

141 2450 195 2484 At
223 2451 494 2486 Romanorum
519 2462 605 2485 mos
632 2451 776 2486 eratin
795 2461 853 2484 sa-

142 2505 217 2541 cris
250 2506 389 2541 velato
422 2520 502 2543 esse
534 2506 664 2555 capite
695 2520 709 2542 :
744 2507 855 2553 cnjus

140 2564 260 2599 moris
289 2563 481 2611 originem
510 2576 531 2598 a
564 2573 681 2612 poeta
699 2564 856 2614 exposi-

924 841 1042 880 naria
1070 842 1192 890 sacri,
1229 851 1275 881 ut
1300 855 1407 893 seqq.
1432 841 1569 880 statuit
1589 841 1638 879 ad

923 902 1057 952 ipsum
1072 901 1283 939 Herculem
1299 900 1504 946 referatur,
1521 913 1638 950 quem

924 959 991 996 alii
1034 971 1138 995 aram
1185 959 1398 995 maximam
1441 957 1640 995 dedicasse

924 1018 1059 1063 aiunt3
1078 1017 1183 1055 conf.
1202 1015 1321 1055 Ovid.
1345 1018 1449 1054 Fast.
1467 1017 1507 1063 Ι,
1534 1015 1637 1061 5813

924 1076 1008 1112 Liv.
1028 1076 1070 1120 Ι,
1109 1088 1146 1122 7.
1176 1074 1373 1124 Equidem
1401 1086 1494 1110 cum
1520 1084 1639 1110 versu

927 1145 1008 1180 270
1037 1130 1255 1168 finiendam
1286 1132 1458 1169 arbitror
1482 1138 1638 1167 senten-

924 1191 1039 1236 tiam,
1067 1198 1106 1226 et
1140 1201 1277 1225 versus
1309 1202 1416 1236 271,
1459 1201 1540 1236 272
1569 1187 1639 1234 eji-

925 1246 1087 1285 ciendos
1127 1254 1315 1296 tanquam
1350 1245 1641 1283 commentitios

926 1314 965 1342 et
995 1305 1162 1341 alterum
1188 1316 1239 1339 ex
1263 1304 1385 1341 altero
1407 1314 1639 1353 procusum.

924 1362 1035 1400 Nihil
1053 1369 1184 1410 potest
1205 1373 1285 1397 esse
1303 1361 1477 1408 jejunius
1494 1368 1532 1397 et
1546 1372 1639 1410 poe-

926 1427 964 1455 ta
988 1419 1110 1468 magis
1139 1417 1350 1468 indignum
1376 1431 1494 1468 quam
1516 1429 1526 1455 ε
1551 1430 1641 1467 quae

927 1475 1112 1512 maxima
1141 1475 1298 1525 Semper
1313 1475 1482 1512 Dicetur
1512 1474 1638 1520 nobis,

927 1542 967 1569 et
985 1532 1060 1569 erit
1084 1545 1174 1582 quae
1196 1532 1382 1570 maxima
1399 1546 1566 1582 semper.
1583 1553 1641 1561 —-·

930 1602 1026 1636 272.
1045 1591 1122 1626 Hic
1147 1603 1282 1626 versus
1303 1590 1437 1626 aberat
1459 1603 1480 1626 a
1503 1603 1565 1640 pr.
1585 1603 1639 1627 m.

925 1647 1092 1684 Mentel.
1119 1660 1182 1696 pr.
1210 1655 1248 1682 et
1278 1645 1466 1684 Rottend.
1499 1660 1576 1684 sec.
1603 1657 1640 1684 at

925 1705 970 1740 in
1014 1703 1121 1741 Leid.
1164 1701 1381 1740 finiebatur
1416 1713 1506 1753 post
1550 1704 1638 1742 erit.

925 1759 1152 1799 Markland.
1184 1760 1234 1797 ad
1268 1764 1364 1799 Stat.
1394 1762 1455 1797 111
1483 1761 1577 1800 Silv.
1595 1764 1637 1808 Ι,

924 1832 950 1868 9
967 1818 1167 1855 resecabat
1178 1817 1472 1855 hemistichium
1486 1830 1495 1855 :
1510 1828 1549 1855 ec
1567 1819 1643 1856 eric

924 1890 1014 1925 qua:
1042 1888 1238 1912 maxuma
1257 1888 1287 1912 s.
1312 1876 1368 1911 Ec
1390 1875 1465 1913 eric
1483 1889 1639 1926 quoque

924 1933 1101 1971 Parrhas.

987 1992 1083 2037 273.
1125 1992 1348 2027 Tantarum
1395 1989 1437 2028 in
1475 2004 1637 2028 munere

925 2047 1102 2086 laudum.
1125 2049 1218 2086 Non
1239 2060 1423 2097 assequor
1444 2049 1640 2099 interpre-
1684 2053 1687 2056 “

923 2113 981 2141 tes
996 2134 1006 2151 ‚
1031 2119 1105 2142 nec
1125 2106 1400 2142 Burmannum
1412 2132 1423 2152 ,
1442 2107 1512 2156 qui
1527 2106 1554 2143 l.
1575 2108 1613 2143 V
1625 2133 1636 2151 ‚

926 2163 1006 2200 652
1033 2163 1112 2200 huc
1135 2170 1274 2208 vocat,
1302 2162 1374 2199 ubi
1401 2175 1543 2200 munus
1564 2175 1639 2212 pro

923 2233 1032 2257 sacro
1049 2222 1224 2270 positum
1244 2228 1321 2267 est.
1334 2220 1492 2257 Laudes
1507 2219 1640 2258 dicun-

923 2286 989 2314 tur
1011 2279 1137 2328 poetis
1159 2290 1234 2327 pro
1253 2277 1468 2314 virtutibus
1485 2285 1524 2314 et
1541 2284 1638 2312 stre-

923 2348 1001 2371 nue
1020 2335 1128 2372 factis
1146 2346 1156 2372 :
1181 2347 1274 2385 ergo
1303 2334 1344 2370 in
1373 2347 1532 2371 munere
1550 2333 1637 2370 lau-

922 2392 1016 2429 dum
1036 2394 1111 2429 erit
1134 2393 1177 2428 in
1192 2391 1392 2429 honorem
1418 2392 1518 2428 tanti
1543 2390 1636 2427 faci-

922 2451 1031 2486 noris
1043 2479 1054 2497 ‚
1072 2463 1153 2500 quo
1176 2448 1225 2485 de
1244 2448 1360 2486 nobis
1382 2448 1527 2484 meruit
1541 2449 1637 2485 Her-

923 2506 1031 2543 cules
1049 2519 1059 2544 :
1079 2506 1184 2544 conf.
1203 2519 1290 2555 sup.
1321 2505 1400 2541 185
1415 2513 1633 2554 sq.—274.

922 2565 1108 2613 Sequitur
1125 2563 1234 2600 locus
1250 2561 1298 2598 de
1316 2560 1520 2600 libatione.
1538 2565 1635 2600 Por-

146 2614 247 2656 tum⁷
267 2618 438 2655 vidimus
464 2622 550 2656 AEn.
580 2620 606 2656 l.
641 2623 700 2657 III
715 2649 726 2667 ‚
772 2622 852 2664 403
918 2620 1026 2671 gite,
1051 2633 1134 2656 non
1158 2617 1203 2655 ut
1221 2619 1319 2655 alter
1337 2617 1449 2655 alteri
1464 2633 1514 2656 ex
1534 2619 1636 2656 ordi-

138 2690 248 2727 seqq.
262 2698 320 2707 —-
334 2689 429 2723 270.
454 2675 584 2712 Sacris
600 2680 768 2715 Roman.
787 2680 853 2716 JO.

138 2736 291 2772 Marius
307 2735 454 2772 Matius
474 2746 535 2783 ap.
556 2735 764 2770 Heinsium
781 2734 855 2770 dis-

132 2787 345 2845 tinguebat
363 2799 454 2843 post
476 2790 597 2828 verba
613 2802 621 2828 :
642 2800 767 2829 custos
786 2790 853 2828 Pi-

921 2691 971 2714 ne
1000 2676 1186 2727 poculum
1220 2675 1416 2725 praebeat,
1449 2685 1519 2713 aut
1548 2689 1634 2714 om-

920 2734 1040 2770 nibus
1067 2733 1223 2779 famuli3
1252 2732 1321 2769 sed
1351 2732 1460 2783 quod
1495 2733 1635 2772 libatio

920 2789 968 2829 fit
995 2803 1115 2829 manu
1141 2797 1396 2841 exporrecta,
1424 2798 1464 2828 et
1479 2790 1635 2842 prolato
