1767 3054
724 135 879 174 LIBER
908 135 1004 172 VII.

177 214 319 270 Ecce,
341 208 629 258 Sabinorum
650 205 808 268 prisco
835 205 894 252 dc
918 204 1170 269 sanguine,
1197 222 1419 271 magnum

111 290 292 349 Agmen
311 298 451 347 agens
475 283 693 339 ClauSUS‚
718 282 972 344 magnique
996 280 1098 345 ipsc
1124 283 1322 346 agminis
1346 284 1516 344 instar,

112 361 306 409 Claudia
326 376 453 406 nunc
473 375 500 405 a
524 374 622 422 quo
647 358 957 416 diffunditur,
981 370 1027 405 et
1055 357 1231 417 tribus,
1255 371 1302 407 et
1324 377 1437 423 gens

112 440 201 484 Per
222 437 433 493 Latium,
459 447 711 499 postquam
734 435 783 480 in
806 446 991 498 partem
1016 434 1125 482 data
1147 439 1300 482 Roma
1321 437 1524 486 Sabinis.

111 514 218 558 Una
243 511 408 574 ingens
433 512 678 558 Amiterna
703 510 898 567 cohors,
918 510 1158 573 priscique
1184 512 1420 571 Quirites,
1558 518 1635 565 710'

110 587 240 633 Ereti
260 604 426 634 manus
455 587 630 645 omnis,
652 586 976 648 oliviferaeque
998 589 1255 647 Mutuscae3

112 662 208 719 Qui
226 665 516 709 Nomentum
536 662 731 721 urbem,
755 662 838 724 qui
861 677 997 709 rosea
1018 677 1132 709 rura
1149 663 1330 722 Velini,

113 738 209 795 Qui
234 739 435 784 Tetricae
463 739 704 784 horrentis
728 754 894 801 rupes,
919 751 1224 802 montemque
1245 741 1502 797 Severum,

111 812 481 874 Casperiamque
502 814 686 872 colunt,
707 814 1026 875 Forulosque,
1047 825 1095 861 et
1114 815 1289 861 flumen
1315 815 1552 873 Himellae3

115 886 211 943 Qui
234 885 468 949 Thybrim
488 887 805 950 Fabarimque
829 887 1027 946 bibunt,
1053 905 1174 950 quos
1195 888 1372 952 frigida
1394 889 1522 935 misit
1561 900 1620 941 71⁵

112 961 308 1019 Nursia,
336 972 382 1008 et
407 964 620 1010 Hortinae
646 965 836 1022 classes,
858 964 1119 1027 populique
1142 964 1324 1023 Latini3

117 1169 265 1206 lucrum
286 1181 373 1206 cum
394 1169 584 1221 clangore
602 1169 834 1207 ‘volantium

112 1240 298 1279 gregem,
328 1240 408 1263 non
427 1227 539 1264 viros
556 1227 750 1265 militares
773 1242 836 1265 ac-

116 1285 256 1322 cedere
286 1295 479 1336 putasset.
514 1286 659 1324 Videat
693 1300 767 1337 pro
795 1301 836 1325 se

116 1345 285 1394 quisque
300 1373 310 1390 ,
345 1356 397 1381 an
428 1344 541 1381 talem
575 1347 837 1395 comparatio-

117 1415 210 1439 nem
238 1401 485 1452 probandam
513 1403 666 1451 J'udicet
687 1415 696 1440 :
721 1412 837 1453 poeta

118 1470 250 1498 tamen
270 1462 339 1497 vix
357 1460 471 1497 aliam
489 1463 601 1512 sequi
619 1463 752 1512 potuit
764 1490 775 1508 ,
804 1464 839 1499 si

116 1520 409 1570 grammaticam
439 1521 634 1557 rationem
673 1527 711 1557 et
749 1533 837 1557 sen-

119 1579 334 1614 tentiarum
393 1577 575 1615 ordinem
624 1577 837 1629 expendas.

118 1637 243 1673 Haesit
259 1636 304 1672 in
321 1635 399 1673 hoc
422 1638 588 1688 vestigio
613 1637 694 1684 jam
719 1639 841 1688 Trap-

119 1695 209 1744 pius
236 1701 275 1730 et
303 1696 388 1733 JOS.
409 1696 642 1733 Wartonus.
662 1697 840 1733 Omnino

121 1761 251 1789 tamen
274 1752 341 1789 illa
373 1766 382 1791 :
414 1753 500 1791 Nec
531 1752 743 1804 quisquam
769 1767 842 1804 pu-

122 1818 179 1847 tet
193 1831 250 1839 ——-
269 1810 343 1847 sed
362 1823 437 1861 pro
458 1813 673 1848 variatione
691 1812 841 1849 formu-

120 1867 171 1904 lae
188 1868 443 1918 comparandi
459 1868 642 1905 habenda
658 1871 843 1906 memine-

124 1927 199 1972 ris,
223 1926 404 1975 nihilque
429 1925 727 1963 aliud-voluisse
746 1940 842 1978 poe-

125 1994 202 2021 tam
237 1982 458 2028 declarare,
494 1997 612 2034 quam
645 1997 655 2022 .·
688 1994 727 2021 ec
759 1995 847 2022 erac

126 2055 271 2094 agmen
291 2040 422 2078 simile
440 2041 598 2094 agmini
619 2042 843 2081 volucrum.

187 2100 268 2147 706
281 2122 338 2128 —-
353 2113 449 2149 709.
480 2100 699 2138 Commode
719 2101 845 2152 gentis

127 2158 301 2197 Claudiae
333 2159 530 2209 originem
562 2159 610 2195 ab
645 2161 738 2197 Atta
751 2187 760 2205 ,
783 2158 846 2195 vel

127 2219 245 2263 Atto,
264 2229 332 2254 seu
349 2217 482 2263 Attio,
503 2218 647 2256 Clauso
667 2218 846 2268 arripuit,

127 2276 200 2312 etsi
219 2275 342 2325 vulgo
361 2284 503 2313 auctor
519 2277 651 2325 stirpis
679 2275 849 2312 habeba-

128 2343 194 2371 tur
210 2333 277 2370 ille
297 2333 483 2380 Clausus,
500 2335 568 2384 qui
589 2335 732 2384 quinto
749 2346 770 2370 a
792 2346 849 2370 re-

129 2391 246 2441 gibus
262 2393 392 2439 ejectis
409 2405 515 2430 auno
533 2405 623 2429 cum
635 2391 849 2429 clientibus

131 2452 299 2488 Romam
319 2449 474 2501 Regillo
495 2452 536 2488 in
558 2450 712 2489 Sabinis
733 2462 850 2486 vene-

132 2516 203 2546 rat.
226 2508 332 2546 conf.
355 2511 547 2560 Pompou.
569 2508 616 2546 ad
635 2508 675 2546 h.
697 2508 724 2545 l.
746 2509 850 2546 Nota

133 2579 194 2603 res
213 2579 263 2603 ex
282 2567 395 2604 Livio
411 2567 483 2605 lib.
504 2570 566 2614 ΙΙ,
595 2568 667 2613 163
686 2568 850 2603 Sueton.

135 2623 225 2662 Tib.
257 2637 291 2662 c.
335 2637 371 2662 1.
410 2625 545 2662 Prisco
577 2626 627 2662 de
660 2623 854 2676 sanguine

138 2681 373 2719 Sabinorum
409 2684 587 2734 jungunt
618 2685 719 2729 fere,
762 2690 851 2732 post

139 2740 339 2787 Servium,
360 2741 428 2779 alii
446 2755 611 2781 omnes:
635 2756 708 2780 nec
730 2740 850 2786 male,

140 2809 264 2846 <suum
282 2798 518 2838 Sabinorum
539 2803 703 2853 stirpem
720 2807 851 2837 vetus-

903 1170 1092 1207 tissimam
1130 1182 1212 1206 esse
1252 1177 1420 1207 constet.
1457 1172 1625 1209 Suavior

902 1236 1032 1264 tamen
1072 1227 1232 1264 videtur
1266 1228 1365 1264 mihi
1406 1228 1594 1276 junctura
1613 1242 1622 1267 :

908 1286 1103 1331 Clausus,
1135 1285 1271 1336 prisco
1308 1285 1359 1322 de
1392 1285 1619 1336 sanguine,

903 1357 1028 1395 agens
1059 1356 1208 1396 agmen
1233 1356 1426 1395 magnum
1454 1343 1622 1381 Sabino-

903 1415 1010 1447 rum,
1039 1401 1258 1454 magnique
1279 1410 1353 1439 etc.
1378 1402 1540 1452 Virgilii
1563 1403 1623 1439 lo-

904 1473 996 1497 cum
1025 1461 1219 1510 expressit
1241 1459 1361 1498 Silius
1383 1461 1485 1497 VIII
1499 1488 1511 1506 ,
1538 1468 1622 1505 414

904 1540 962 1547 —-—
988 1518 1084 1562 425.

967 1589 1049 1624 710
1071 1597 1131 1605 —
1151 1589 1247 1624 717.
1278 1576 1385 1615 Situs
1419 1575 1626 1623 locorum,

906 1636 978 1685 qui
1002 1647 1111 1672 nunc
1142 1642 1531 1681 commemorantur,
1553 1634 1624 1672 do-

908 1701 994 1739 cet,
1033 1694 1118 1744 agri
1147 1693 1283 1731 Sabini
1318 1690 1419 1729 fines
1454 1704 1474 1728 a
1508 1702 1626 1743 poeta

906 1750 1042 1802 paullo
1081 1751 1200 1788 latius
1244 1751 1433 1788 constitui
1453 1778 1464 1796 ,
1506 1764 1626 1800 quam

908 1808 1014 1860 apud
1033 1808 1268 1848 Strabonem
1288 1817 1327 1846 et
1343 1808 1518 1846 Plinium
1536 1821 1627 1858 pro-

909 1866 1076 1904 duntur.
1100 1866 1258 1905 Scilicet
1273 1874 1388 1916 poeta
1402 1866 1626 1915 antiquiora

910 1933 1086 1974 tempora
1101 1925 1274 1974 respicit.
1293 1922 1423 1960 Prisci
1441 1922 1627 1973 Quirites,

909 1982 950 2020 h.
977 1982 1155 2027 Carnes,
1182 1983 1400 2027 Curenses,
1431 1994 1483 2018 ex
1510 1982 1628 2019 Curi-

911 2039 986 2076 bus
1005 2040 1171 2078 Sabinis.
1186 2041 1370 2077 Mutnsca
1382 2048 1441 2076 est
1451 2039 1627 2077 Trebula

911 2099 1197 2145 Mutusca.—7
1211 2111 1225 2134 1
1237 2110 1274 2135 2.
1285 2098 1531 2134 Nomentum
1540 2111 1629 2148 sup.

911 2156 983 2193 lib.
1001 2158 1075 2203 VI,
1099 2158 1178 2204 773
1195 2185 1205 2202 ,
1226 2157 1330 2193 inter
1359 2156 1536 2194 colonias
1555 2157 1626 2193 La-

912 2215 1015 2252 tinas
1034 2216 1310 2261 nominatum3
1335 2222 1392 2251 est
1411 2213 1460 2251 ab
1487 2227 1535 2251 eo
1564 2215 1629 2251 via

912 2274 1160 2310 Nomentana
1184 2272 1301 2309 dicta.
1320 2274 1449 2310 Rosea
1466 2285 1560 2309 rura
1582 2274 1628 2309 V.

914 2333 976 2368 Sic
999 2331 1189 2382 appellata
1218 2343 1240 2367 a
1270 2330 1421 2377 Plinio,
1450 2333 1631 2368 Varrone

915 2397 954 2426 et
977 2391 1111 2436 Festo,
1147 2402 1168 2426 a
1198 2401 1307 2434 rore,
1345 2389 1416 2440 qui
1439 2388 1631 2426 fertilissi-

916 2461 1026 2485 mum
1058 2448 1168 2486 hunc
1201 2455 1372 2484 tractum
1404 2445 1542 2486 efficit.
1573 2468 1631 2476 -—

918 2504 1088 2544 Roscida
1115 2507 1267 2557 aliquot
1289 2507 1390 2543 Pier.
1421 2512 1460 2543 et
1483 2504 1550 2541 alii
1567 2517 1630 2555 ap.

918 2565 1070 2612 Heius„
1090 2564 1194 2602 unde
1213 2563 1360 2601 factum
1377 2563 1532 2609 rosida,
1549 2576 1634 2614 per-

919 2636 1066 2675 peram.
1077 2645 1134 2652 —
1150 2637 1170 2672 7
1182 2622 1246 2660 16.
1270 2621 1448 2660 Horcince
1464 2621 1630 2665 classes,

916 2681 1146 2732 simpliciter
1161 2693 1236 2734 pro
1247 2681 1386 2732 copiis,
1397 2693 1419 2718 a
1430 2679 1634 2722 classibus,

918 2753 1007 2792 quae
1036 2741 1177 2792 populi
1205 2748 1334 2791 partes
1358 2747 1475 2778 sunt:
1496 2745 1634 2774 contra

918 2812 1038 2850 quam
1062 2800 1272 2838 Fontanin.
1300 2797 1349 2836 de
1377 2799 1473 2836 Ant.
1498 2798 1635 2832 Horta*
