1767 3054
156 131 235 174 164

796 137 1036 173 AENEIDOS

145 208 377 266 Fataque,
405 207 711 268 fortunasque
735 208 916 265 virum,
939 223 1210 269 moresque,
1236 225 1509 272 manusque.

142 282 284 341 Isque
310 279 392 326 ubi
418 281 686 327 tendentem
709 281 960 327 adversum
984 298 1070 343 per
1091 283 1302 344 gramina
1328 283 1448 330 vidit

142 357 344 412 AEnean,
371 356 535 403 alacris
556 357 734 418 palmas
759 367 984 418 utrasque
1010 358 1232 415 tetendit,

1581 370 1642 400 685

142 429 412 492 Effusaeque
439 432 567 492 genis
592 431 820 487 lacrimae,
848 442 893 476 et
916 445 1012 476 vox
1037 432 1210 478 excidit
1234 449 1315 479 ore
1338 452 1347 477 ς

142 524 161 543 ιι
185 504 367 549 Venisti
394 504 605 561 tandem,
633 515 808 565 tuaque
832 515 1042 565 spectata
1065 507 1253 567 parenti

139 578 264 622 Vicit
289 579 378 623 iter
404 578 577 623 durum
602 578 775 640 pietas!
801 581 956 623 Datur
981 594 1065 624 ora
1086 580 1234 637 tueri,

139 657 284 709 Nate,
311 664 416 712 tua;
443 665 488 699 et
512 665 647 699 notas
672 654 838 700 audire
863 666 908 700 et
930 654 1130 701 reddere
1155 659 1318 702 voces!

142 728 221 772 Sic
246 728 466 789 equidem
491 728 722 775 ducebam
748 729 929 787 animO,
953 729 1188 791 rebarque
1210 731 1444 790 futurum,

142 805 380 865 Tempora
404 803 734 862 dinumerans,
753 821 841 850 nec
860 821 934 851 me
958 822 1063 851 mea
1087 821 1201 851 cura
1226 805 1403 852 fefellit.

142 882 271 936 Quas
295 895 381 941 ego
408 890 453 924 te
477 891 644 936 terras,
681 892 727 926 et
752 891 927 943 quanta
948 898 1034 943 per
1058 897 1250 943 aequora
1276 892 1464 928 vectum

139 954 341 1016 Adcipio
360 958 368 998 Ξ
396 956 585 1016 quantis
601 957 856 1018 jactatum,
878 968 1010 1014 nate,
1035 957 1245 1019 periclis!

139 1032 294 1086 Quam
317 1031 488 1089 metui,
513 1047 572 1077 ne
598 1030 714 1093 quid
736 1032 899 1093 Libyae
924 1031 1012 1078 tibi
1037 1048 1183 1094 regna
1204 1037 1450 1079 nocerent!
1480 1055 1497 1073 »

138 1102 223 1149 Ille
247 1115 404 1150 autem
427 1124 435 1150 :
459 1108 595 1152 «Tua
619 1122 716 1164 me,
742 1107 928 1169 genitor
944 1144 957 1166 ,
979 1119 1060 1154 tua
1083 1107 1230 1154 tristis
1254 1107 1432 1170 imago,

135 1329 269 1365 Burm.
292 1327 507 1380 Clarosque
518 1329 579 1368 ed.
593 1331 809 1368 Bam—68
819 1332 838 1369 3
847 1361 854 1368 .

136 1387 283 1422 Manus
297 1415 307 1432 ‚
328 1400 397 1423 seu
427 1389 616 1424 virtutem
634 1417 644 1434 ,
667 1401 735 1425 seu
755 1390 856 1426 facta

135 1443 322 1495 intellige.
344 1446 445 1482 *Nam
460 1446 643 1492 jejunum
667 1455 786 1492 esset,
807 1446 855 1483 de

136 1500 254 1537 turba
275 1514 318 1538 ac
341 1514 510 1539 numero
529 1504 718 1552 accipere.

195 1559 292 1606 685.
313 1560 563 1608 Exspectata
592 1561 855 1610 antiquiorem

136 1629 333 1667 quemque
354 1616 531 1654 codicem
545 1617 756 1664 exhibere,
775 1631 856 1655 om-

137 1687 205 1711 nes
234 1675 428 1721 fatentur3
456 1674 554 1712 adde
575 1678 692 1713 Rom.
719 1684 759 1712 et
780 1679 856 1713 Va-

136 1733 205 1770 tic.
222 1731 357 1783 fragm.
390 1742 452 1778 et,
474 1733 567 1770 licet
589 1735 826 1770 recentiores
840 1762 851 1780 ,

137 1802 228 1826 cum
257 1790 337 1827 Erf.
367 1798 444 1827 tres
474 1790 597 1828 Goth.
628 1792 710 1829 Nec
743 1791 854 1828 aliter

136 1847 225 1885 edd.
247 1856 420 1895 veteres,
440 1857 478 1886 et
511 1861 648 1886 omnes
673 1847 852 1895 Aldinae,

143 1914 182 1942 et
200 1904 292 1942 inde
309 1915 546 1957 propagatae.
563 1905 746 1944 Necdum
758 1906 857 1943 mihi

137 1972 313 2010 constat,
353 1964 461 2001 unde
495 1964 653 2015 vulgata
679 1973 857 2014 spectata

135 2023 301 2059 venerit.
338 2023 541 2059 Passeratii
578 2022 755 2060 codicem
782 2035 856 2072 pro

136 2092 181 2115 ea
219 2079 353 2116 laudat
397 2080 592 2117 Guellius.
638 2083 856 2130 Propagata

134 2136 201 2173 illa
229 2145 286 2174 est
313 2150 384 2187 per
418 2139 520 2174 Dan.
552 2139 708 2175 Heinsii
737 2137 853 2185 edd.,

135 2193 202 2230 sed
216 2196 293 2241 jam
314 2202 401 2232 ante
429 2196 473 2231 in
491 2194 579 2233 edd.
599 2195 856 2233 Plautinianis

137 2251 348 2289 Pulmanni
378 2255 566 2290 occurrit.
595 2255 777 2291 Tuentur
803 2262 857 2290 ta·-

137 2321 229 2345 men
248 2322 332 2345 eam
351 2311 428 2346 viri
450 2309 577 2355 docti,
602 2323 676 2347 nec
695 2311 853 2358 injuria,

135 2378 225 2402 cum
250 2370 595 2417 grammaticorum
615 2376 653 2404 et
673 2368 855 2405 librario-

138 2436 229 2460 rum
245 2424 351 2460 fraus
370 2425 413 2460 in
432 2425 626 2462 similibus
643 2425 762 2472 locis,
782 2425 855 2462 ubi

138 2480 188 2517 de
218 2482 333 2518 metri
358 2483 510 2518 ratione
532 2482 692 2519 solliciti
718 2492 852 2530 erant,

137 2537 324 2589 frequens
353 2539 415 2575 sit.
449 2541 737 2589 Interpretatur
770 2553 855 2577 eam

138 2608 299 2646 quoque
317 2598 424 2634 Serv.
440 2608 449 2633 :
467 2596 630 2645 probata
642 2625 653 2642 ‚
673 2606 718 2633 ut
729 2599 829 2634 VIII
841 2625 852 2644 ,

144 2654 219 2691 151
261 2662 302 2690 et
331 2652 444 2690 rebus
461 2663 639 2702 spectata
661 2653 853 2703 juventus.

139 2711 286 2748 Contra
308 2710 391 2762 ipse
415 2709 575 2762 quidem
602 2714 741 2747 AEneas
770 2720 853 2749 erat

139 2778 413 2820 exspectatus5
441 2781 578 2806 verum
612 2768 746 2819 paullo
777 2768 850 2806 du-

1579 1119 1640 1159 695

923 1332 1005 1368 rius
1007 1331 1142 1381 pietas
1154 1331 1188 1379 ej
1192 1343 1237 1368 us
1246 1339 1481 1381 exspectata
1491 1333 1641 1368 venisse

923 1389 1134 1426 diceretur.
1149 1390 1217 1434 At,
1227 1390 1261 1426 si
1270 1388 1375 1425 vicit
1389 1388 1472 1434 iter,
1489 1401 1641 1426 accom-

921 1447 1120 1484 modatius
1131 1456 1322 1496 spectata.
1346 1445 1584 1484 Schraderus
1597 1448 1641 1483 in

920 1503 1141 1541 Emendatt.
1161 1517 1252 1541 mss.
1270 1503 1506 1552 conjiciebat
1523 1516 1533 1542 :
1554 1514 1640 1541 tua-

923 1574 1022 1611 que,
1057 1570 1286 1611 exspeetate
1302 1561 1492 1611 parenti,
1519 1561 1636 1599 Vicit.

921 1640 979 1646 —
1009 1619 1251 1668 687—694.
1278 1618 1382 1655 Vicit
1408 1618 1512 1656 iter.-
1533 1632 1635 1670 pro:

923 1676 1050 1713 fecisti
1075 1678 1149 1712 iter
1178 1684 1310 1714 motus
1340 1677 1508 1726 pietate,
1538 1677 1637 1714 mihi

918 1735 999 1782 jam
1027 1733 1203 1784 probata.
1228 1735 1347 1772 Nunc
1376 1734 1499 1783 pietas
1519 1735 1635 1781 vicit,

920 1792 1072 1837 effecit,
1100 1800 1146 1828 ut
1171 1794 1246 1828 iter
1275 1790 1549 1842 ingrederetur
1565 1795 1639 1830 etsi

920 1847 1215 1887 difficillimum.
1238 1869 1294 1877 —-
1314 1849 1412 1899 690.
1439 1848 1504 1886 Sic
1526 1850 1636 1900 equi-

922 1907 1013 1943 dem
1051 1906 1243 1943 ducebam
1284 1906 1436 1945 animo.
1474 1909 1636 1944 AEneam

922 1966 1062 2002 vivum
1087 1964 1137 2001 ad
1162 1964 1249 2002 loca
1276 1964 1399 2003 infera
1430 1964 1638 2002 descensu-

921 2035 1013 2059 rum
1053 2035 1158 2069 esse,
1199 2022 1394 2060 Anchises
1427 2023 1507 2070 jam
1547 2031 1637 2060 ante

920 2080 1148 2130 praevidisse
1168 2079 1388 2130 putandus3
1416 2093 1508 2117 nam
1531 2079 1638 2117 idem

921 2139 1129 2175 nocturnis
1157 2139 1318 2175 monitis
1342 2136 1418 2175 filii
1453 2139 1638 2188 pietatem

920 2204 1190 2245 permoverat,
1213 2203 1260 2232 ut
1286 2195 1337 2233 ad
1355 2209 1396 2233 se
1422 2194 1638 2233 videndum

922 2252 1186 2291 descenderet.
1219 2254 1322 2291 conf.
1356 2255 1437 2300 VI,
1461 2253 1554 2290 115.
1577 2274 1636 2280 —

923 2311 1020 2360 692.
1050 2312 1158 2361 Quas
1176 2323 1250 2362 ego
1270 2321 1308 2347 te
1327 2319 1462 2347 terras.
1480 2308 1636 2348 Scilicet

921 2368 1117 2406 Anchises
1141 2368 1293 2406 obierat
1315 2369 1356 2404 in
1383 2366 1512 2405 Sicilia
1530 2379 1634 2404 anno

921 2435 1035 2464 sexto
1068 2438 1273 2472 errorum3
1306 2422 1400 2461 inde
1430 2425 1569 2461 AEneas
1591 2426 1635 2461 in

921 2483 1094 2521 Africam
1114 2482 1286 2530 dejectus
1298 2509 1310 2528 ,
1325 2479 1452 2517 redux
1469 2482 1512 2517 in
1535 2483 1633 2520 Sici-

921 2541 1013 2578 liam
1027 2542 1174 2577 iterum
1192 2538 1358 2584 adierat,
1381 2536 1488 2574 unde
1504 2538 1634 2576 soluta

922 2598 1042 2634 classe
1056 2608 1166 2633 nunc
1186 2595 1235 2632 ad
1253 2596 1396 2633 Cumas
1414 2596 1631 2646 appulerat.

921 2654 1054 2703 Libyoe
1070 2666 1196 2705 regna
1209 2682 1220 2700 ,
1235 2654 1365 2701 justus
1392 2652 1440 2690 de
1466 2653 1634 2691 Didonis

919 2711 1118 2749 amoribus
1140 2719 1267 2748 metus
1280 2738 1292 2757 ,
1311 2724 1362 2748 ne
1380 2712 1428 2749 iis
1451 2709 1500 2749 ab
1523 2710 1634 2748 Italia

916 2772 1152 2807 retineretur
1166 2766 1286 2806 filius.
