1767 3054
160 201 176 233 ῑὶ
196 203 235 240 ῑῖ,
785 200 1030 238 AENEIDOS

159 273 376 331 Desuper
398 288 406 314 ε
434 270 585 316 omnis
611 286 668 315 eo
695 282 877 316 terrore
904 273 1160 332 AEgyptus‚
1183 279 1229 315 et
1252 269 1380 326 Indi,
1604 277 1665 317 7⁰⁵

162 345 326 391 Omnis
351 344 526 404 Arabs,
555 361 714 391 omnes
740 343 991 391 vertebant
1014 355 1146 406 terga
1169 343 1339 391 Sabaei.

163 423 271 481 Ipsa
295 421 548 466 videbatur
572 421 724 464 ventis
750 419 912 481 regina
935 419 1114 466 vocatis

166 497 280 542 Vela
303 497 439 551 darc,
466 507 509 540 ct
536 495 667 540 laxos
688 494 784 555 jam
804 496 998 556 jamque
1023 495 1261 540 inmittere
1285 494 1422 542 funis.

168 569 298 614 Illam
327 570 449 613 inter
474 567 626 614 caedes
652 569 905 630 pallentem
930 579 1082 614 morte
1109 556 1268 614 sutura

168 648 362 690 fecerat
384 644 651 705 ignipotens
674 643 814 689 undis
838 654 885 689 et
910 648 1087 706 Iapyge
1113 643 1227 688 ferri
1237 661 1249 701 3
1618 663 1678 693 710

173 722 350 764 Contra
375 730 533 763 autem
558 734 729 780 magno
754 730 1031 765 moerentem
1057 734 1259 780 corpore
1280 716 1464 773 Nilum,

173 791 554 852 Pandentcmquc
577 791 730 848 sinus,
757 803 803 837 et
830 802 927 837 tota
950 803 1080 839 veste
1103 801 1353 837 vocantem

175 865 439 911 Caeruleum
466 866 513 910 in
539 866 795 927 gremium,
820 866 1154 929 latebrosaque
1178 865 1395 923 flumina,
1419 863 1582 910 victos.

181 1065 215 1092 et
237 1054 357 1091 Goth.
378 1067 455 1092 see.
480 1067 575 1091 areu
597 1053 666 1093 int.
690 1055 771 1092 duo
797 1057 894 1093 Bur-

177 1120 478 1160 mann—704,
501 1114 595 1160 705.
613 1115 788 1150 Homero
809 1113 900 1150 sub-

177 1172 276 1207 lecta
294 1179 332 1207 et
348 1170 432 1207 haec
444 1171 645 1221 Apollinis
660 1173 809 1221 species
826 1184 899 1221 pro

180 1228 309 1265 Iliacis
331 1230 454 1265 muris
475 1230 692 1279 pugnantis
712 1229 825 1267 Iliad.
844 1243 874 1266 π
890 1257 899 1274 ,

184 1298 263 1331 700
289 1299 373 1335 sqq.
390 1315 399 1332 ‚
419 1285 487 1323 sed
503 1287 691 1336 przeclara
711 1300 804 1324 cum
823 1296 905 1323 arte

180 1352 219 1380 et
234 1343 419 1380 sollertia.
439 1345 614 1382 Cei-tavit
631 1358 719 1381 cum
736 1347 904 1382 Marone

182 1404 360 1449 Propert.
384 1403 456 1447 IV,
478 1402 502 1438 6
517 1429 526 1447 ‚
549 1402 623 1448 55,
645 1403 697 1439 56
717 1411 754 1439 et
779 1403 848 1448 68,
867 1410 906 1439 et

184 1457 464 1494 Albinovanus
497 1459 604 1509 Eleg.
638 1459 681 1494 in
715 1461 880 1496 Maecen.
894 1486 903 1503 ‚

186 1515 236 1550 55
254 1542 262 1560 ,
293 1514 358 1550 56.
379 1514 454 1551 Sed
481 1527 565 1550 eam
584 1516 796 1564 imaginem
816 1516 907 1551 faci-

183 1572 219 1607 lc
249 1573 372 1607 menti
400 1571 573 1618 objicere
591 1574 725 1622 potuit
749 1575 906 1623 signum

185 1630 227 1665 in
244 1631 521 1678 promontorio
535 1631 699 1666 Actiaco
718 1631 905 1679 positum.

187 1690 410 1736 Pugnatum
433 1696 563 1721 autem
579 1712 589 1730 ‚
609 1695 655 1720 ut
669 1700 786 1734 supra
809 1687 910 1722 dixi-

188 1755 275 1779 mus
289 1769 298 1787 ,
321 1743 363 1778 in
380 1750 596 1791 conspectu
614 1741 814 1791 Apollinis
834 1745 907 1779 Ac-

192 1801 233 1837 tii
250 1828 258 1843 ,
277 1800 320 1835 in
340 1800 536 1836 exteriore
558 1807 668 1849 parte
688 1800 799 1836 sinus
816 1800 912 1835 Am-

190 1857 336 1903 bracii3
368 1856 416 1893 de
438 1870 518 1907 quo
542 1855 714 1893 videnda
742 1856 911 1893 delinea-

192 1917 247 1952 tio
273 1923 311 1951 et
333 1914 548 1964 descriptio
571 1916 654 1962 ejus
679 1915 788 1951 sinus
818 1927 910 1951 auc-

193 1982 277 2010 tore
313 1972 534 2009 D'Anville
560 1971 710 2023 (Elle'm.
741 1971 790 2009 de
825 1973 914 2009 l’A-

195 2030 284 2067 cad.
315 2030 384 2066 des
406 2032 527 2068 Inscr.
564 2039 591 2068 t.
614 2032 799 2077 XXXII,
826 2043 913 2080 pag.

200 2088 319 2137 515).
340 2087 480 2125 Accius
503 2087 650 2138 Apollo
682 2101 718 2125 v.
755 2101 843 2138 sup.
868 2088 915 2124 ad

197 2148 280 2191 ΙΙΙ,
306 2147 556 2194 275.—-707
581 2159 666 2196 sqq.
696 2147 826 2183 Prima
854 2159 914 2182 re·

198 2205 286 2254 gina
309 2205 441 2255 fugam
455 2205 760 2254 circumspexit,
775 2212 820 2240 ut
836 2217 916 2241 om-

200 2275 266 2297 nes
292 2262 455 2299 tradunt
476 2275 486 2300 :
507 2262 611 2300 Plut.
645 2263 800 2298 Anton.
827 2275 914 2313 pag.

200 2319 282 2365 946
302 2322 332 2356 E
346 2321 444 2366 ;Dio
463 2322 506 2365 L,
525 2321 590 2357 33.
609 2318 744 2355 Ventis
760 2319 917 2356 voc-acis

201 2388 271 2423 per
290 2378 373 2413 vela
394 2390 579 2427 expansa.
606 2390 643 2414 v,
666 2377 715 2413 ad
737 2377 806 2415 lib.
831 2379 915 2423 ΙΙΙ,

203 2432 296 2469 253.
327 2437 380 2470 Ec
406 2435 523 2470 laxos
549 2434 753 2471 intendere
779 2435 916 2481 funes,

201 2489 375 2539 adeoque
402 2492 482 2527 vela
502 2493 699 2542 explicare
719 2501 757 2529 et
774 2506 918 2543 expan-

202 2547 307 2584 dere.
332 2548 436 2585 conf.
462 2550 529 2586 ins.
558 2553 612 2595 X,
636 2563 915 2600 229.—-700.

204 2605 428 2641 Pallentem
460 2615 583 2642 morte
598 2607 773 2657 sntura;
804 2610 917 2659 quasi

201 2663 462 2712 praesensione
488 2666 625 2700 mortis
653 2665 753 2703 hanc
784 2666 913 2718 fugam

202 2728 518 2770 consequutuizc.
556 2722 747 2759 Pallorem
785 2733 915 2761 nutem

201 2786 386 2828 argentm
415 2778 472 2813 vel
507 2778 582 2814 alio
604 2781 758 2815 metallo
783 2782 919 2818 debuit

199 2837 336 2872 artifex
368 2835 553 2882 redderc3
576 2837 910 2886 quemadmodum

965 1065 1007 1092 uc
1042 1057 1217 1092 Jocascae
1252 1054 1412 1092 vultum
1450 1052 1683 1091 exanimem

967 1112 1195 1158 exhiberet,
1235 1125 1288 1150 ex
1329 1125 1409 1150 cere
1445 1121 1483 1149 ec
1516 1119 1684 1163 argento

967 1171 1148 1226 conflata
1172 1183 1306 1208 massa
1333 1183 1422 1208 usus
1431 1167 1567 1224 fertur
1591 1169 1687 1205 arti-

969 1230 1048 1267 fex.
1075 1244 1113 1268 v.
1144 1228 1329 1267 Putarch.
1351 1228 1520 1267 Conviv.
1541 1227 1687 1277 Qu'.v‚

976 1300 1023 1334 13
1045 1296 1084 1324 et
1115 1286 1365 1324 Aristonidas
1395 1285 1539 1323 artifex
1567 1296 1689 1335 quum

971 1344 1198 1395 exprimere
1213 1345 1343 1382 vellet
1357 1341 1621 1381 Athamantis
1623 1339 1692 1392 fit-

972 1416 1099 1439 rorem
1107 1424 1166 1431 —-
1174 1402 1414 1439 residentem
1424 1398 1668 1451 poenitencia
1677 1427 1688 1442 ,

973 1472 1028 1496 oes
1045 1457 1281 1510 ferrumque
1316 1457 1495 1504 miscuit,
1519 1466 1563 1494 uc
1590 1455 1692 1493 rubi—

970 1516 1064 1568 gine
1082 1515 1166 1567 ejus
1180 1530 1260 1566 per
1288 1516 1458 1554 nitorem
1481 1514 1572 1553 oeris
1589 1514 1692 1552 relu-

975 1582 1089 1610 cente
1123 1573 1413 1624 emprimerecur
1433 1570 1692 1611 verecundiae

975 1630 1119 1666 rubor:
1141 1631 1243 1668 Plin.
1261 1631 1456 1677 XXXIV,
1478 1637 1528 1674 14
1542 1657 1551 1676 ‚
1565 1643 1595 1667 s.
1624 1636 1691 1674 4ο.

974 1707 1033 1714 ——
1053 1700 1071 1734 7
1086 1700 1147 1725 10.
1170 1690 1364 1740 Iapygem
1384 1690 1546 1739 proprie
1568 1686 1671 1723 dixit
1687 1715 1697 1733 ,

977 1757 1065 1780 nam
1090 1745 1138 1779 ab
1158 1745 1394 1781 occidentali
1410 1746 1476 1781 illa
1494 1745 1607 1796 plaga
1628 1744 1696 1781 de-

977 1799 1067 1837 buit
1086 1801 1222 1838 venire
1239 1810 1380 1839 ventus
1400 1801 1619 1853 Cleopatrae
1646 1815 1699 1839 se-

982 1856 1153 1895 candus.

1042 1929 1060 1963 7
1074 1928 1089 1952 1
1103 1927 1119 1951 1
1135 1937 1193 1944 —
1208 1929 1227 1963 7
1241 1916 1304 1953 13.
1335 1915 1542 1953 Poeticum
1568 1917 1714 1954 visum.

983 1986 1170 2023 magnum
1190 1982 1229 2012 et
1245 1973 1490 2024 praeclarum.
1510 1975 1618 2025 Fuga
1635 1987 1701 2024 pe-

980 2032 1078 2068 titur
1098 2031 1213 2070 Nilus
1235 2043 1245 2069 :
1269 2033 1301 2068 is
1318 2031 1512 2083 fugientes
1535 2033 1698 2082 excipit.

984 2091 1164 2139 Propert.
1190 2092 1271 2136 III,
1293 2103 1341 2139 9,
1362 2090 1410 2127 51
1434 2091 1479 2127 in
1494 2089 1585 2127 loco
1603 2089 1699 2127 hinc

980 2160 1168 2197 expresso
1187 2159 1197 2185 τ
1220 2146 1374 2199 Fugisci
1389 2156 1526 2185 tamen
1543 2147 1584 2184 ἱη
1601 2146 1702 2184 cimi-

983 2204 1025 2240 di
1045 2205 1350 2259 vagaflumina
1372 2204 1474 2244 Nili.
1495 2207 1585 2244 Jam
1603 2204 1697 2242 Flu-

977 2253 1143 2300 §iorum
1173 2263 1382 2301 simulacra
1410 2264 1539 2314 cogita
1569 2263 1699 2312 specie

982 2319 1155 2357 humana
1169 2349 1179 2367 ‚
1204 2321 1435 2359 recubantia
1449 2348 1460 2367 ‚
1479 2328 1518 2357 et
1534 2320 1697 2365 inferio-

984 2390 1026 2414 re
1048 2380 1227 2428 corporis
1250 2387 1360 2430 parte
1379 2385 1485 2417 veste
1509 2385 1632 2425 tecta,
1655 2388 1701 2416 ut

984 2444 1114 2472 tamen
1121 2438 1254 2473 sinum
1266 2436 1392 2473 facere
1402 2435 1567 2486 possint,
1581 2448 1700 2486 quem

982 2494 1096 2531 Nilus
1105 2493 1347 2545 fugientibus
1355 2501 1621 2541 ostentat.-—7
1635 2507 1650 2529 ι
1660 2507 1680 2530 2
1690 2523 1699 2530 .

982 2552 1039 2587 Ec
1070 2560 1175 2588 torta
1203 2549 1466 2588 emendabant
1499 2550 1631 2589 Gifan·.
1661 2560 1699 2588 et

983 2608 1114 2646 Vales.
1129 2636 1139 2655 ‚
1161 2607 1228 2644 sed
1252 2621 1291 2645 v.
1319 2609 1456 2646 Heius.
1481 2617 1522 2644 ec
1542 2617 1628 2646 tuta
1651 2622 1695 2646 v.

981 2664 1112 2702 Schol.
1141 2667 1278 2703 Horat.
1313 2665 1462 2716 Cruqu.
1490 2665 1538 2703 ad
1563 2669 1582 2704 Ι
1618 2665 1694 2706 Od.

984 2724 1033 2770 37
1050 2750 1060 2767 ‚
1085 2730 1124 2760 et
1146 2732 1254 2760 mota
1285 2722 1409 2761 Cerda
1430 2724 1534 2772 conj.
1556 2724 1695 2762 Sinum

981 2789 1018 2816 et
1037 2789 1119 2817 coca
1137 2794 1252 2831 quem
1276 2780 1384 2819 Leid.
1402 2780 1530 2818 sinum
1547 2791 1588 2819 et
1597 2789 1697 2820 cota-

981 2851 1056 2888 que
1074 2837 1113 2875 in
1137 2838 1218 2877 duo
1238 2839 1326 2884 alii,
1350 2839 1596 2890 interpolate.
1625 2841 1694 2877 To-
