1767 3054
224 192 302 237 390
797 179 1067 217 Excitastsss
1099 179 1135 214 11

222 259 400 297 meminit
415 264 528 307 poeta
551 255 620 292 lib.
641 256 677 291 V
693 282 702 299 ‚
728 254 804 302 597
826 251 1042 295 Ascanius,
1064 251 1228 302 longam
1252 247 1372 285 muris
1390 260 1509 298 quum
1527 246 1705 299 cingeret

222 327 383 365 Albam.
409 325 488 375 Qui
516 324 647 360 minus
671 329 851 357 accurate
877 318 962 354 haec
990 317 1309 367 exploraverant,
1331 316 1475 354 Albam
1507 315 1556 352 ab
1583 317 1704 352 AEnea

224 393 421 432 conditam
450 392 654 435 dixerant,
682 401 742 437 ap.
773 387 927 425 Conon.
961 385 1026 428 46.
1056 385 1121 422 Ab
1148 385 1246 422 urbe
1267 397 1412 422 nomen
1430 385 1580 434 accepit
1595 395 1706 419 mons

221 461 416 499 Albanus.
442 458 515 497 Sed
542 457 611 494 illo
632 463 808 504 tempore
822 480 831 498 ,
852 464 932 502 quo
953 454 1091 488 AEneas
1107 453 1260 489 Latium
1278 452 1422 489 adierat
1436 480 1446 498 ,
1463 453 1559 488 Tum
1580 463 1708 500 neque

225 542 368 567 nomen
392 536 498 570 erac,
528 537 653 574 neque
673 521 798 558 honos
817 528 888 555 auc
901 517 1034 569 gloria
1055 519 1202 564 monti,
1223 521 1301 556 XII
1315 548 1324 566 ,
1352 520 1443 556 125.
1467 518 1549 557 Sub
1572 525 1708 554 monte

221 598 331 633 lacus
352 593 533 630 Albanus
553 605 566 628 .·
595 592 643 628 de
666 601 747 639 quo
770 587 827 624 lib
847 588 905 623 IX
919 613 929 631 ,
957 586 1034 632 387
1053 613 1062 632 ‚
1082 585 1214 630 lacus,
1241 584 1414 635 quipost
1435 584 1549 622 Albae
1567 583 1616 621 de
1637 595 1706 619 no-

223 662 328 698 mine
344 659 443 697 dicei
463 655 624 697 Albani.

877 799 1064 809 -——-

607 931 1164 999 EXCURSUS
1232 934 1324 998 ΙΙ.

224 1128 439 1180 Veteris
488 1120 682 1176 Italiae
724 1125 972 1197 origines
993 1165 1008 1189 ,
1037 1119 1253 1198 populi
1290 1133 1346 1176 et
1362 1119 1598 1192 fabulae
1638 1142 1710 1175 ae

806 1207 1122 1284 religiones,

276 1390 352 1425 VII
367 1415 377 1434 ‚
401 1388 448 1434 37
473 1400 556 1436 sqq.
577 1386 696 1422 Nunc
713 1399 811 1436 age,
833 1385 904 1436 qui
924 1399 1054 1437 reges,
1076 1388 1223 1431 Erato,
1248 1399 1338 1437 quae
1357 1395 1536 1438 tempora
1551 1399 1703 1429 rerum,

222 1456 317 1505 Quis
340 1454 455 1491 Latio
475 1454 641 1503 antiquo
652 1452 782 1504 ficerit
797 1463 919 1487 status
934 1462 1008 1489 etc.

273 1521 449 1557 Primum
479 1515 771 1554 observandum
805 1526 884 1562 est,
919 1518 1134 1568 Virgilium
1161 1519 1261 1555 Latii
1300 1531 1360 1555 res
1392 1532 1475 1556 non
1500 1521 1702 1570 persequi,

215 1588 290 1623 nisi
308 1594 500 1635 quatenus
519 1583 569 1619 ad
592 1583 831 1632 Aborigines
856 1592 1050 1632 spectant,
1082 1584 1256 1633 adeoque
1279 1598 1418 1622 eorum
1447 1587 1616 1637 origines
1633 1600 1709 1636 pro

215 1665 346 1689 rerum
368 1652 411 1686 in
440 1650 503 1685 his
533 1650 632 1684 locis
663 1649 785 1684 initiis
805 1660 974 1696 ponere3
1004 1651 1096 1695 etsi,
1122 1658 1211 1686 ante
1238 1649 1501 1700 Aborigine3‚
1532 1652 1706 1698 Siculos,

214 1720 357 1769 partim
380 1717 495 1753 etiam
515 1714 709 1759 Umbros,
728 1715 770 1750 in
786 1714 847 1750 his
869 1715 966 1752 locis
987 1714 1105 1752 fuisse
1132 1724 1297 1754 constat.
1322 1719 1447 1754 Porro
1464 1717 1679 1754 tenendum
1698 1747 1709 1765 ‚

215 1783 457 1833 Aborigines
482 1780 578 1827 hos,
610 1791 698 1825 seu,
724 1779 832 1828 quod
864 1780 1110 1827 videbimus,
1141 1784 1340 1828 Ausones,
1375 1783 1619 1833 populorum
1635 1797 1708 1834 per

214 1851 436 1889 Amerieam
462 1849 635 1884 ferorum
660 1855 698 1883 et
714 1846 953 1883 silvestrium
976 1860 1107 1893 more,
1129 1847 1315 1898 dispersis
1332 1862 1403 1899 per
1421 1850 1594 1898 Italiam,
1615 1852 1705 1902 ipso

213 1919 396 1955 locorum
424 1916 527 1951 inter
555 1925 686 1949 amnes
716 1925 759 1948 ac
787 1921 939 1950 montes
969 1914 1047 1950 situ
1077 1912 1177 1950 fines
1196 1924 1375 1965 regente²
1395 1915 1578 1963 sedibus,
1600 1925 1640 1954 et
1664 1918 1706 1954 in

213 1984 346 2034 plures
372 1980 542 2031 populos
572 1992 614 2016 ae
636 1979 795 2016 nomina
824 1979 994 2026 divisos,
1022 1979 1228 2017 habitasse.
1257 1981 1481 2031 Religiones
1512 1983 1632 2030 adeo,
1662 1997 1707 2020 ac

214 2051 312 2085 ritus
328 2058 530 2084 sacrorum
542 2073 552 2091 ,
570 2054 607 2082 et
624 2045 788 2082 numina
807 2042 1039 2090 domestica,
1057 2044 1160 2080 inter
1178 2051 1240 2080 tot
1255 2045 1425 2095 populos
1440 2059 1524 2084 non
1540 2049 1704 2086 omnino

213 2114 345 2151 eadem
366 2113 484 2150 fuisse
516 2112 661 2148 mirum
685 2123 768 2147 non
792 2118 862 2147 est.
891 2111 1015 2147 Fuere
1040 2118 1170 2147 tamen
1199 2112 1316 2147 etiam
1344 2112 1552 2163 religiones
1574 2127 1617 2151 ac
1645 2114 1700 2151 fa-

211 2181 316 2219 bulae
335 2179 520 2218 omnibus
540 2187 726 2228 tanquam
746 2189 766 2213 a
786 2177 990 2214 communi
1009 2178 1129 2227 stirpe
1157 2179 1253 2215 ortis
1276 2191 1517 2220 communes.
1536 2183 1700 2220 Utrum-

212 2261 286 2296 que
307 2259 429 2297 genus
452 2247 494 2281 in
514 2257 625 2281 suam
643 2257 725 2280 rem
746 2244 942 2281 convertit
960 2252 1074 2294 poeta
1095 2256 1104 2281 :
1129 2254 1245 2295 atque
1268 2244 1361 2283 hinc
1379 2248 1422 2284 in
1440 2248 1697 2298 sequentibus

210 2313 321 2349 libi-is
337 2311 574 2363 fabularum
605 2324 723 2347 novus
751 2310 845 2347 ordo
867 2313 1046 2348 exoritur
1063 2340 1075 2359 ‚
1111 2325 1160 2349 ex
1190 2314 1392 2351 variorum
1422 2315 1544 2352 Italiae
1566 2328 1695 2366 popu-

211 2379 340 2415 lorum
354 2407 364 2425 ‚
385 2379 653 2428 Aboriginum
670 2379 840 2415 maxime
867 2379 986 2424 Latii,
1005 2378 1178 2416 historiis
1203 2388 1242 2417 et
1259 2381 1517 2431 religionibus
1535 2384 1693 2431 petitus.

212 2447 271 2481 De
300 2454 465 2495 utraque
492 2459 553 2492 re,
578 2445 818 2495 omninoque
842 2445 890 2483 de
910 2454 1040 2482 vetere
1060 2446 1170 2483 Italia
1193 2447 1329 2497 paullo
1349 2449 1567 2484 accuratius
1583 2462 1694 2488 nunc

212 2511 499 2560 dispiciendum
527 2521 602 2558 est,
628 2522 674 2550 ut
701 2513 885 2563 pluribus
910 2513 1069 2564 Virgilii
1094 2514 1191 2551 locis
1219 2527 1298 2550 una
1321 2527 1438 2564 opera
1463 2514 1535 2551 lux
1564 2516 1693 2554 affan-

210 2577 349 2622 datur,
387 2586 529 2627 utque,
569 2579 682 2628 quale
714 2579 968 2616 historiarum
998 2588 1176 2617 veterum
1211 2592 1334 2632 genus
1366 2588 1503 2630 poeta,
1534 2594 1693 2633 quoque

204 2644 358 2693 judicio
379 2644 582 2693 amplexus
602 2647 671 2692 sit,
693 2655 887 2696 appareat.
908 2649 989 2685 Nec
1012 2637 1106 2685 vero
1126 2660 1195 2683 sex
1213 2648 1476 2696 posteriorum
1493 2648 1688 2688 librorum

205 2712 374 2749 lectione
394 2709 579 2747 delectari
607 2720 735 2762 potest
756 2713 914 2764 aliquis,
939 2715 1010 2764 qui
1035 2714 1177 2751 veteris
1197 2713 1318 2750 Italiae
1345 2722 1488 2752 statum
1513 2729 1596 2755 non
1615 2718 1690 2755 im-

210 2777 376 2824 biberit,
394 2776 602 2827 animoque
625 2791 696 2815 suo
720 2788 994 2829 repraesentare
1024 2780 1100 2818 sibi
1122 2780 1239 2818 vitam
1259 2780 1364 2818 illam
1383 2783 1585 2834 antiquam
1600 2797 1690 2835 pos-
