<?xml version="1.0" encoding="UTF-8"?>
<!DOCTYPE html PUBLIC "-//W3C//DTD XHTML 1.0 Transitional//EN"
    "http://www.w3.org/TR/xhtml1/DTD/xhtml1-transitional.dtd">
<html xmlns="http://www.w3.org/1999/xhtml" xml:lang="en" lang="en">
 <head>
  <title>
</title>
<meta http-equiv="Content-Type" content="text/html;charset=utf-8" />
  <meta name='ocr-system' content='tesseract 3.04.00' />
  <meta name='ocr-capabilities' content='ocr_page ocr_carea ocr_par ocr_line ocrx_word'/>
</head>
<body>
  <div class='ocr_page' id='page_1' title='image "./operahey03virguoft_0269.png"; bbox 0 0 1767 3054; ppageno 0'>
   <div class='ocr_carea' id='block_1_1' title="bbox 681 184 961 222">
    <p class='ocr_par' dir='ltr' id='par_1_1' title="bbox 681 184 961 222">
     <span class='ocr_line' id='line_1_1' title="bbox 681 184 961 222; baseline 0.007 -2"><span class='ocrx_word' id='word_1_1' title='bbox 681 184 835 222; x_wconf 82' lang='lat' dir='ltr'>LIBER</span> <span class='ocrx_word' id='word_1_2' title='bbox 867 184 961 222; x_wconf 86' lang='lat' dir='ltr'><strong>VII.</strong></span> 
     </span>
    </p>
   </div>
   <div class='ocr_carea' id='block_1_2' title="bbox 1497 187 1577 235">
    <p class='ocr_par' dir='ltr' id='par_1_2' title="bbox 1497 187 1577 235">
     <span class='ocr_line' id='line_1_2' title="bbox 1497 187 1577 235; baseline -0.038 0"><span class='ocrx_word' id='word_1_3' title='bbox 1497 187 1577 235; x_wconf 70' lang='lat'>259</span> 
     </span>
    </p>
   </div>
   <div class='ocr_carea' id='block_1_3' title="bbox 68 252 1301 394">
    <p class='ocr_par' dir='ltr' id='par_1_3' title="bbox 68 252 1301 394">
     <span class='ocr_line' id='line_1_3' title="bbox 70 252 1175 321; baseline -0.005 -16"><span class='ocrx_word' id='word_1_4' title='bbox 70 256 294 321; x_wconf 83' lang='lat' dir='ltr'>Insignis,</span> <span class='ocrx_word' id='word_1_5' title='bbox 318 264 497 302; x_wconf 81' lang='lat' dir='ltr'><strong>reserat</strong></span> <span class='ocrx_word' id='word_1_6' title='bbox 521 252 770 301; x_wconf 84' lang='lat' dir='ltr'>stridentia</span> <span class='ocrx_word' id='word_1_7' title='bbox 789 253 952 300; x_wconf 85' lang='lat' dir='ltr'>limina</span> <span class='ocrx_word' id='word_1_8' title='bbox 980 253 1175 313; x_wconf 82' lang='lat' dir='ltr'>Consul3</span> 
     </span>
     <span class='ocr_line' id='line_1_4' title="bbox 68 327 1301 394; baseline -0.002 -16"><span class='ocrx_word' id='word_1_9' title='bbox 68 335 86 378; x_wconf 85' lang='lat'>1</span> <span class='ocrx_word' id='word_1_10' title='bbox 94 348 175 394; x_wconf 81' lang='lat' dir='ltr'>pse</span> <span class='ocrx_word' id='word_1_11' title='bbox 195 341 333 377; x_wconf 81' lang='lat' dir='ltr'>vocat</span> <span class='ocrx_word' id='word_1_12' title='bbox 357 345 563 393; x_wconf 79' lang='lat' dir='ltr'>pugnas3</span> <span class='ocrx_word' id='word_1_13' title='bbox 584 328 800 391; x_wconf 84' lang='lat' dir='ltr'>sequitur</span> <span class='ocrx_word' id='word_1_14' title='bbox 822 339 923 375; x_wconf 88' lang='lat' dir='ltr'>tum</span> <span class='ocrx_word' id='word_1_15' title='bbox 948 339 1105 375; x_wconf 83' lang='lat' dir='ltr'>cetera</span> <span class='ocrx_word' id='word_1_16' title='bbox 1125 327 1301 392; x_wconf 86' lang='lat' dir='ltr'><strong>pubes,</strong></span> 
     </span>
    </p>
   </div>
   <div class='ocr_carea' id='block_1_4' title="bbox 65 405 1210 468">
    <p class='ocr_par' dir='ltr' id='par_1_4' title="bbox 65 405 1210 468">
     <span class='ocr_line' id='line_1_5' title="bbox 65 405 1210 468; baseline -0.002 -16"><span class='ocrx_word' id='word_1_17' title='bbox 65 409 299 468; x_wconf 84' lang='lat' dir='ltr'>AEreaque</span> <span class='ocrx_word' id='word_1_18' title='bbox 324 405 527 452; x_wconf 84' lang='lat' dir='ltr'>adsensu</span> <span class='ocrx_word' id='word_1_19' title='bbox 551 405 825 467; x_wconf 84' lang='lat' dir='ltr'>conspirant</span> <span class='ocrx_word' id='word_1_20' title='bbox 850 421 1030 451; x_wconf 84' lang='lat' dir='ltr'>cornua</span> <span class='ocrx_word' id='word_1_21' title='bbox 1050 420 1210 451; x_wconf 86' lang='lat' dir='ltr'>rauco.</span> 
     </span>
    </p>
   </div>
   <div class='ocr_carea' id='block_1_5' title="bbox 64 481 1280 768">
    <p class='ocr_par' dir='ltr' id='par_1_5' title="bbox 64 481 1280 768">
     <span class='ocr_line' id='line_1_6' title="bbox 65 481 1212 528; baseline 0.002 -2"><span class='ocrx_word' id='word_1_22' title='bbox 65 484 168 527; x_wconf 92' lang='lat' dir='ltr'>Hoc</span> <span class='ocrx_word' id='word_1_23' title='bbox 192 493 238 527; x_wconf 91' lang='lat' dir='ltr'>et</span> <span class='ocrx_word' id='word_1_24' title='bbox 263 492 363 528; x_wconf 85' lang='lat' dir='ltr'>tum</span> <span class='ocrx_word' id='word_1_25' title='bbox 389 481 610 527; x_wconf 83' lang='lat' dir='ltr'>AEneadis</span> <span class='ocrx_word' id='word_1_26' title='bbox 634 481 843 528; x_wconf 84' lang='lat' dir='ltr'>indicere</span> <span class='ocrx_word' id='word_1_27' title='bbox 866 481 991 528; x_wconf 85' lang='lat' dir='ltr'>bella</span> <span class='ocrx_word' id='word_1_28' title='bbox 1014 482 1212 528; x_wconf 85' lang='lat' dir='ltr'>Latinus</span> 
     </span>
     <span class='ocr_line' id='line_1_7' title="bbox 64 556 1266 620; baseline 0.001 -18"><span class='ocrx_word' id='word_1_29' title='bbox 64 560 202 603; x_wconf 89' lang='lat' dir='ltr'>More</span> <span class='ocrx_word' id='word_1_30' title='bbox 219 556 506 620; x_wconf 84' lang='lat' dir='ltr'>jubebatur,</span> <span class='ocrx_word' id='word_1_31' title='bbox 535 557 776 620; x_wconf 83' lang='lat' dir='ltr'>tristisque</span> <span class='ocrx_word' id='word_1_32' title='bbox 795 558 1042 604; x_wconf 86' lang='lat' dir='ltr'><strong>recludere</strong></span> <span class='ocrx_word' id='word_1_33' title='bbox 1068 567 1230 620; x_wconf 88' lang='lat' dir='ltr'>portas</span> <span class='ocrx_word' id='word_1_34' title='bbox 1255 577 1266 603; x_wconf 88' lang='lat'><strong>:</strong></span> 
     </span>
     <span class='ocr_line' id='line_1_8' title="bbox 64 631 1143 696; baseline 0.001 -18"><span class='ocrx_word' id='word_1_35' title='bbox 64 631 308 680; x_wconf 86' lang='lat' dir='ltr'>Abstinuit</span> <span class='ocrx_word' id='word_1_36' title='bbox 330 645 458 681; x_wconf 84' lang='lat' dir='ltr'>tactu</span> <span class='ocrx_word' id='word_1_37' title='bbox 478 645 631 696; x_wconf 82' lang='lat' dir='ltr'>pater,</span> <span class='ocrx_word' id='word_1_38' title='bbox 653 650 942 696; x_wconf 86' lang='lat' dir='ltr'>aversusque</span> <span class='ocrx_word' id='word_1_39' title='bbox 968 634 1143 696; x_wconf 83' lang='lat' dir='ltr'><strong>refugit</strong></span> 
     </span>
     <span class='ocr_line' id='line_1_9' title="bbox 66 708 1280 768; baseline 0 -12"><span class='ocrx_word' id='word_1_40' title='bbox 66 709 211 756; x_wconf 86' lang='lat' dir='ltr'>Foeda</span> <span class='ocrx_word' id='word_1_41' title='bbox 236 710 522 768; x_wconf 80' lang='lat' dir='ltr'>ministeria,</span> <span class='ocrx_word' id='word_1_42' title='bbox 544 722 590 757; x_wconf 91' lang='lat' dir='ltr'>et</span> <span class='ocrx_word' id='word_1_43' title='bbox 613 710 748 757; x_wconf 88' lang='lat' dir='ltr'>caecis</span> <span class='ocrx_word' id='word_1_44' title='bbox 773 726 822 758; x_wconf 89' lang='lat' dir='ltr'>se</span> <span class='ocrx_word' id='word_1_45' title='bbox 847 709 1060 756; x_wconf 81' lang='lat' dir='ltr'>condidit</span> <span class='ocrx_word' id='word_1_46' title='bbox 1081 708 1280 756; x_wconf 88' lang='lat' dir='ltr'>umbris.</span> 
     </span>
    </p>
   </div>
   <div class='ocr_carea' id='block_1_6' title="bbox 67 785 1207 850">
    <p class='ocr_par' dir='ltr' id='par_1_6' title="bbox 67 785 1207 850">
     <span class='ocr_line' id='line_1_10' title="bbox 67 785 1207 850; baseline -0.001 -18"><span class='ocrx_word' id='word_1_47' title='bbox 67 789 191 832; x_wconf 89' lang='lat' dir='ltr'>Tum</span> <span class='ocrx_word' id='word_1_48' title='bbox 211 786 376 849; x_wconf 81' lang='lat' dir='ltr'>regina</span> <span class='ocrx_word' id='word_1_49' title='bbox 401 787 571 846; x_wconf 84' lang='lat' dir='ltr'>deum,</span> <span class='ocrx_word' id='word_1_50' title='bbox 593 787 711 833; x_wconf 89' lang='lat' dir='ltr'>coelo</span> <span class='ocrx_word' id='word_1_51' title='bbox 736 787 951 850; x_wconf 85' lang='lat' dir='ltr'>delapsa,</span> <span class='ocrx_word' id='word_1_52' title='bbox 977 785 1207 832; x_wconf 84' lang='lat' dir='ltr'>morantis</span> 
     </span>
    </p>
   </div>
   <div class='ocr_carea' id='block_1_7' title="bbox 1515 796 1576 826">
    <p class='ocr_par' dir='ltr' id='par_1_7' title="bbox 1515 796 1576 826">
     <span class='ocr_line' id='line_1_11' title="bbox 1515 796 1576 826; baseline -0.066 1"><span class='ocrx_word' id='word_1_53' title='bbox 1515 796 1576 826; x_wconf 82' lang='lat'>620</span> 
     </span>
    </p>
   </div>
   <div class='ocr_carea' id='block_1_8' title="bbox 68 862 1295 1153">
    <p class='ocr_par' dir='ltr' id='par_1_8' title="bbox 68 862 1198 1002">
     <span class='ocr_line' id='line_1_12' title="bbox 68 862 1198 926; baseline 0.001 -19"><span class='ocrx_word' id='word_1_54' title='bbox 68 862 248 924; x_wconf 88' lang='lat' dir='ltr'>Inpulit</span> <span class='ocrx_word' id='word_1_55' title='bbox 272 863 374 925; x_wconf 83' lang='lat' dir='ltr'>ipsa</span> <span class='ocrx_word' id='word_1_56' title='bbox 399 879 542 909; x_wconf 85' lang='lat' dir='ltr'>manu</span> <span class='ocrx_word' id='word_1_57' title='bbox 567 874 753 926; x_wconf 85' lang='lat' dir='ltr'>portas,</span> <span class='ocrx_word' id='word_1_58' title='bbox 779 873 825 910; x_wconf 89' lang='lat' dir='ltr'>et</span> <span class='ocrx_word' id='word_1_59' title='bbox 846 862 1039 909; x_wconf 84' lang='lat' dir='ltr'>cardine</span> <span class='ocrx_word' id='word_1_60' title='bbox 1058 876 1198 909; x_wconf 87' lang='lat' dir='ltr'>verso</span> 
     </span>
     <span class='ocr_line' id='line_1_13' title="bbox 68 938 1004 1002; baseline 0.001 -19"><span class='ocrx_word' id='word_1_61' title='bbox 68 938 184 984; x_wconf 88' lang='lat' dir='ltr'>Belli</span> <span class='ocrx_word' id='word_1_62' title='bbox 206 938 406 985; x_wconf 85' lang='lat' dir='ltr'>ferratos</span> <span class='ocrx_word' id='word_1_63' title='bbox 429 940 560 1002; x_wconf 87' lang='lat' dir='ltr'>rupit</span> <span class='ocrx_word' id='word_1_64' title='bbox 583 941 807 987; x_wconf 81' lang='lat' dir='ltr'>Saturnia</span> <span class='ocrx_word' id='word_1_65' title='bbox 832 950 1004 1002; x_wconf 84' lang='lat' dir='ltr'>postes.</span> 
     </span>
    </p>

    <p class='ocr_par' dir='ltr' id='par_1_9' title="bbox 68 1011 1295 1153">
     <span class='ocr_line' id='line_1_14' title="bbox 68 1011 1288 1076; baseline 0.002 -19"><span class='ocrx_word' id='word_1_66' title='bbox 68 1011 220 1058; x_wconf 84' lang='lat' dir='ltr'>Ardet</span> <span class='ocrx_word' id='word_1_67' title='bbox 243 1012 448 1060; x_wconf 84' lang='lat' dir='ltr'>inexcita</span> <span class='ocrx_word' id='word_1_68' title='bbox 467 1015 706 1072; x_wconf 82' lang='lat' dir='ltr'>Ausonia,</span> <span class='ocrx_word' id='word_1_69' title='bbox 730 1026 873 1076; x_wconf 85' lang='lat' dir='ltr'>atque</span> <span class='ocrx_word' id='word_1_70' title='bbox 893 1012 1133 1060; x_wconf 87' lang='lat' dir='ltr'>inmobilis</span> <span class='ocrx_word' id='word_1_71' title='bbox 1157 1024 1288 1071; x_wconf 84' lang='lat' dir='ltr'>ante3</span> 
     </span>
     <span class='ocr_line' id='line_1_15' title="bbox 69 1088 1295 1153; baseline 0 -19"><span class='ocrx_word' id='word_1_72' title='bbox 69 1092 182 1135; x_wconf 87' lang='lat' dir='ltr'>Pars</span> <span class='ocrx_word' id='word_1_73' title='bbox 206 1088 350 1150; x_wconf 85' lang='lat' dir='ltr'>pedes</span> <span class='ocrx_word' id='word_1_74' title='bbox 372 1089 443 1136; x_wconf 84' lang='lat' dir='ltr'>ire</span> <span class='ocrx_word' id='word_1_75' title='bbox 466 1101 603 1152; x_wconf 86' lang='lat' dir='ltr'>parat</span> <span class='ocrx_word' id='word_1_76' title='bbox 628 1091 828 1153; x_wconf 83' lang='lat' dir='ltr'>campis3</span> <span class='ocrx_word' id='word_1_77' title='bbox 854 1106 963 1153; x_wconf 85' lang='lat' dir='ltr'>pars</span> <span class='ocrx_word' id='word_1_78' title='bbox 989 1088 1167 1135; x_wconf 87' lang='lat' dir='ltr'>arduus</span> <span class='ocrx_word' id='word_1_79' title='bbox 1191 1088 1295 1135; x_wconf 84' lang='lat' dir='ltr'>altis</span> 
     </span>
    </p>
   </div>
   <div class='ocr_carea' id='block_1_9' title="bbox 63 1222 794 2897">
    <p class='ocr_par' dir='ltr' id='par_1_10' title="bbox 63 1222 794 2897">
     <span class='ocr_line' id='line_1_16' title="bbox 69 1222 790 1275; baseline 0.003 -16"><span class='ocrx_word' id='word_1_80' title='bbox 69 1235 94 1259; x_wconf 85' lang='lat' dir='ltr'><em>a</em></span> <span class='ocrx_word' id='word_1_81' title='bbox 119 1231 229 1275; x_wconf 78' lang='lat' dir='ltr'>tergo</span> <span class='ocrx_word' id='word_1_82' title='bbox 254 1232 441 1260; x_wconf 82' lang='lat' dir='ltr'>revocata</span> <span class='ocrx_word' id='word_1_83' title='bbox 473 1222 675 1261; x_wconf 79' lang='lat' dir='ltr'>hominem</span> <span class='ocrx_word' id='word_1_84' title='bbox 704 1224 790 1261; x_wconf 78' lang='lat' dir='ltr'>cin·</span> 
     </span>
     <span class='ocr_line' id='line_1_17' title="bbox 65 1280 786 1333; baseline 0.003 -16"><span class='ocrx_word' id='word_1_85' title='bbox 65 1289 162 1332; x_wconf 78' lang='lat' dir='ltr'><strong>gat,</strong></span> <span class='ocrx_word' id='word_1_86' title='bbox 189 1280 310 1318; x_wconf 80' lang='lat' dir='ltr'>simul</span> <span class='ocrx_word' id='word_1_87' title='bbox 342 1291 465 1332; x_wconf 81' lang='lat' dir='ltr'>caput</span> <span class='ocrx_word' id='word_1_88' title='bbox 490 1290 603 1333; x_wconf 77' lang='lat' dir='ltr'>cegat</span> <span class='ocrx_word' id='word_1_89' title='bbox 629 1292 669 1319; x_wconf 83' lang='lat' dir='ltr'>ec</span> <span class='ocrx_word' id='word_1_90' title='bbox 699 1296 786 1319; x_wconf 82' lang='lat' dir='ltr'>am-</span> 
     </span>
     <span class='ocr_line' id='line_1_18' title="bbox 69 1338 787 1380; baseline 0.006 -6"><span class='ocrx_word' id='word_1_91' title='bbox 69 1338 166 1378; x_wconf 78' lang='lat' dir='ltr'>hiat.</span> <span class='ocrx_word' id='word_1_92' title='bbox 186 1339 316 1377; x_wconf 87' lang='lat' dir='ltr'>Obvia</span> <span class='ocrx_word' id='word_1_93' title='bbox 340 1353 400 1377; x_wconf 85' lang='lat' dir='ltr'>res</span> <span class='ocrx_word' id='word_1_94' title='bbox 418 1344 460 1380; x_wconf 90' lang='lat' dir='ltr'>in</span> <span class='ocrx_word' id='word_1_95' title='bbox 483 1340 684 1379; x_wconf 83' lang='lat' dir='ltr'>veteribus</span> <span class='ocrx_word' id='word_1_96' title='bbox 702 1353 787 1378; x_wconf 86' lang='lat' dir='ltr'>mo-</span> 
     </span>
     <span class='ocr_line' id='line_1_19' title="bbox 69 1399 787 1451; baseline 0.003 -18"><span class='ocrx_word' id='word_1_97' title='bbox 69 1399 300 1444; x_wconf 64' lang='lat' dir='ltr'>minuentis,</span> <span class='ocrx_word' id='word_1_98' title='bbox 339 1400 599 1451; x_wconf 78' lang='lat' dir='ltr'>inprimisque</span> <span class='ocrx_word' id='word_1_99' title='bbox 633 1400 678 1435; x_wconf 89' lang='lat' dir='ltr'>in</span> <span class='ocrx_word' id='word_1_100' title='bbox 710 1412 787 1436; x_wconf 89' lang='lat' dir='ltr'>nu-</span> 
     </span>
     <span class='ocr_line' id='line_1_20' title="bbox 68 1456 788 1496; baseline 0.003 -4"><span class='ocrx_word' id='word_1_101' title='bbox 68 1456 156 1493; x_wconf 84' lang='lat' dir='ltr'>mis.</span> <span class='ocrx_word' id='word_1_102' title='bbox 184 1477 244 1485; x_wconf 91' lang='lat'>—-</span> <span class='ocrx_word' id='word_1_103' title='bbox 276 1456 375 1496; x_wconf 84' lang='lat'>613.</span> <span class='ocrx_word' id='word_1_104' title='bbox 419 1456 615 1496; x_wconf 70' lang='lat' dir='ltr'>stridenti</span> <span class='ocrx_word' id='word_1_105' title='bbox 648 1456 788 1494; x_wconf 83' lang='lat' dir='ltr'>limine</span> 
     </span>
     <span class='ocr_line' id='line_1_21' title="bbox 67 1513 786 1566; baseline 0.004 -15"><span class='ocrx_word' id='word_1_106' title='bbox 67 1513 229 1562; x_wconf 78' lang='lat' dir='ltr'>conjicit</span> <span class='ocrx_word' id='word_1_107' title='bbox 265 1515 536 1563; x_wconf 82' lang='lat' dir='ltr'><strong>Burmannus,</strong></span> <span class='ocrx_word' id='word_1_108' title='bbox 565 1527 786 1566; x_wconf 76' lang='lat' dir='ltr'><strong>perperam.</strong></span> 
     </span>
     <span class='ocr_line' id='line_1_22' title="bbox 67 1571 788 1620; baseline 0.006 -13"><span class='ocrx_word' id='word_1_109' title='bbox 67 1572 154 1608; x_wconf 79' lang='lat' dir='ltr'>Has</span> <span class='ocrx_word' id='word_1_110' title='bbox 169 1599 182 1617; x_wconf 89' lang='lat'>‚</span> <span class='ocrx_word' id='word_1_111' title='bbox 235 1571 446 1611; x_wconf 75' lang='lat' dir='ltr'>stridentia</span> <span class='ocrx_word' id='word_1_112' title='bbox 501 1573 648 1611; x_wconf 80' lang='lat' dir='ltr'>limina</span> <span class='ocrx_word' id='word_1_113' title='bbox 666 1603 678 1620; x_wconf 89' lang='lat'>‚</span> <span class='ocrx_word' id='word_1_114' title='bbox 737 1587 788 1611; x_wconf 86' lang='lat' dir='ltr'>ex</span> 
     </span>
     <span class='ocr_line' id='line_1_23' title="bbox 67 1630 790 1683; baseline 0.006 -17"><span class='ocrx_word' id='word_1_115' title='bbox 67 1630 248 1681; x_wconf 84' lang='lat' dir='ltr'>apposito</span> <span class='ocrx_word' id='word_1_116' title='bbox 290 1631 408 1673; x_wconf 82' lang='lat' dir='ltr'><strong>dixit.</strong></span> <span class='ocrx_word' id='word_1_117' title='bbox 456 1634 539 1671; x_wconf 87' lang='lat' dir='ltr'>Etsi</span> <span class='ocrx_word' id='word_1_118' title='bbox 586 1645 790 1683; x_wconf 86' lang='lat' dir='ltr'>praecesse-</span> 
     </span>
     <span class='ocr_line' id='line_1_24' title="bbox 67 1689 789 1730; baseline 0.008 -7"><span class='ocrx_word' id='word_1_119' title='bbox 67 1696 126 1724; x_wconf 82' lang='lat' dir='ltr'>rat</span> <span class='ocrx_word' id='word_1_120' title='bbox 172 1702 274 1728; x_wconf 87' lang='lat' dir='ltr'>vers.</span> <span class='ocrx_word' id='word_1_121' title='bbox 323 1689 408 1729; x_wconf 87' lang='lat'>610</span> <span class='ocrx_word' id='word_1_122' title='bbox 457 1691 609 1730; x_wconf 82' lang='lat' dir='ltr'>limine.</span> <span class='ocrx_word' id='word_1_123' title='bbox 658 1691 789 1729; x_wconf 87' lang='lat' dir='ltr'>Debe-</span> 
     </span>
     <span class='ocr_line' id='line_1_25' title="bbox 65 1749 789 1801; baseline 0.006 -19"><span class='ocrx_word' id='word_1_124' title='bbox 65 1753 125 1782; x_wconf 84' lang='lat' dir='ltr'>ret</span> <span class='ocrx_word' id='word_1_125' title='bbox 152 1759 234 1784; x_wconf 83' lang='lat' dir='ltr'>esse</span> <span class='ocrx_word' id='word_1_126' title='bbox 264 1751 458 1801; x_wconf 86' lang='lat' dir='ltr'>scriptum</span> <span class='ocrx_word' id='word_1_127' title='bbox 484 1749 670 1787; x_wconf 79' lang='lat' dir='ltr'>stridenti</span> <span class='ocrx_word' id='word_1_128' title='bbox 699 1763 789 1786; x_wconf 85' lang='lat' dir='ltr'>car-</span> 
     </span>
     <span class='ocr_line' id='line_1_26' title="bbox 67 1802 789 1859; baseline 0.01 -21"><span class='ocrx_word' id='word_1_129' title='bbox 67 1802 160 1840; x_wconf 83' lang='lat' dir='ltr'><em>dine</em></span> <span class='ocrx_word' id='word_1_130' title='bbox 179 1818 194 1841; x_wconf 88' lang='lat'><em>:</em></span> <span class='ocrx_word' id='word_1_131' title='bbox 212 1818 354 1845; x_wconf 86' lang='lat' dir='ltr'>verum</span> <span class='ocrx_word' id='word_1_132' title='bbox 378 1808 455 1846; x_wconf 89' lang='lat' dir='ltr'>hoc</span> <span class='ocrx_word' id='word_1_133' title='bbox 481 1817 539 1845; x_wconf 91' lang='lat' dir='ltr'>est</span> <span class='ocrx_word' id='word_1_134' title='bbox 563 1817 722 1859; x_wconf 85' lang='lat' dir='ltr'>poetam</span> <span class='ocrx_word' id='word_1_135' title='bbox 744 1809 789 1845; x_wconf 88' lang='lat' dir='ltr'>in</span> 
     </span>
     <span class='ocr_line' id='line_1_27' title="bbox 67 1860 789 1915; baseline 0.011 -20"><span class='ocrx_word' id='word_1_136' title='bbox 67 1860 250 1900; x_wconf 76' lang='lat' dir='ltr'><strong>ordinem</strong></span> <span class='ocrx_word' id='word_1_137' title='bbox 286 1876 451 1915; x_wconf 83' lang='lat' dir='ltr'>cogere,</span> <span class='ocrx_word' id='word_1_138' title='bbox 486 1879 571 1903; x_wconf 88' lang='lat' dir='ltr'>non</span> <span class='ocrx_word' id='word_1_139' title='bbox 593 1866 678 1913; x_wconf 78' lang='lat' dir='ltr'>ejus</span> <span class='ocrx_word' id='word_1_140' title='bbox 708 1865 789 1903; x_wconf 87' lang='lat' dir='ltr'>lec-</span> 
     </span>
     <span class='ocr_line' id='line_1_28' title="bbox 68 1919 794 1968; baseline 0.007 -14"><span class='ocrx_word' id='word_1_141' title='bbox 68 1919 217 1956; x_wconf 81' lang='lat' dir='ltr'>tionem</span> <span class='ocrx_word' id='word_1_142' title='bbox 233 1923 451 1962; x_wconf 82' lang='lat' dir='ltr'>restituere.</span> <span class='ocrx_word' id='word_1_143' title='bbox 468 1944 527 1951; x_wconf 89' lang='lat'>—</span> <span class='ocrx_word' id='word_1_144' title='bbox 544 1923 594 1960; x_wconf 87' lang='lat'>61</span> <span class='ocrx_word' id='word_1_145' title='bbox 605 1931 643 1968; x_wconf 77' lang='lat'>4.</span> <span class='ocrx_word' id='word_1_146' title='bbox 664 1926 794 1960; x_wconf 76' lang='lat' dir='ltr'>Vocat</span> 
     </span>
     <span class='ocr_line' id='line_1_29' title="bbox 63 1981 787 2030; baseline 0.012 -20"><span class='ocrx_word' id='word_1_147' title='bbox 63 1989 224 2027; x_wconf 78' lang='lat' dir='ltr'>pugnas</span> <span class='ocrx_word' id='word_1_148' title='bbox 245 1992 258 2014; x_wconf 92' lang='lat'>.·</span> <span class='ocrx_word' id='word_1_149' title='bbox 282 1988 328 2016; x_wconf 93' lang='lat' dir='ltr'>ut</span> <span class='ocrx_word' id='word_1_150' title='bbox 346 1993 433 2030; x_wconf 87' lang='lat' dir='ltr'>sup.</span> <span class='ocrx_word' id='word_1_151' title='bbox 459 1995 497 2018; x_wconf 85' lang='lat' dir='ltr'>v.</span> <span class='ocrx_word' id='word_1_152' title='bbox 530 1993 564 2018; x_wconf 88' lang='lat' dir='ltr'>c.</span> <span class='ocrx_word' id='word_1_153' title='bbox 593 1982 675 2026; x_wconf 89' lang='grc' dir='ltr'><strong>ΙΙΙ,</strong></span> <span class='ocrx_word' id='word_1_154' title='bbox 706 1981 787 2019; x_wconf 80' lang='lat'>253</span> 
     </span>
     <span class='ocr_line' id='line_1_30' title="bbox 68 2038 790 2088; baseline 0.011 -20"><span class='ocrx_word' id='word_1_155' title='bbox 68 2044 272 2073; x_wconf 77' lang='lat' dir='ltr'>vocantur</span> <span class='ocrx_word' id='word_1_156' title='bbox 296 2038 433 2083; x_wconf 78' lang='lat' dir='ltr'>venti,</span> <span class='ocrx_word' id='word_1_157' title='bbox 476 2038 573 2075; x_wconf 81' lang='lat' dir='ltr'>velis</span> <span class='ocrx_word' id='word_1_158' title='bbox 605 2040 790 2088; x_wconf 84' lang='lat' dir='ltr'>expansis</span> 
     </span>
     <span class='ocr_line' id='line_1_31' title="bbox 67 2093 790 2147; baseline 0.011 -21"><span class='ocrx_word' id='word_1_159' title='bbox 67 2093 348 2142; x_wconf 77' lang='lat' dir='ltr'>excipiuntur,</span> <span class='ocrx_word' id='word_1_160' title='bbox 367 2096 421 2133; x_wconf 86' lang='lat' dir='ltr'>ita</span> <span class='ocrx_word' id='word_1_161' title='bbox 449 2109 560 2134; x_wconf 85' lang='lat' dir='ltr'>nunc</span> <span class='ocrx_word' id='word_1_162' title='bbox 584 2096 790 2147; x_wconf 83' lang='lat' dir='ltr'>pugnandi</span> 
     </span>
     <span class='ocr_line' id='line_1_32' title="bbox 67 2151 791 2201; baseline 0.008 -15"><span class='ocrx_word' id='word_1_163' title='bbox 67 2158 237 2199; x_wconf 84' lang='lat' dir='ltr'>potestas</span> <span class='ocrx_word' id='word_1_164' title='bbox 256 2151 396 2200; x_wconf 85' lang='lat' dir='ltr'>datur,</span> <span class='ocrx_word' id='word_1_165' title='bbox 417 2163 456 2191; x_wconf 88' lang='lat' dir='ltr'>et</span> <span class='ocrx_word' id='word_1_166' title='bbox 472 2153 714 2201; x_wconf 82' lang='lat' dir='ltr'><strong>admittitur,</strong></span> <span class='ocrx_word' id='word_1_167' title='bbox 732 2155 791 2192; x_wconf 87' lang='lat' dir='ltr'>in-</span> 
     </span>
     <span class='ocr_line' id='line_1_33' title="bbox 69 2206 791 2250; baseline 0.007 -6"><span class='ocrx_word' id='word_1_168' title='bbox 69 2206 217 2246; x_wconf 83' lang='lat' dir='ltr'><strong>dicitur</strong></span> <span class='ocrx_word' id='word_1_169' title='bbox 229 2209 393 2250; x_wconf 85' lang='lat' dir='ltr'>bellum.</span> <span class='ocrx_word' id='word_1_170' title='bbox 413 2213 515 2249; x_wconf 79' lang='lat' dir='ltr'>Mox</span> <span class='ocrx_word' id='word_1_171' title='bbox 534 2227 572 2250; x_wconf 82' lang='lat' dir='ltr'>v.</span> <span class='ocrx_word' id='word_1_172' title='bbox 591 2213 674 2249; x_wconf 82' lang='lat'>615</span> <span class='ocrx_word' id='word_1_173' title='bbox 698 2212 791 2249; x_wconf 88' lang='lat' dir='ltr'>clas-</span> 
     </span>
     <span class='ocr_line' id='line_1_34' title="bbox 67 2267 790 2308; baseline 0.006 -6"><span class='ocrx_word' id='word_1_174' title='bbox 67 2267 193 2303; x_wconf 88' lang='lat' dir='ltr'>sicum</span> <span class='ocrx_word' id='word_1_175' title='bbox 214 2270 382 2308; x_wconf 80' lang='lat' dir='ltr'>canitur.</span> <span class='ocrx_word' id='word_1_176' title='bbox 402 2271 485 2308; x_wconf 89' lang='lat' dir='ltr'>Nec</span> <span class='ocrx_word' id='word_1_177' title='bbox 509 2279 640 2307; x_wconf 85' lang='lat' dir='ltr'>tamen</span> <span class='ocrx_word' id='word_1_178' title='bbox 665 2271 790 2308; x_wconf 88' lang='lat' dir='ltr'>inter-</span> 
     </span>
     <span class='ocr_line' id='line_1_35' title="bbox 67 2323 791 2376; baseline 0.006 -15"><span class='ocrx_word' id='word_1_179' title='bbox 67 2323 166 2362; x_wconf 84' lang='lat' dir='ltr'>cedo</span> <span class='ocrx_word' id='word_1_180' title='bbox 180 2351 192 2370; x_wconf 90' lang='lat'><strong>,</strong></span> <span class='ocrx_word' id='word_1_181' title='bbox 211 2327 244 2363; x_wconf 89' lang='lat' dir='ltr'>si</span> <span class='ocrx_word' id='word_1_182' title='bbox 261 2328 349 2376; x_wconf 85' lang='lat' dir='ltr'>quis</span> <span class='ocrx_word' id='word_1_183' title='bbox 361 2341 512 2365; x_wconf 87' lang='lat' dir='ltr'>morem</span> <span class='ocrx_word' id='word_1_184' title='bbox 526 2327 791 2375; x_wconf 73' lang='lat' dir='ltr'>reconditum,</span> 
     </span>
     <span class='ocr_line' id='line_1_36' title="bbox 68 2382 792 2436; baseline 0.006 -17"><span class='ocrx_word' id='word_1_185' title='bbox 68 2390 107 2420; x_wconf 89' lang='lat' dir='ltr'>et</span> <span class='ocrx_word' id='word_1_186' title='bbox 143 2382 356 2422; x_wconf 81' lang='lat' dir='ltr'>formulam</span> <span class='ocrx_word' id='word_1_187' title='bbox 390 2386 609 2424; x_wconf 87' lang='lat' dir='ltr'>sollennem</span> <span class='ocrx_word' id='word_1_188' title='bbox 647 2387 792 2436; x_wconf 86' lang='lat' dir='ltr'>respici</span> 
     </span>
     <span class='ocr_line' id='line_1_37' title="bbox 68 2438 791 2492; baseline 0.008 -16"><span class='ocrx_word' id='word_1_189' title='bbox 68 2438 200 2488; x_wconf 86' lang='lat' dir='ltr'>dicat,</span> <span class='ocrx_word' id='word_1_190' title='bbox 230 2455 310 2492; x_wconf 85' lang='lat' dir='ltr'>qua</span> <span class='ocrx_word' id='word_1_191' title='bbox 347 2444 391 2481; x_wconf 86' lang='lat' dir='ltr'>in</span> <span class='ocrx_word' id='word_1_192' title='bbox 431 2443 642 2481; x_wconf 84' lang='lat' dir='ltr'>reserando</span> <span class='ocrx_word' id='word_1_193' title='bbox 685 2446 791 2482; x_wconf 83' lang='lat' dir='ltr'>Jano</span> 
     </span>
     <span class='ocr_line' id='line_1_38' title="bbox 68 2501 789 2549; baseline 0.007 -15"><span class='ocrx_word' id='word_1_194' title='bbox 68 2509 164 2536; x_wconf 83' lang='lat' dir='ltr'>usus</span> <span class='ocrx_word' id='word_1_195' title='bbox 203 2501 256 2537; x_wconf 89' lang='lat' dir='ltr'>sit</span> <span class='ocrx_word' id='word_1_196' title='bbox 302 2502 475 2549; x_wconf 89' lang='lat' dir='ltr'>Consul,</span> <span class='ocrx_word' id='word_1_197' title='bbox 498 2511 542 2539; x_wconf 91' lang='lat' dir='ltr'>ut</span> <span class='ocrx_word' id='word_1_198' title='bbox 570 2504 613 2539; x_wconf 88' lang='lat' dir='ltr'>in</span> <span class='ocrx_word' id='word_1_199' title='bbox 645 2515 690 2539; x_wconf 83' lang='lat' dir='ltr'>ea</span> <span class='ocrx_word' id='word_1_200' title='bbox 727 2502 789 2539; x_wconf 90' lang='lat' dir='ltr'>in-</span> 
     </span>
     <span class='ocr_line' id='line_1_39' title="bbox 68 2559 792 2606; baseline 0.007 -13"><span class='ocrx_word' id='word_1_201' title='bbox 68 2559 270 2596; x_wconf 80' lang='lat' dir='ltr'>vocaverit</span> <span class='ocrx_word' id='word_1_202' title='bbox 294 2561 466 2597; x_wconf 83' lang='lat' dir='ltr'>Martem</span> <span class='ocrx_word' id='word_1_203' title='bbox 494 2569 533 2598; x_wconf 91' lang='lat' dir='ltr'>et</span> <span class='ocrx_word' id='word_1_204' title='bbox 552 2561 707 2598; x_wconf 86' lang='lat' dir='ltr'>Bellum</span> <span class='ocrx_word' id='word_1_205' title='bbox 720 2588 730 2606; x_wconf 91' lang='lat'>,</span> <span class='ocrx_word' id='word_1_206' title='bbox 751 2568 792 2597; x_wconf 92' lang='lat' dir='ltr'>et</span> 
     </span>
     <span class='ocr_line' id='line_1_40' title="bbox 69 2611 792 2657; baseline 0.01 -9"><span class='ocrx_word' id='word_1_207' title='bbox 69 2611 228 2654; x_wconf 82' lang='lat' dir='ltr'><strong>adstans</strong></span> <span class='ocrx_word' id='word_1_208' title='bbox 256 2617 474 2657; x_wconf 89' lang='lat' dir='ltr'>multitudo</span> <span class='ocrx_word' id='word_1_209' title='bbox 495 2619 627 2656; x_wconf 87' lang='lat' dir='ltr'>verbis</span> <span class='ocrx_word' id='word_1_210' title='bbox 647 2619 792 2656; x_wconf 88' lang='lat' dir='ltr'>sollen-</span> 
     </span>
     <span class='ocr_line' id='line_1_41' title="bbox 70 2669 792 2726; baseline 0.008 -19"><span class='ocrx_word' id='word_1_211' title='bbox 70 2669 190 2709; x_wconf 71' lang='lat' dir='ltr'>nibus</span> <span class='ocrx_word' id='word_1_212' title='bbox 211 2675 461 2726; x_wconf 86' lang='lat' dir='ltr'>responderit</span> <span class='ocrx_word' id='word_1_213' title='bbox 478 2688 489 2715; x_wconf 93' lang='lat'>:</span> <span class='ocrx_word' id='word_1_214' title='bbox 510 2678 583 2714; x_wconf 87' lang='lat' dir='ltr'>etsi</span> <span class='ocrx_word' id='word_1_215' title='bbox 607 2690 651 2714; x_wconf 83' lang='lat' dir='ltr'>ea</span> <span class='ocrx_word' id='word_1_216' title='bbox 682 2676 732 2714; x_wconf 91' lang='lat' dir='ltr'>de</span> <span class='ocrx_word' id='word_1_217' title='bbox 750 2689 792 2713; x_wconf 89' lang='lat' dir='ltr'>re</span> 
     </span>
     <span class='ocr_line' id='line_1_42' title="bbox 72 2726 792 2774; baseline 0.013 -11"><span class='ocrx_word' id='word_1_218' title='bbox 72 2726 230 2768; x_wconf 83' lang='lat' dir='ltr'>aliunde</span> <span class='ocrx_word' id='word_1_219' title='bbox 261 2732 364 2771; x_wconf 85' lang='lat' dir='ltr'>nihil</span> <span class='ocrx_word' id='word_1_220' title='bbox 398 2747 510 2772; x_wconf 87' lang='lat' dir='ltr'>nunc</span> <span class='ocrx_word' id='word_1_221' title='bbox 540 2743 708 2774; x_wconf 81' lang='lat' dir='ltr'>constat.</span> <span class='ocrx_word' id='word_1_222' title='bbox 742 2735 792 2771; x_wconf 92' lang='lat' dir='ltr'>In</span> 
     </span>
     <span class='ocr_line' id='line_1_43' title="bbox 74 2786 793 2832; baseline 0.011 -10"><span class='ocrx_word' id='word_1_223' title='bbox 74 2786 252 2826; x_wconf 76' lang='lat' dir='ltr'>versibus</span> <span class='ocrx_word' id='word_1_224' title='bbox 270 2789 499 2830; x_wconf 81' lang='lat'><strong>616-622</strong></span> <span class='ocrx_word' id='word_1_225' title='bbox 520 2793 712 2832; x_wconf 87' lang='lat' dir='ltr'>orationis</span> <span class='ocrx_word' id='word_1_226' title='bbox 726 2805 793 2830; x_wconf 89' lang='lat' dir='ltr'>co-</span> 
     </span>
     <span class='ocr_line' id='line_1_44' title="bbox 73 2843 792 2897; baseline 0.008 -14"><span class='ocrx_word' id='word_1_227' title='bbox 73 2843 180 2892; x_wconf 81' lang='lat' dir='ltr'>piam</span> <span class='ocrx_word' id='word_1_228' title='bbox 196 2845 380 2897; x_wconf 81' lang='lat' dir='ltr'>observa,</span> <span class='ocrx_word' id='word_1_229' title='bbox 400 2859 439 2888; x_wconf 83' lang='lat' dir='ltr'>et</span> <span class='ocrx_word' id='word_1_230' title='bbox 457 2860 643 2891; x_wconf 86' lang='lat' dir='ltr'>ornatum</span> <span class='ocrx_word' id='word_1_231' title='bbox 658 2853 701 2890; x_wconf 89' lang='lat' dir='ltr'>in</span> <span class='ocrx_word' id='word_1_232' title='bbox 716 2852 792 2889; x_wconf 85' lang='lat' dir='ltr'>sin-</span> 
     </span>
    </p>
   </div>
   <div class='ocr_carea' id='block_1_10' title="bbox 843 1222 1583 2899">
    <p class='ocr_par' dir='ltr' id='par_1_11' title="bbox 843 1222 1583 2073">
     <span class='ocr_line' id='line_1_45' title="bbox 857 1222 1578 1276; baseline 0 -15"><span class='ocrx_word' id='word_1_233' title='bbox 857 1223 972 1276; x_wconf 78' lang='lat' dir='ltr'>gulis,</span> <span class='ocrx_word' id='word_1_234' title='bbox 991 1222 1041 1262; x_wconf 86' lang='lat' dir='ltr'>cf.</span> <span class='ocrx_word' id='word_1_235' title='bbox 1061 1237 1150 1274; x_wconf 90' lang='lat' dir='ltr'>sup.</span> <span class='ocrx_word' id='word_1_236' title='bbox 1172 1222 1224 1260; x_wconf 86' lang='lat' dir='ltr'>ad</span> <span class='ocrx_word' id='word_1_237' title='bbox 1243 1237 1280 1261; x_wconf 87' lang='lat' dir='ltr'>v.</span> <span class='ocrx_word' id='word_1_238' title='bbox 1310 1235 1406 1271; x_wconf 86' lang='lat'><em>701.</em></span> <span class='ocrx_word' id='word_1_239' title='bbox 1422 1222 1578 1276; x_wconf 87' lang='lat' dir='ltr'>(Pictu-</span> 
     </span>
     <span class='ocr_line' id='line_1_46' title="bbox 858 1281 1576 1333; baseline 0.001 -14"><span class='ocrx_word' id='word_1_240' title='bbox 858 1296 899 1319; x_wconf 88' lang='lat' dir='ltr'>ra</span> <span class='ocrx_word' id='word_1_241' title='bbox 930 1282 1140 1333; x_wconf 78' lang='lat' dir='ltr'>fragmenti</span> <span class='ocrx_word' id='word_1_242' title='bbox 1176 1281 1275 1319; x_wconf 83' lang='lat' dir='ltr'>Cod.</span> <span class='ocrx_word' id='word_1_243' title='bbox 1302 1282 1432 1319; x_wconf 83' lang='lat' dir='ltr'>Vatic.</span> <span class='ocrx_word' id='word_1_244' title='bbox 1458 1282 1510 1319; x_wconf 88' lang='lat' dir='ltr'>ad</span> <span class='ocrx_word' id='word_1_245' title='bbox 1537 1296 1576 1321; x_wconf 89' lang='lat' dir='ltr'>v.</span> 
     </span>
     <span class='ocr_line' id='line_1_47' title="bbox 855 1341 1580 1390; baseline 0 -12"><span class='ocrx_word' id='word_1_246' title='bbox 855 1342 938 1378; x_wconf 87' lang='lat'>620</span> <span class='ocrx_word' id='word_1_247' title='bbox 958 1353 1108 1377; x_wconf 89' lang='lat' dir='ltr'>morem</span> <span class='ocrx_word' id='word_1_248' title='bbox 1121 1341 1331 1390; x_wconf 86' lang='lat' dir='ltr'>antiquum</span> <span class='ocrx_word' id='word_1_249' title='bbox 1348 1341 1480 1378; x_wconf 87' lang='lat' dir='ltr'>minus</span> <span class='ocrx_word' id='word_1_250' title='bbox 1498 1353 1580 1378; x_wconf 90' lang='lat' dir='ltr'>rec-</span> 
     </span>
     <span class='ocr_line' id='line_1_48' title="bbox 856 1398 1578 1448; baseline -0.001 -12"><span class='ocrx_word' id='word_1_251' title='bbox 856 1408 893 1436; x_wconf 83' lang='lat' dir='ltr'>te</span> <span class='ocrx_word' id='word_1_252' title='bbox 914 1399 1034 1435; x_wconf 88' lang='lat' dir='ltr'>refert</span> <span class='ocrx_word' id='word_1_253' title='bbox 1063 1400 1105 1435; x_wconf 86' lang='lat' dir='ltr'>in</span> <span class='ocrx_word' id='word_1_254' title='bbox 1135 1398 1284 1448; x_wconf 88' lang='lat' dir='ltr'>templo</span> <span class='ocrx_word' id='word_1_255' title='bbox 1307 1399 1401 1435; x_wconf 87' lang='lat' dir='ltr'>Jani</span> <span class='ocrx_word' id='word_1_256' title='bbox 1421 1406 1459 1434; x_wconf 93' lang='lat' dir='ltr'>et</span> <span class='ocrx_word' id='word_1_257' title='bbox 1483 1398 1578 1436; x_wconf 86' lang='lat' dir='ltr'>fori-</span> 
     </span>
     <span class='ocr_line' id='line_1_49' title="bbox 855 1455 1579 1507; baseline -0.003 -13"><span class='ocrx_word' id='word_1_258' title='bbox 855 1457 944 1494; x_wconf 84' lang='lat' dir='ltr'>bus.</span> <span class='ocrx_word' id='word_1_259' title='bbox 962 1455 977 1507; x_wconf 94' lang='lat'><em>)</em></span> <span class='ocrx_word' id='word_1_260' title='bbox 994 1477 1054 1484; x_wconf 86' lang='lat'>—-</span> <span class='ocrx_word' id='word_1_261' title='bbox 1075 1457 1173 1494; x_wconf 84' lang='lat'>622.</span> <span class='ocrx_word' id='word_1_262' title='bbox 1194 1456 1422 1493; x_wconf 87' lang='lat' dir='ltr'>Ennianum</span> <span class='ocrx_word' id='word_1_263' title='bbox 1445 1469 1579 1493; x_wconf 86' lang='lat' dir='ltr'>exem-</span> 
     </span>
     <span class='ocr_line' id='line_1_50' title="bbox 855 1514 1577 1566; baseline 0 -15"><span class='ocrx_word' id='word_1_264' title='bbox 855 1514 968 1566; x_wconf 90' lang='lat' dir='ltr'>plum</span> <span class='ocrx_word' id='word_1_265' title='bbox 986 1515 1159 1551; x_wconf 84' lang='lat' dir='ltr'>servavit</span> <span class='ocrx_word' id='word_1_266' title='bbox 1180 1514 1340 1552; x_wconf 80' lang='lat' dir='ltr'>Servius</span> <span class='ocrx_word' id='word_1_267' title='bbox 1360 1527 1411 1551; x_wconf 82' lang='lat' dir='ltr'>ex</span> <span class='ocrx_word' id='word_1_268' title='bbox 1428 1515 1577 1551; x_wconf 83' lang='lat' dir='ltr'>Annal.</span> 
     </span>
     <span class='ocr_line' id='line_1_51' title="bbox 855 1571 1583 1623; baseline -0.001 -13"><span class='ocrx_word' id='word_1_269' title='bbox 855 1576 1076 1623; x_wconf 82' lang='lat' dir='ltr'>Postquam</span> <span class='ocrx_word' id='word_1_270' title='bbox 1098 1571 1313 1609; x_wconf 78' lang='lat' dir='ltr'>Discordia</span> <span class='ocrx_word' id='word_1_271' title='bbox 1339 1579 1443 1609; x_wconf 81' lang='lat' dir='ltr'>tetra</span> <span class='ocrx_word' id='word_1_272' title='bbox 1471 1572 1583 1609; x_wconf 80' lang='lat' dir='ltr'>Belli</span> 
     </span>
     <span class='ocr_line' id='line_1_52' title="bbox 843 1628 1580 1682; baseline 0 -15"><span class='ocrx_word' id='word_1_273' title='bbox 843 1630 1026 1682; x_wconf 64' lang='lat' dir='ltr'>ferratos</span> <span class='ocrx_word' id='word_1_274' title='bbox 1037 1630 1190 1680; x_wconf 77' lang='lat' dir='ltr'>postez&#39;s</span> <span class='ocrx_word' id='word_1_275' title='bbox 1219 1639 1439 1680; x_wconf 80' lang='lat' dir='ltr'>portasque</span> <span class='ocrx_word' id='word_1_276' title='bbox 1461 1628 1580 1681; x_wconf 77' lang='lat' dir='ltr'>refie—</span> 
     </span>
     <span class='ocr_line' id='line_1_53' title="bbox 851 1688 1582 1741; baseline 0.001 -16"><span class='ocrx_word' id='word_1_277' title='bbox 851 1688 915 1741; x_wconf 76' lang='lat' dir='ltr'>gic</span> <span class='ocrx_word' id='word_1_278' title='bbox 925 1703 938 1725; x_wconf 93' lang='grc'>.·</span> <span class='ocrx_word' id='word_1_279' title='bbox 953 1688 1061 1726; x_wconf 88' lang='lat' dir='ltr'>unde</span> <span class='ocrx_word' id='word_1_280' title='bbox 1077 1690 1194 1726; x_wconf 87' lang='lat' dir='ltr'>etiam</span> <span class='ocrx_word' id='word_1_281' title='bbox 1205 1688 1463 1739; x_wconf 82' lang='lat' dir='ltr'>intelligitur,</span> <span class='ocrx_word' id='word_1_282' title='bbox 1482 1701 1582 1738; x_wconf 88' lang='lat' dir='ltr'>quo-</span> 
     </span>
     <span class='ocr_line' id='line_1_54' title="bbox 855 1747 1582 1798; baseline -0.004 -13"><span class='ocrx_word' id='word_1_283' title='bbox 855 1747 977 1785; x_wconf 88' lang='lat' dir='ltr'>modo</span> <span class='ocrx_word' id='word_1_284' title='bbox 1006 1747 1200 1798; x_wconf 75' lang='lat' dir='ltr'>Virgilius</span> <span class='ocrx_word' id='word_1_285' title='bbox 1231 1747 1275 1784; x_wconf 91' lang='lat' dir='ltr'>in</span> <span class='ocrx_word' id='word_1_286' title='bbox 1308 1747 1483 1784; x_wconf 89' lang='lat' dir='ltr'>Junonis</span> <span class='ocrx_word' id='word_1_287' title='bbox 1508 1748 1582 1783; x_wconf 92' lang='lat' dir='ltr'>mi-</span> 
     </span>
     <span class='ocr_line' id='line_1_55' title="bbox 855 1802 1579 1843; baseline -0.004 -1"><span class='ocrx_word' id='word_1_288' title='bbox 855 1806 1063 1842; x_wconf 88' lang='lat' dir='ltr'>nisterium</span> <span class='ocrx_word' id='word_1_289' title='bbox 1101 1805 1178 1843; x_wconf 90' lang='lat' dir='ltr'>hoc</span> <span class='ocrx_word' id='word_1_290' title='bbox 1204 1802 1403 1842; x_wconf 89' lang='lat' dir='ltr'>inciderit.</span> <span class='ocrx_word' id='word_1_291' title='bbox 1424 1802 1579 1841; x_wconf 79' lang='lat' dir='ltr'>Adum-</span> 
     </span>
     <span class='ocr_line' id='line_1_56' title="bbox 856 1861 1578 1907; baseline -0.004 -7"><span class='ocrx_word' id='word_1_292' title='bbox 856 1862 989 1900; x_wconf 89' lang='lat' dir='ltr'>brasse</span> <span class='ocrx_word' id='word_1_293' title='bbox 1031 1862 1168 1899; x_wconf 86' lang='lat' dir='ltr'>eadem</span> <span class='ocrx_word' id='word_1_294' title='bbox 1208 1861 1368 1898; x_wconf 84' lang='lat' dir='ltr'>videtur</span> <span class='ocrx_word' id='word_1_295' title='bbox 1407 1862 1553 1899; x_wconf 85' lang='lat' dir='ltr'>Statius</span> <span class='ocrx_word' id='word_1_296' title='bbox 1568 1889 1578 1907; x_wconf 89' lang='lat'><strong>,</strong></span> 
     </span>
     <span class='ocr_line' id='line_1_57' title="bbox 856 1918 1576 1967; baseline -0.003 -10"><span class='ocrx_word' id='word_1_297' title='bbox 856 1920 883 1958; x_wconf 94' lang='grc'>1.</span> <span class='ocrx_word' id='word_1_298' title='bbox 899 1923 936 1957; x_wconf 88' lang='lat' dir='ltr'><strong>V</strong></span> <span class='ocrx_word' id='word_1_299' title='bbox 949 1920 1076 1958; x_wconf 89' lang='lat' dir='ltr'>Theb.</span> <span class='ocrx_word' id='word_1_300' title='bbox 1104 1933 1118 1956; x_wconf 92' lang='lat'>1</span> <span class='ocrx_word' id='word_1_301' title='bbox 1129 1920 1197 1967; x_wconf 77' lang='lat'>46,</span> <span class='ocrx_word' id='word_1_302' title='bbox 1217 1919 1266 1957; x_wconf 84' lang='lat' dir='ltr'>de</span> <span class='ocrx_word' id='word_1_303' title='bbox 1279 1918 1576 1956; x_wconf 86' lang='lat' dir='ltr'>Amazonibus:</span> 
     </span>
     <span class='ocr_line' id='line_1_58' title="bbox 857 1977 1578 2029; baseline -0.001 -15"><span class='ocrx_word' id='word_1_304' title='bbox 857 1977 924 2014; x_wconf 85' lang='lat' dir='ltr'>ubi</span> <span class='ocrx_word' id='word_1_305' title='bbox 939 1991 1058 2014; x_wconf 83' lang='lat' dir='ltr'>arma</span> <span class='ocrx_word' id='word_1_306' title='bbox 1071 1978 1263 2029; x_wconf 78' lang='lat' dir='ltr'>Indulget</span> <span class='ocrx_word' id='word_1_307' title='bbox 1280 1985 1427 2026; x_wconf 81' lang='lat' dir='ltr'>pater,</span> <span class='ocrx_word' id='word_1_308' title='bbox 1444 1985 1484 2013; x_wconf 81' lang='lat' dir='ltr'>et</span> <span class='ocrx_word' id='word_1_309' title='bbox 1506 1989 1578 2013; x_wconf 84' lang='lat' dir='ltr'>sae-</span> 
     </span>
     <span class='ocr_line' id='line_1_59' title="bbox 857 2034 1310 2073; baseline -0.002 0"><span class='ocrx_word' id='word_1_310' title='bbox 857 2035 896 2073; x_wconf 86' lang='grc' dir='ltr'><strong><em>νί</em></strong></span> <span class='ocrx_word' id='word_1_311' title='bbox 914 2045 1042 2072; x_wconf 77' lang='lat' dir='ltr'>movet</span> <span class='ocrx_word' id='word_1_312' title='bbox 1061 2035 1165 2072; x_wconf 77' lang='lat' dir='ltr'>ostia</span> <span class='ocrx_word' id='word_1_313' title='bbox 1191 2034 1310 2072; x_wconf 82' lang='lat' dir='ltr'>Belli.</span> 
     </span>
    </p>

    <p class='ocr_par' dir='ltr' id='par_1_12' title="bbox 854 2092 1580 2899">
     <span class='ocr_line' id='line_1_60' title="bbox 914 2092 1579 2132; baseline -0.003 -2"><span class='ocrx_word' id='word_1_314' title='bbox 914 2093 1013 2131; x_wconf 82' lang='lat'><strong>623.</strong></span> <span class='ocrx_word' id='word_1_315' title='bbox 1031 2094 1254 2132; x_wconf 89' lang='lat' dir='ltr'>Arusianus</span> <span class='ocrx_word' id='word_1_316' title='bbox 1262 2093 1432 2130; x_wconf 84' lang='lat' dir='ltr'>Messius</span> <span class='ocrx_word' id='word_1_317' title='bbox 1446 2092 1489 2128; x_wconf 88' lang='lat' dir='ltr'>in</span> <span class='ocrx_word' id='word_1_318' title='bbox 1504 2104 1579 2129; x_wconf 89' lang='lat' dir='ltr'>suo</span> 
     </span>
     <span class='ocr_line' id='line_1_61' title="bbox 854 2149 1579 2203; baseline -0.003 -15"><span class='ocrx_word' id='word_1_319' title='bbox 854 2151 961 2188; x_wconf 83' lang='lat' dir='ltr'>libro</span> <span class='ocrx_word' id='word_1_320' title='bbox 997 2151 1145 2203; x_wconf 81' lang='lat' dir='ltr'>legerat</span> <span class='ocrx_word' id='word_1_321' title='bbox 1171 2150 1301 2188; x_wconf 79' lang='lat' dir='ltr'>Ardet</span> <span class='ocrx_word' id='word_1_322' title='bbox 1329 2149 1369 2186; x_wconf 83' lang='lat' dir='ltr'>in</span> <span class='ocrx_word' id='word_1_323' title='bbox 1398 2149 1579 2186; x_wconf 73' lang='lat' dir='ltr'>excitam</span> 
     </span>
     <span class='ocr_line' id='line_1_62' title="bbox 857 2207 1578 2259; baseline -0.003 -13"><span class='ocrx_word' id='word_1_324' title='bbox 857 2209 1096 2246; x_wconf 78' lang='lat' dir='ltr'>Ausoniam.</span> <span class='ocrx_word' id='word_1_325' title='bbox 1128 2210 1351 2259; x_wconf 85' lang='lat' dir='ltr'>Argutatur</span> <span class='ocrx_word' id='word_1_326' title='bbox 1369 2209 1413 2244; x_wconf 89' lang='lat' dir='ltr'>iu</span> <span class='ocrx_word' id='word_1_327' title='bbox 1435 2207 1513 2244; x_wconf 89' lang='lat' dir='ltr'>hoc</span> <span class='ocrx_word' id='word_1_328' title='bbox 1531 2207 1578 2244; x_wconf 83' lang='lat' dir='ltr'>li-</span> 
     </span>
     <span class='ocr_line' id='line_1_63' title="bbox 859 2264 1578 2317; baseline -0.001 -14"><span class='ocrx_word' id='word_1_329' title='bbox 859 2266 980 2303; x_wconf 81' lang='lat' dir='ltr'>brarii</span> <span class='ocrx_word' id='word_1_330' title='bbox 1028 2267 1142 2317; x_wconf 87' lang='lat' dir='ltr'>lapsu</span> <span class='ocrx_word' id='word_1_331' title='bbox 1186 2266 1324 2304; x_wconf 83' lang='lat' dir='ltr'>Heius.</span> <span class='ocrx_word' id='word_1_332' title='bbox 1367 2264 1578 2317; x_wconf 88' lang='lat' dir='ltr'>Vulgatam</span> 
     </span>
     <span class='ocr_line' id='line_1_64' title="bbox 857 2324 1577 2376; baseline 0.001 -16"><span class='ocrx_word' id='word_1_333' title='bbox 857 2324 994 2376; x_wconf 82' lang='lat' dir='ltr'>fragm.</span> <span class='ocrx_word' id='word_1_334' title='bbox 1015 2325 1148 2362; x_wconf 83' lang='lat' dir='ltr'>Vatic.</span> <span class='ocrx_word' id='word_1_335' title='bbox 1172 2336 1333 2374; x_wconf 86' lang='lat' dir='ltr'>quoque</span> <span class='ocrx_word' id='word_1_336' title='bbox 1352 2330 1502 2361; x_wconf 88' lang='lat' dir='ltr'>tuetur.</span> <span class='ocrx_word' id='word_1_337' title='bbox 1519 2345 1577 2352; x_wconf 90' lang='lat'>·—-</span> 
     </span>
     <span class='ocr_line' id='line_1_65' title="bbox 858 2379 1575 2433; baseline 0.001 -15"><span class='ocrx_word' id='word_1_338' title='bbox 858 2382 1048 2420; x_wconf 68' lang='lat' dir='ltr'>lnexcica</span> <span class='ocrx_word' id='word_1_339' title='bbox 1061 2411 1071 2429; x_wconf 93' lang='lat'><strong><em>,</em></strong></span> <span class='ocrx_word' id='word_1_340' title='bbox 1092 2391 1213 2433; x_wconf 76' lang='lat' dir='ltr'>acque</span> <span class='ocrx_word' id='word_1_341' title='bbox 1231 2379 1443 2418; x_wconf 77' lang='lat' dir='ltr'>immobilis</span> <span class='ocrx_word' id='word_1_342' title='bbox 1465 2391 1575 2420; x_wconf 79' lang='lat' dir='ltr'>ante.</span> 
     </span>
     <span class='ocr_line' id='line_1_66' title="bbox 857 2438 1578 2487; baseline -0.004 -9"><span class='ocrx_word' id='word_1_343' title='bbox 857 2442 958 2479; x_wconf 83' lang='lat' dir='ltr'>Nam</span> <span class='ocrx_word' id='word_1_344' title='bbox 984 2455 1021 2478; x_wconf 85' lang='lat' dir='ltr'>v.</span> <span class='ocrx_word' id='word_1_345' title='bbox 1046 2441 1097 2486; x_wconf 78' lang='grc'>45</span> <span class='ocrx_word' id='word_1_346' title='bbox 1109 2469 1120 2487; x_wconf 91' lang='grc'><em>,</em></span> <span class='ocrx_word' id='word_1_347' title='bbox 1140 2453 1214 2477; x_wconf 73' lang='lat' dir='ltr'>rex</span> <span class='ocrx_word' id='word_1_348' title='bbox 1235 2452 1332 2477; x_wconf 83' lang='lat' dir='ltr'>arva</span> <span class='ocrx_word' id='word_1_349' title='bbox 1353 2438 1519 2476; x_wconf 80' lang='lat' dir='ltr'>Latinus</span> <span class='ocrx_word' id='word_1_350' title='bbox 1539 2449 1578 2476; x_wconf 77' lang='lat' dir='ltr'>et</span> 
     </span>
     <span class='ocr_line' id='line_1_67' title="bbox 858 2496 1577 2549; baseline 0 -15"><span class='ocrx_word' id='word_1_351' title='bbox 858 2499 969 2536; x_wconf 79' lang='lat' dir='ltr'>urbes</span> <span class='ocrx_word' id='word_1_352' title='bbox 985 2502 1079 2537; x_wconf 84' lang='lat' dir='ltr'>Iam</span> <span class='ocrx_word' id='word_1_353' title='bbox 1100 2497 1236 2535; x_wconf 81' lang='lat' dir='ltr'>senior</span> <span class='ocrx_word' id='word_1_354' title='bbox 1251 2498 1378 2549; x_wconf 84' lang='lat' dir='ltr'>longa</span> <span class='ocrx_word' id='word_1_355' title='bbox 1387 2496 1577 2548; x_wconf 77' lang='lat' dir='ltr'>placidas</span> 
     </span>
     <span class='ocr_line' id='line_1_68' title="bbox 858 2556 1580 2609; baseline -0.003 -16"><span class='ocrx_word' id='word_1_356' title='bbox 858 2556 898 2593; x_wconf 87' lang='lat' dir='ltr'>in</span> <span class='ocrx_word' id='word_1_357' title='bbox 911 2570 1018 2607; x_wconf 79' lang='lat' dir='ltr'>pace</span> <span class='ocrx_word' id='word_1_358' title='bbox 1035 2556 1209 2609; x_wconf 78' lang='lat' dir='ltr'>regebat.</span> <span class='ocrx_word' id='word_1_359' title='bbox 1226 2578 1286 2585; x_wconf 94' lang='lat'>—-</span> <span class='ocrx_word' id='word_1_360' title='bbox 1301 2556 1400 2600; x_wconf 78' lang='grc'>624,</span> <span class='ocrx_word' id='word_1_361' title='bbox 1421 2557 1580 2592; x_wconf 79' lang='lat' dir='ltr'>Parane</span> 
     </span>
     <span class='ocr_line' id='line_1_69' title="bbox 859 2612 1576 2666; baseline -0.004 -14"><span class='ocrx_word' id='word_1_362' title='bbox 859 2615 968 2653; x_wconf 86' lang='lat' dir='ltr'>Gud.</span> <span class='ocrx_word' id='word_1_363' title='bbox 988 2628 1008 2652; x_wconf 87' lang='lat' dir='ltr'>a</span> <span class='ocrx_word' id='word_1_364' title='bbox 1021 2628 1073 2654; x_wconf 87' lang='lat' dir='ltr'>m.</span> <span class='ocrx_word' id='word_1_365' title='bbox 1094 2628 1155 2666; x_wconf 89' lang='lat' dir='ltr'>pr.</span> <span class='ocrx_word' id='word_1_366' title='bbox 1174 2622 1214 2652; x_wconf 88' lang='lat' dir='ltr'>et</span> <span class='ocrx_word' id='word_1_367' title='bbox 1229 2614 1398 2660; x_wconf 66' lang='lat' dir='ltr'>Zulich„</span> <span class='ocrx_word' id='word_1_368' title='bbox 1410 2612 1476 2650; x_wconf 84' lang='lat' dir='ltr'>hic</span> <span class='ocrx_word' id='word_1_369' title='bbox 1492 2615 1576 2664; x_wconf 89' lang='lat' dir='ltr'>qui-</span> 
     </span>
     <span class='ocr_line' id='line_1_70' title="bbox 859 2670 1576 2720; baseline -0.004 -10"><span class='ocrx_word' id='word_1_370' title='bbox 859 2672 947 2710; x_wconf 89' lang='lat' dir='ltr'>dem</span> <span class='ocrx_word' id='word_1_371' title='bbox 966 2673 1089 2720; x_wconf 81' lang='lat' dir='ltr'>ma1e3</span> <span class='ocrx_word' id='word_1_372' title='bbox 1126 2686 1218 2710; x_wconf 90' lang='lat' dir='ltr'>nam</span> <span class='ocrx_word' id='word_1_373' title='bbox 1238 2670 1471 2710; x_wconf 77' lang='lat' dir='ltr'>variandum</span> <span class='ocrx_word' id='word_1_374' title='bbox 1493 2679 1576 2708; x_wconf 85' lang='lat' dir='ltr'>erat</span> 
     </span>
     <span class='ocr_line' id='line_1_71' title="bbox 857 2726 1574 2782; baseline -0.008 -12"><span class='ocrx_word' id='word_1_375' title='bbox 857 2739 984 2782; x_wconf 86' lang='lat' dir='ltr'>poetae</span> <span class='ocrx_word' id='word_1_376' title='bbox 1005 2732 1048 2768; x_wconf 91' lang='lat' dir='ltr'>in</span> <span class='ocrx_word' id='word_1_377' title='bbox 1075 2731 1263 2769; x_wconf 86' lang='lat' dir='ltr'>numeris.</span> <span class='ocrx_word' id='word_1_378' title='bbox 1291 2731 1405 2768; x_wconf 64' lang='lat' dir='ltr'>Mars</span> <span class='ocrx_word' id='word_1_379' title='bbox 1420 2726 1574 2767; x_wconf 89' lang='lat' dir='ltr'>Zuh&#39;ch.</span> 
     </span>
     <span class='ocr_line' id='line_1_72' title="bbox 858 2788 1575 2841; baseline -0.008 -15"><span class='ocrx_word' id='word_1_380' title='bbox 858 2802 879 2826; x_wconf 89' lang='lat' dir='ltr'>a</span> <span class='ocrx_word' id='word_1_381' title='bbox 898 2803 949 2827; x_wconf 91' lang='lat' dir='ltr'>m.</span> <span class='ocrx_word' id='word_1_382' title='bbox 968 2803 1029 2841; x_wconf 91' lang='lat' dir='ltr'>pr.</span> <span class='ocrx_word' id='word_1_383' title='bbox 1047 2797 1087 2827; x_wconf 91' lang='lat' dir='ltr'>et</span> <span class='ocrx_word' id='word_1_384' title='bbox 1101 2791 1260 2839; x_wconf 81' lang='lat' dir='ltr'>Menag.</span> <span class='ocrx_word' id='word_1_385' title='bbox 1278 2788 1377 2826; x_wconf 87' lang='lat' dir='ltr'>alter</span> <span class='ocrx_word' id='word_1_386' title='bbox 1389 2814 1399 2833; x_wconf 92' lang='lat'>,</span> <span class='ocrx_word' id='word_1_387' title='bbox 1412 2794 1575 2835; x_wconf 89' lang='lat' dir='ltr'>stupore</span> 
     </span>
     <span class='ocr_line' id='line_1_73' title="bbox 855 2845 1575 2899; baseline -0.013 -13"><span class='ocrx_word' id='word_1_388' title='bbox 855 2847 1026 2895; x_wconf 83' lang='lat' dir='ltr'>librarii,</span> <span class='ocrx_word' id='word_1_389' title='bbox 1059 2861 1179 2899; x_wconf 85' lang='lat' dir='ltr'>quem</span> <span class='ocrx_word' id='word_1_390' title='bbox 1203 2859 1302 2897; x_wconf 78' lang='lat' dir='ltr'>pars</span> <span class='ocrx_word' id='word_1_391' title='bbox 1327 2845 1474 2882; x_wconf 76' lang='lat' dir='ltr'>arduus</span> <span class='ocrx_word' id='word_1_392' title='bbox 1495 2854 1575 2879; x_wconf 88' lang='lat' dir='ltr'>ma-</span> 
     </span>
    </p>
   </div>
  </div>
 </body>
</html>
