1767 3054
156 114 231 157 ιη

774 113 1015 152 AENEIDOS

215 204 234 222 «
256 183 392 227 Nunc
413 197 520 244 age,
546 182 833 229 Dardaniam
858 185 1038 245 prolem
1058 198 1162 245 quae
1188 181 1357 229 deinde
1377 191 1600 244 sequatur

151 257 335 314 Gloria,
358 259 440 319 qui
464 270 681 304 maneant
704 259 821 304 Itala
847 258 904 304 de
928 269 1064 320 gente
1086 269 1304 320 nepotes,

150 332 366 378 Inlustris
391 334 588 390 animas,
614 346 922 394 nostrumque
947 333 995 378 in
1014 349 1185 379 nomen
1210 333 1380 389 ituras,

152 406 412 468 Expediam
433 408 591 465 dictis,
605 409 658 453 *et
679 420 723 453 te
749 420 829 453 tua
852 408 946 453 sata
967 406 1163 454 docebo.

153 480 261 537 Ille,
285 482 435 537 vides,
465 498 582 543 pura
598 482 785 543 juvenis
806 481 888 543 qui
912 482 1080 528 nititur
1101 482 1258 539 hasta,
1584 490 1642 529 760

155 555 375 599 Proxima
397 566 522 600 sorte
547 566 678 600 tenet
694 556 810 601 lucis
834 556 959 601 loca:
984 556 1163 616 primus
1184 555 1246 605 ad
1267 572 1403 602 auras

156 627 388 674 AEtherias
410 629 529 674 Italo
550 630 814 675 conmixtus
836 630 1061 691 sanguine
1082 641 1241 691 surget

158 702 329 749 Silvius
341 739 353 760 ,
368 704 604 751 Albanum
622 721 816 762 nomen,
838 717 919 751 tua
938 703 1191 767 posthuma
1205 704 1383 766 proles;

222 905 301 951 756
321 927 376 932 —
401 907 495 954 759.
527 906 731 943 Enarrabo
769 907 871 944 clara

160 962 257 997 facta
279 970 316 997 et
332 961 407 997 fata
425 970 677 1011 posterorum
693 972 869 1002 tuorum.

124 1034 131 1040 =
158 1020 397 1067 Nepoces—
417 1019 647 1056 anz'mczs—
667 1021 871 1059 enarrabo.

166 1075 246 1125 Qui
260 1086 470 1121 maneant,
500 1077 755 1127 exspectandi
771 1080 849 1115 sint
863 1107 873 1125 ,

163 1141 325 1182 nepotes
346 1134 455 1170 Itala
475 1134 524 1170 cle
539 1144 680 1185 gente,
704 1135 752 1172 de
771 1149 874 1173 nova

162 1191 284 1240 stirpe
303 1192 345 1227 in
368 1193 478 1228 Latio
497 1205 547 1228 ex
568 1194 729 1230 Lavinia
753 1195 875 1230 susci-

163 1247 319 1296 pienda.
353 1250 542 1285 ,Nostrum
574 1249 615 1286 in
637 1263 780 1287 nomen
801 1251 874 1288 itu-

162 1317 228 1340 ras
244 1334 255 1349 ,
296 1319 369 1355 pro
407 1307 559 1357 vulgari
579 1335 589 1353 ,
633 1307 784 1345 futuras
827 1323 876 1345 ex

163 1370 297 1399 nostra
315 1372 443 1413 gente.
469 1366 532 1402 Sic
554 1364 609 1401 ire
627 1378 729 1415 saepe
757 1374 795 1403 et
818 1364 875 1419 ἔρ-

163 1419 310 1467 χεσθαι.
352 1421 473 1470 Quod
515 1430 645 1459 autem
683 1423 876 1460 Anchises

159 1475 243 1512 haec
256 1490 470 1526 exponere,
487 1488 523 1515 et
537 1480 687 1516 futuras
705 1493 764 1517 res
781 1494 876 1530 prae-

165 1531 296 1569 dicere
318 1542 465 1582 potest,
489 1535 537 1571 ad
557 1536 762 1573 divinandi
792 1552 877 1574 mu-

161 1601 238 1625 nus
258 1592 450 1640 pertinet,
470 1593 580 1641 quod
598 1593 664 1630 ille
680 1607 701 1630 a
722 1597 876 1631 Venere

163 1656 378 1697 acceperat.
405 1650 590 1687 Ceterum
616 1664 666 1687 ex
692 1654 876 1689 Serviana

165 1712 259 1740 nota
276 1704 360 1741 haec
378 1718 620 1768 apponemus
641 1720 650 1745 :
670 1725 688 1739 α
713 1710 871 1753 Cetera,

167 1774 256 1810 qnoe
299 1760 363 1798 lzic
403 1762 627 1801 mter-missa
669 1775 762 1802 sunt
777 1795 789 1811 ,
835 1767 877 1803 in

169 1815 260 1854 ὀισπ
254 1813 326 1854 22¹3
315 1832 365 1856 τε
371 1817 424 1870 ·'qe
461 1832 747 1859 commemorat
777 1824 876 1873 (lib.

166 1877 201 1910 V
207 1877 289 1922 ΙΙΙ,
318 1877 398 1913 628
421 1891 504 1926 sqq.
497 1906 521 1923 .,
542 1886 580 1915 et
598 1879 671 1916 hac
693 1880 741 1916 de
772 1894 879 1917 caus-

166 1945 204 1967 sa
227 1933 350 1969 multa
368 1935 505 1983 utique
522 1945 616 1985 poet
604 1950 650 1972 ae
668 1939 711 1974 in
727 1937 805 1975 hoc
823 1952 881 1975 re-

167 2002 289 2025 censu
312 1992 645 2040 praetermittenda
673 1994 802 2040 fuere,
831 2008 880 2031 ne

167 2046 229 2082 his
248 2046 381 2084 eadem
402 2049 595 2099 afferret).
622 2051 735 2086 Unde
758 2051 880 2088 eciam

170 2104 212 2140 in
236 2104 409 2154 antiquis
430 2105 670 2151 invenimus,
695 2120 791 2156 opus
810 2107 882 2144 lzoc

169 2161 418 2210 appellatum
442 2176 523 2199 esse
548 2176 629 2199 non
652 2164 856 2201 AEneidem
871 2193 880 2210 ,

171 2218 245 2253 sed
261 2219 379 2255 Gesta
398 2220 539 2269 populi
567 2222 757 2267 Romaui3
777 2223 886 2271 quod

172 2274 261 2310 ideo
286 2284 480 2312 mutatum
511 2287 588 2321 est,
615 2277 711 2327 quia
740 2292 882 2316 nomen

175 2344 252 2366 non
285 2344 311 2365 a
335 2342 472 2380 parce,
503 2335 577 2370 sed
599 2349 625 2372 a
657 2344 736 2371 coco
769 2336 885 2372 debet

173 2387 299 2424 dari.›⁷
311 2390 432 2426 Fuere
450 2390 546 2428 adeo
555 2392 598 2428 in
613 2400 716 2428 secta
729 2406 880 2439 eorum,

171 2445 242 2494 qui
258 2445 300 2480 in
317 2444 510 2483 honorem
526 2450 697 2485 nominis
713 2452 883 2488 Romani

174 2513 332 2540 carmen
343 2504 531 2552 scriptum
544 2506 771 2553 narrabant,
785 2520 882 2544 non-

172 2557 275 2597 nulli
297 2559 418 2608 epicae
438 2562 610 2608 poetices
634 2571 713 2598 tam
734 2564 882 2614 ignari,

173 2625 222 2654 ut
238 2615 412 2653 historiae
431 2619 618 2654 Romanae
645 2632 789 2669 corpus
816 2621 883 2657 ali-

174 2671 284 2725 quod
301 2674 344 2710 in
364 2686 410 2710 eo
429 2685 663 2722 quaererent.

241 2730 334 2777 760.
362 2730 460 2774 Ille,
483 2730 613 2768 vides.
637 2735 767 2769 Potest
785 2746 883 2782 quo-

938 919 1015 956 que
1037 907 1156 943 scribi
1175 918 1184 944 :
1203 905 1300 950 Ille,
1332 904 1449 942 vides
1460 909 1480 942 ‚³
1494 917 1600 955 pura
1613 906 1646 956 j.

938 963 1007 1014 qui
1042 964 1210 1001 Dorvill.
1250 984 1308 992 —-—
1340 963 1422 1010 760
1452 984 1509 992 —-
1551 963 1647 1010 766.

941 1022 1048 1058 Gens
1071 1021 1176 1059 Julia
1201 1020 1251 1057 ab
1281 1021 1453 1058 Ascanio
1472 1033 1541 1057 seu
1559 1021 1649 1057 Iulo

941 1078 1079 1125 ducta,
1096 1079 1167 1128 qui
1183 1079 1287 1128 patri
1302 1079 1506 1125 successit,
1526 1077 1651 1115 et‘AJ-

941 1136 1032 1173 bam
1062 1139 1236 1186 Longam
1256 1134 1447 1173 condidit.
1479 1134 1529 1172 cf.
1561 1147 1648 1185 sup.

942 1196 1031 1231 AEn.
1051 1196 1089 1240 I,
1110 1194 1188 1241 267
1210 1205 1283 1243 sq„
1296 1192 1364 1229 sed
1380 1204 1490 1242 reges
1505 1191 1652 1229 Albani

944 1264 961 1288 a
982 1252 1104 1289 Silvio
1119 1279 1129 1296 ‚
1149 1251 1218 1301 qui
1237 1248 1469 1304 exffiLavinia
1486 1248 1650 1299 posthu-

943 1322 1031 1346 mus
1051 1312 1184 1347 AEneae
1212 1317 1328 1345 natus
1354 1315 1448 1345 erat.
1470 1308 1564 1344 Haec
1595 1315 1652 1343 est

941 1365 1060 1413 fama,
1083 1379 1202 1416 quam
1220 1366 1260 1403 h.
1278 1365 1305 1402 l.
1326 1373 1442 1416 poeta
1458 1365 1649 1415 sequitur.

941 1424 1023 1460 Alii
1032 1424 1188 1461 Ascanii
1198 1421 1327 1459 filium
1339 1431 1377 1459 et
1388 1434 1652 1459 successorem

941 1481 1108 1519 Silvium
1134 1480 1297 1517 faciunt.
1326 1479 1410 1516 Alii
1437 1479 1549 1515 aliter
1575 1486 1652 1515 tra-

942 1537 1056 1575 dunt.
1077 1552 1114 1575 v.
1131 1539 1214 1575 Liv.
1235 1539 1272 1582 I,
1297 1537 1318 1572 3
1335 1550 1345 1582 ;
1365 1538 1507 1573 Victor
1531 1538 1580 1574 Ο.
1599 1536 1648 1573 G.

942 1597 990 1632 R.
1030 1595 1078 1631 16
1092 1623 1102 1641 ,
1140 1608 1211 1642 173
1247 1594 1416 1644 Dionys.
1448 1592 1574 1631 Halic.
1610 1594 1650 1637 I,

946 1664 1018 1698 703
1040 1651 1158 1690 ovid.
1176 1653 1234 1689 IV
1254 1653 1354 1688 Fast.
1375 1658 1448 1696 40,
1477 1658 1517 1687 et
1541 1653 1650 1689 Serv,

943 1709 992 1745 ad
1010 1709 1048 1746 h.
1067 1710 1093 1746 l.
1112 1709 1269 1746 Fabulae
1284 1707 1332 1744 de
1349 1708 1471 1746 Silvio
1485 1708 1530 1744 in
1545 1707 1653 1745 silvis

944 1766 1088 1803 educto
1104 1766 1239 1803 locum
1257 1767 1393 1802 fecisse
1412 1764 1571 1801 videtur
1586 1777 1654 1801 no-

944 1837 1035 1860 men
1057 1825 1210 1874 ipsum,
1242 1824 1302 1859 uti
1324 1821 1467 1858 fabulis
1496 1821 1545 1858 de
1575 1824 1653 1860 Ro-

945 1881 1056 1918 mulo
1086 1889 1124 1917 et
1153 1883 1279 1918 Remo
1304 1878 1406 1916 ficus
1435 1879 1655 1916 Ruminalis

946 1946 984 1974 et
1006 1937 1225 1974 similitudo
1247 1937 1355 1973 vocis
1369 1934 1553 1981 ruminis,
1576 1935 1653 1973 hoc

947 2003 1025 2040 est,
1058 2006 1248 2031 mammae.
1283 1995 1454 2030 Hastam
1477 2005 1649 2043 puram,

948 2047 1040 2103 δόρυ
1071 2046 1277 2104 &oid-apem,
1292 2050 1401 2098 idem
1419 2049 1528 2100 quod
1556 2051 1654 2087 anti-

947 2109 1153 2156 quioribus
1186 2116 1385 2158 sceptrum
1402 2136 1413 2154 ,
1447 2120 1584 2158 regum
1616 2115 1656 2144 et

947 2164 1115 2202 heroum
1131 2166 1302 2216 insigne,
1324 2165 1388 2202 vel
1410 2178 1460 2202 ex
1479 2166 1653 2202 Homero

948 2230 1103 2260 notum.
1135 2221 1184 2259 ef.
1217 2221 1332 2260 Cerd.
1359 2221 1559 2259 Albanum
1584 2231 1652 2255 no-

949 2292 1057 2323 men,
1081 2279 1122 2317 h.
1147 2292 1179 2316 e.
1201 2278 1396 2324 Albanus,
1418 2277 1533 2316 Albae
1553 2278 1651 2313 Lon-

948 2349 1004 2386 gae
1023 2349 1107 2373 rex.
1131 2338 1214 2374 Nec
1234 2336 1334 2373 male
1356 2344 1485 2372 tamen
1510 2334 1566 2369 sic
1590 2345 1650 2369 ac-

949 2393 1068 2442 cipias
1081 2405 1091 2430 :
1105 2395 1266 2430 nomine
1282 2393 1386 2428 inter
1395 2389 1573 2428 Albanos
1586 2389 1652 2427 do-

947 2451 1110 2486 mestico
1140 2448 1355 2499 appellatus
1381 2446 1539 2485 Silvius.
1560 2449 1651 2498 Quo

947 2505 1092 2543 ducere
1113 2513 1243 2555 potest
1262 2504 1395 2540 Livius
1410 2502 1508 2541 ibid.
1536 2507 1653 2541 Man-

947 2562 999 2599 sit
1022 2561 1161 2598 Silvius
1180 2569 1323 2610 postea
1357 2559 1535 2598 omnibus
1563 2574 1652 2612 cog-

948 2631 1110 2662 nomen,
1159 2617 1230 2668 qui
1267 2616 1384 2653 Albae
1419 2628 1650 2670 regnarunt.

947 2675 1130 2724 Arg-unas
1167 2683 1261 2712 vett.
1299 2674 1650 2713 Grammaticorum

948 2745 1065 2782 super
1070 2730 1285 2782 posthuma
1298 2731 1432 2781 proles
1448 2731 1526 2770 vid.
1545 2733 1651 2784 apud
