1767 3054
664 103 817 140 LIBER
850 103 923 139 VI.

1472 107 1545 146 181

42 181 99 227 Et
126 180 399 228 dubitamus
420 175 577 223 adhuc
602 174 828 219 virtutem
855 173 1111 218 extendere
1133 174 1291 233 factis;

105 339 202 386 807.
236 335 468 374 Dubitemus
507 331 630 370 Goth.
676 340 763 369 tert.

47 396 93 433 lu
111 396 235 433 altero
254 391 505 431 hemistichio
523 403 662 441 magua
688 390 766 427 lec-

48 454 168 491 tionis
183 453 367 491 :varietas.
393 453 610 500 Receptam
635 457 768 485 tuctur

47 510 192 548 Medic.
227 508 302 548 Sed
331 509 544 559 quaeritur,
569 506 666 556 quid
695 508 769 552 sit,

44 568 235 606 virtutem
245 566 463 605 extendere
464 565 608 616 sactis.
621 567 638 598 1
648 563 712 600 'ita
718 578 770 610 m,

48 639 198 670 (evum,
240 624 484 667 extendere,
517 631 555 660 et
595 635 767 666 nomen,

48 683 282 720 memoriam
296 710 307 728 ,
320 681 489 734 famam
503 709 513 723 ,
539 679 770 723 extendere,

49 742 246 779 sollennes
283 737 475 789 loquendi
514 736 622 773 modi
659 745 774 781 sunt3

49 799 116 837 sed
141 812 223 836 non
248 797 454 835 virtutem.
477 797 522 832 ln
543 797 658 831 Rom.
685 794 780 844 legi-

51 866 117 894 tur
145 869 154 895 :
188 855 340 894 virtute
385 852 604 890 escendere
638 851 776 896 vires;

49 917 145 952 item
156 916 197 951 in
212 913 338 950 tribus
350 913 496 949 Moret.
511 922 571 959 pr.
586 908 775 947 Rouend.

52 971 250 1010 Montalb.
277 970 400 1006 altero
420 967 586 1005 Mentel.
607 980 626 1002 a
646 980 696 1004 m.
715 981 775 1016 pr.

53 1029 135 1068 Erf.
163 1036 203 1066 et
226 1029 268 1065 in
289 1026 382 1065 edit.
404 1028 519 1064 Junt.
544 1026 671 1062 Etiam
691 1026 777 1062 Pie-

53 1089 136 1125 rius
162 1086 375 1138 plerosque
401 1084 498 1120 alios
532 1082 650 1120 codd.
686 1082 725 1119 id
756 1096 777 1119 a

56 1159 109 1184 m.
145 1158 207 1196 pr.
255 1143 484 1181 exhibuisse
527 1140 778 1186 obseuaxit,

57 1203 127 1241 sed
168 1214 275 1239 erasa
300 1202 540 1255 scriptura
533 1198 613 1235 feie
646 1212 782 1249 super-

57 1261 252 1311 scriptum
287 1258 479 1296 virtutem
508 1265 545 1294 et
573 1254 712 1309 factis.
724 1278 783 1285 -—

61 1319 139 1366 807
159 1347 170 1364 ‚
209 1316 307 1355 808.
340 1315 451 1366 Quid
502 1323 545 1351 tu
575 1316 718 1365 igitur,
759 1328 783 1352 ο

58 1376 118 1414 fili
133 1404 143 1422 ,
162 1374 363 1413 cunctaris
380 1385 562 1424 magnam
593 1374 783 1409 virtutem

60 1446 222 1472 exerere
239 1445 312 1484 per
326 1431 498 1482 plurima
520 1439 680 1467 strenue
701 1443 785 1480 ges-

61 1501 100 1529 ta
112 1492 206 1529 ?aut
225 1503 299 1528 cur
310 1489 502 1526 sollicitus
515 1501 555 1524 es
568 1487 617 1525 de
637 1487 784 1525 adeun-

59 1550 109 1587 da
150 1549 262 1586 Italia
311 1549 427 1585 novis
465 1546 626 1583 sedibus
668 1546 786 1583 desti-

59 1608 180 1645 nata?
199 1619 325 1658 quum
352 1613 551 1642 tantarum
580 1617 714 1641 rerum
730 1605 786 1641 fa-

62 1675 99 1703 ta
119 1673 158 1703 et
175 1673 280 1703 tanta
293 1664 502 1714 posteritas
521 1671 558 1699 te
572 1662 632 1699 ibi
649 1676 791 1712 excep-

63 1732 152 1761 tura
177 1723 256 1760 sit?
282 1724 391 1759 Bona
421 1722 547 1759 Servii
567 1729 661 1757 nota
682 1732 691 1758 :
717 1721 789 1756 du-

66 1781 235 1817 bitamus
250 1793 329 1830 pro
345 1778 516 1816 dubitas.
535 1777 697 1815 Miscuit
700 1791 791 1828 per·

67 1851 207 1875 sonam
225 1850 353 1874 suam.
372 1838 448 1872 Est
465 1846 599 1872 autem
621 1849 759 1872 sensus
773 1847 787 1871 :

68 1908 189 1946 quum
222 1893 292 1930 tibi
317 1902 436 1930 tanta
472 1892 525 1929 sic
550 1902 791 1942 praeparata

61 1951 301 2004 posteritas,
319 1949 476 1986 dubitas
494 1948 682 1986 virtutem
693 1949 790 2000 fitc-

69 2012 118 2049 tis
154 2007 408 2047 extendere?
442 2006 489 2043 id
511 2015 570 2042 est
603 2006 791 2057 gloriam.

70 2072 120 2107 In
142 2067 377 2105 sententiam
402 2065 535 2114 itaque
565 2073 679 2114 poeta
706 2076 793 2100 mu-

72 2127 194 2171 tavit,
236 2122 346 2175 quod
378 2121 428 2159 ad
464 2121 594 2158 solum
633 2124 795 2158 AEneam

72 2190 221 2234 spectat
245 2193 255 2219 :
276 2181 391 2229 cujus
411 2178 635 2229 objurgatio
662 2186 719 2214 est
738 2186 795 2214 ta-

74 2243 150 2278 cita
185 2248 225 2277 et
260 2237 481 2288 ineffepatio
509 2247 517 2272 :
553 2249 680 2285 quum
718 2243 797 2272 tam

74 2299 179 2336 clara
216 2295 311 2341 tibi,
352 2307 379 2332 ο
409 2292 489 2339 fili,
522 2293 799 2329 subnascitura

74 2358 126 2394 sit
143 2353 371 2406 posteritas,
395 2353 494 2401 quin
514 2359 555 2387 tu
575 2351 728 2387 fortiter
743 2350 799 2387 la-

75 2414 194 2452 bores
213 2411 356 2449 toleras
369 2437 380 2456 ‚
403 2416 442 2446 et
462 2407 511 2445 ad
528 2407 801 2458 occupandam

78 2471 232 2509 Italiam
276 2476 436 2505 strenue
470 2468 613 2516 pergis.
651 2465 802 2502 Eodem

80 2531 228 2567 iterum
246 2524 348 2564 redit
367 2524 439 2562 inf.
469 2525 552 2573 889
580 2526 678 2573 Qua»
690 2533 803 2574 post-

82 2598 206 2638 quam
237 2582 432 2623 Anchises
469 2578 606 2618 natum
631 2594 708 2631 per
725 2581 803 2618 sin-

80 2643 180 2696 gula
196 2641 335 2687 duxit,
351 2638 610 2690 Incenditque
623 2638 802 2675 animum

74 2699 209 2751 samoe
246 2697 448 2737 venientis
487 2710 625 2735 amore
653 2711 667 2734 .·
696 2697 806 2734 Exin

90 2757 197 2794 bella
218 2756 312 2795 viro
331 2765 527 2794 memorat
548 2764 623 2793 etc.
644 2756 703 2792 De
719 2769 806 2792 sen-

294 2835 380 2879 ΙΙΙ.

815 449 1074 498 „ambiguitas
1101 461 1111 487 2

834 333 954 371 tentia
976 332 1109 381 itaque
1137 331 1323 369 dubitare
1350 346 1431 371 non
1451 335 1556 374 licet.

834 390 907 431 Sed
945 392 986 427 in
1023 390 1153 428 verbis
1188 399 1247 428 est
1275 390 1499 430 obscuritas
1522 405 1559 430 et

1147 462 1238 499 quae
1265 448 1419 499 duplici
1437 452 1559 488 modo

838 507 1021 559 expediri
1056 515 1199 557 potest.
1239 507 1398 545 Scilicet
1435 509 1565 547 virtus

840 567 944 604 dicta
956 578 1038 602 esse
1053 574 1184 615 potest
1201 578 1275 615 pro
1292 565 1418 615 gloria
1440 568 1565 604 virtu-

840 634 878 662 te
894 632 1022 674 parta,
1042 631 1085 659 ut
1105 631 1244 660 contra
1260 622 1370 666 κλέος
1393 637 1468 674 pro
1488 626 1567 662 vir-

842 690 927 718 tute
969 680 1143 726 dicitur;
1184 681 1237 717 ita
1265 694 1340 730 pro
1371 682 1568 733 simplici,

842 747 1002 775 strenue
1035 752 1096 774 res
1125 751 1283 787 gerere,
1305 748 1421 789 poeta
1451 753 1567 777 orna-

846 805 883 832 te
905 796 1033 840 dixit,
1050 794 1239 832 virtutem
1255 823 1265 840 ‚
1290 798 1465 834 nominis
1484 799 1570 848 glo·

845 855 942 889 riam
959 881 969 898 ‚
991 853 1130 888 samam
1149 881 1160 897 ,
1195 851 1326 899 κλέος,
1357 856 1573 893 extendere

841 910 978 958 factis.
1007 911 1047 947 Si
1074 923 1169 947 vero
1189 910 1378 948 virtutem
1411 916 1573 963 proprie

846 969 991 1005 dictam
1014 967 1125 1003 malis
1138 995 1148 1013 ,
1170 976 1254 1004 tum
1272 970 1488 1006 extendere
1509 984 1573 1008 ex-

845 1027 1053 1077 quisitiore
1081 1025 1203 1062 modo
1227 1026 1379 1064 dictum
1409 1029 1544 1079 accipe
1563 1059 1572 1075 ‚

847 1094 915 1121 aut
956 1092 1000 1120 ut
1033 1084 1083 1120 sit
1118 1084 1307 1121 virtutem
1342 1085 1550 1124 intendere
1566 1116 1576 1134 ,

849 1156 941 1180 cum
965 1142 1244 1189 contentione,
1267 1143 1308 1179 in
1331 1143 1488 1181 futuros
1512 1157 1577 1181 ca-

849 1198 1102 1251 sus‚sactis‚
1128 1200 1192 1236 vel
1216 1202 1258 1237 in
1290 1201 1392 1237 sacta
1421 1202 1482 1238 vel
1506 1216 1578 1253 per

851 1260 950 1295 facta
987 1257 1089 1294 clara
1121 1266 1160 1294 et
1180 1257 1322 1305 fortia;
1351 1267 1416 1295 aut
1445 1268 1491 1296 ut
1529 1261 1580 1296 sit

850 1316 1042 1353 virtutem
1070 1315 1288 1353 extendere
1319 1316 1468 1353 dictum
1502 1331 1577 1368 pro

851 1374 1006 1425 vulgari
1020 1401 1030 1419 ‚
1071 1386 1255 1419 exerere,
1297 1387 1503 1421 exercere,
1536 1388 1578 1412 ea

854 1433 936 1478 uti,
960 1431 1140 1481 adeoque
1165 1444 1244 1481 per
1261 1431 1397 1483 facta.
1420 1434 1579 1470 Exten-

855 1490 948 1527 dere
984 1489 1090 1526 enim
1118 1489 1239 1527 modo
1267 1489 1315 1526 ad
1344 1503 1581 1538 numerum,

855 1547 977 1585 modo
1004 1546 1053 1583 ad
1081 1546 1268 1597 temporis
1298 1547 1577 1594 intervallum,

855 1606 976 1643 modo
996 1605 1044 1641 ad
1061 1618 1122 1641 res
1141 1606 1326 1645 refertur.
1344 1608 1493 1644 Amant
1513 1608 1585 1644 ita-

856 1678 935 1714 que.
958 1672 1086 1714 poetae
1116 1663 1222 1700 hanc
1253 1677 1419 1711 vocem,
1448 1672 1495 1701 ut
1519 1678 1584 1702 or-

856 1730 954 1759 nent
990 1722 1197 1758 notionem
1242 1722 1475 1773 simplicem.
1520 1725 1584 1760 Sic

857 1793 932 1830 pro
946 1778 1110 1829 erigere
1121 1779 1252 1815 vitam
1267 1808 1278 1824 ‚
1296 1789 1457 1817 (etatem
1470 1809 1482 1824 ,
1504 1792 1584 1816 ma-

857 1838 947 1874 lunt
980 1836 1213 1874 extendere,
1237 1838 1300 1874 Sic
1321 1847 1456 1874 vitam
1477 1837 1584 1874 bona

858 1908 926 1944 spe
944 1893 1186 1939 extendere,
1216 1895 1386 1945 exigere.
1407 1894 1583 1945 AEschyl.

860 1955 992 1989 Proui.
1010 1951 1086 1995 53-
1108 1941 1191 1987 Ἡδὺ
1206 1963 1256 1995 τι,
1269 1949 1438 2002 expo-027³
1423 1964 1500 1993 at:
1520 1949 1584 1989 τὸν

860 2020 965 2060 ραιετ
951 2019 1010 2043 :w
1033 2004 1274 2054 reuma-102
1298 1999 1484 2055 Emis»,
1509 2022 1584 2060 pro

861 2066 1006 2102 bonam
1027 2065 1130 2099 inter
1146 2077 1256 2114 spem
1274 2067 1394 2102 vitam
1413 2068 1584 2117 exigere.

863 2120 1000 2171 Quid?
1020 2120 1128 2170 quod
1157 2122 1254 2159 adeo
1285 2124 1326 2159 in
1359 2123 1499 2162 Plauto
1523 2137 1588 2163 oc-

864 2180 991 2215 currit
1010 2178 1154 2216 Bacch.
1180 2181 1240 2217 111
1254 2208 1265 2226 ‚
1290 2182 1311 2218 3
1328 2208 1338 2227 ‚
1363 2182 1415 2218 26
1435 2181 1497 2219 Ibi
1515 2182 1587 2233 <in

864 2235 1071 2287 palaestra)
1088 2250 1200 2274 suam
1215 2245 1375 2275 aetatem
1397 2241 1588 2279 extende-

865 2293 994 2338 bant}
1016 2294 1241 2346 exigebant.
1273 2296 1473 2334 Convenit
1493 2304 1585 2336 cum

867 2351 945 2389 hoc
963 2364 1073 2388 more
1095 2352 1288 2403 loquendi
1311 2363 1407 2391 nota
1431 2355 1556 2393 forma
1575 2369 1585 2394 :

869 2418 1023 2446 noctem
1039 2410 1246 2462 proferre,
1262 2411 1507 2461 producere,
1531 2415 1589 2450 vi-

868 2479 946 2514 no,
981 2468 1256 2516 sermonibus3
1284 2478 1322 2506 et
1343 2471 1475 2520 ipsum
1503 2479 1588 2508 ten-

868 2525 990 2569 det-⁶²5
1015 2526 1154 2564 Horat.
1188 2528 1232 2573 Ι,
1260 2528 1334 2578 Ep.
1360 2528 1407 2574 5,
1433 2540 1480 2564 11
1510 2530 1590 2565 Im-

863 2596 974 2632 pune
1003 2582 1139 2620 licebit
1176 2584 1373 2622 AEscivam
1409 2597 1590 2623 sermone

871 2639 1044 2692 benigno
1060 2640 1224 2679 tendere
1238 2642 1366 2679 lucem
1379 2655 1393 2678 .·
1412 2643 1568 2695 exigere
1579 2671 1588 2689 ,

873 2710 990 2748 quam
1017 2698 1134 2750 longa
1152 2698 1219 2736 illa
1245 2707 1316 2737 est.
1335 2701 1473 2749 Quum
1496 2713 1590 2750 poe·

876 2763 954 2792 tam
984 2764 1186 2805 nostrum,
1214 2766 1261 2796 ut
1287 2757 1470 2808 epicum,
1502 2756 1595 2794 doc·

1338 2834 1394 2879 16
