1767 3054
751 100 906 138 LIBER
934 101 1029 137 vn.

1558 109 1636 133 21¹

137 174 373 221 Anchisen
391 173 678 236 genitorem,
701 182 749 218 et
769 172 881 217 vina
905 170 1122 234 reponite
1148 173 1331 218 mensis.
1355 194 1372 211 n

138 251 217 297 Sic
242 244 413 297 d‘einde
438 247 608 294 effatus
633 247 873 294 frondenti
899 259 1113 310 tempora
1134 263 1267 293 ramo
1582 256 1637 286 135

138 326 361 389 Inplicat,
385 334 433 370 et
452 323 752 386 Geniumque
773 324 892 383 loci,
916 324 1216 387 primamque
1241 322 1439 369 deorum

136 402 396 459 Tellurem,
421 399 785 463 Nymphasque,
814 411 860 447 et
883 400 1040 447 adhuc
1059 401 1220 462 ignota
1239 408 1463 462 precatur

137 479 173 522 F
175 466 371 535 lumina;
397 489 497 523 tum
514 480 737 535 Noctem,
762 477 1023 538 Noctisque
1048 476 1250 522 orientia
1275 476 1442 537 Signa,

135 551 411 615 Idaeumque
431 557 455 600 J
460 569 621 610 ovem,
642 552 990 616 Phrygiamque
1009 569 1069 598 ex
1090 552 1259 599 ordine
1279 555 1483 598 Matrem
1496 585 1508 606 ‚

135 632 354 687 Invocat,
380 642 426 676 et
451 629 652 692 duplicis
677 630 902 692 Coeloque
924 628 1178 692 Ereboque
1196 639 1433 692 parentes.

1583 640 1639 669 14⁰

137 703 228 749 Hic
250 714 386 767 pater
408 706 706 768 omnipotens
732 717 804 751 ter
827 706 945 751 coelo
972 705 1125 751 clarus
1149 704 1209 751 ab
1232 705 1327 750 alto

138 779 374 838 Intonuit,
395 780 636 842 radiisque
658 780 901 827 ardentem
923 780 1042 827 lucis
1067 791 1113 826 et
1133 795 1253 826 auro

137 855 244 915 Ipse
265 869 406 900 manu
427 856 642 917 quatiens
663 855 869 902 ostendit
892 854 951 902 ab
976 855 1152 902 aethere
1173 853 1365 901 nubem.

138 927 331 975 Diditur
355 930 433 976 hic
457 930 616 977 subito
638 932 842 994 Trojana
862 946 949 992 per
969 930 1155 992 agmina
1179 945 1369 986 rumor,

138 1003 398 1052 Advenisse
424 1006 571 1065 diem,
592 1022 688 1068 quo
714 1005 874 1052 debita
895 1005 1067 1052 moenia
1089 1005 1307 1051 condant.

135 1147 371 1200 intelligitur
421 1162 502 1186 esse
555 1149 706 1186 dietum
747 1162 822 1199 pro
846 1161 855 1187 :

137 1205 263 1244 libare
305 1206 447 1243 vinum
468 1221 484 1251 ;
519 1220 569 1244 ne
613 1209 703 1257 quis
736 1217 856 1257 pate-

140 1263 194 1301 ris
227 1264 521 1302 emendandum
547 1274 687 1315 putet3
709 1266 781 1302 etsi
816 1274 856 1303 et

137 1322 215 1360 hoc
238 1322 435 1374 eleganter
458 1322 671 1361 diceretur.
691 1345 748 1351 —
775 1324 852 1360 133

137 1394 223 1431 sqq.
258 1381 521 1431 Exspectabas
547 1380 626 1418 hoc
650 1394 671 1418 a
696 1380 854 1432 religio-

137 1452 182 1476 so
214 1438 376 1476 homine
391 1467 401 1485 ‚
437 1442 560 1476 AEnea
577 1467 588 1485 ,
625 1446 670 1475 ut
705 1451 724 1474 a
765 1439 857 1475 reli·

134 1498 253 1548 gione
288 1497 450 1533 initium
484 1496 651 1543 faceret3
674 1497 856 1546 inprimis

133 1568 260 1605 quum
277 1554 456 1592 sollenne
472 1554 550 1592 hoc
562 1556 631 1599 sit,
657 1562 702 1590 ut
720 1567 856 1604 preces

134 1622 173 1650 et
189 1626 296 1650 sacra
313 1613 482 1659 faciant,
504 1625 596 1649 cum
624 1613 757 1649 omine
792 1626 854 1649 ae-

136 1679 252 1721 cepto
266 1699 276 1718 ,
295 1679 381 1708 tum
398 1683 561 1708 escensu
577 1699 586 1716 ‚
605 1670 668 1708 vel
686 1668 797 1708 aditu
812 1671 855 1708 in

133 1728 271 1766 locum
297 1738 477 1779 optatum
506 1728 627 1766 facto.
653 1727 702 1765 cf.
732 1728 855 1778 inpri-

134 1786 209 1824 mis
237 1786 383 1837 Odyss.
396 1801 438 1833 ν,
460 1787 541 1824 353
571 1799 680 1837 seqq.
707 1785 857 1823 Anchi-

133 1856 204 1881 sen
230 1857 251 1881 a
273 1842 358 1881 filio
385 1852 659 1882 consecratum
681 1846 854 1881 Lactant.

135 1902 154 1937 1
182 1902 279 1938 Inst.
322 1902 370 1937 15
387 1929 397 1947 ,
421 1914 469 1938 12
502 1914 554 1937 ex
579 1900 621 1938 h.
641 1901 669 1938 l.
693 1901 851 1951 probat.

135 1960 300 1995 Factum
331 1958 472 2007 idjam
500 1957 572 1995 lib.
602 1959 661 2003 V,
683 1959 734 2001 45
765 1970 850 2007 sqq.

135 2014 320 2054 vidimus.
339 2038 397 2045 —
426 2017 519 2060 134.
540 2014 754 2063 lie-ponite,
777 2027 851 2065 pro

136 2075 348 2124 apponite,
372 2074 530 2124 ponite,
554 2074 710 2123 poetica
739 2074 852 2110 ratio-

135 2144 185 2172 ne
207 2143 216 2169 ;
238 2140 285 2168 ut
308 2132 381 2170 Ge.
399 2134 470 2178 IV,
494 2130 575 2178 378
592 2159 603 2177 ,
627 2138 664 2167 et
684 2140 854 2180 pateras

134 2189 405 2242 lz'ba1·e.magis
421 2191 622 2240 poeticum
641 2202 758 2239 quam
770 2217 781 2236 ,
796 2192 854 2226 vi-

133 2260 244 2285 num.
272 2250 320 2286 In
339 2247 550 2299 precibus,
583 2259 673 2296 quae
700 2261 738 2285 v.
774 2249 853 2286 136

132 2316 375 2356 sequuntur,
398 2315 599 2358 augustam
622 2305 854 2357 religionem

131 2363 283 2402 faciunt
310 2373 348 2402 et
376 2366 669 2401 venerationem
693 2373 856 2401 movent

132 2425 296 2461 nomina
326 2423 518 2467 deorum,
553 2435 603 2459 ex
629 2423 853 2472 antiquiore

129 2482 322 2532 religione
334 2480 511 2518 desumta
524 2508 533 2525 ‚
550 2493 626 2531 qua
646 2489 826 2517 naturam
839 2510 850 2526 ‚

129 2548 284 2578 naturae
306 2547 435 2591 partes
449 2567 459 2585 ,
479 2541 581 2576 vires
600 2547 638 2575 et
663 2538 852 2575 elementa

129 2596 210 2634 fere
226 2599 269 2635 in
292 2610 453 2649 precum
468 2625 479 2644 ,
496 2596 689 2634 foederum
711 2596 770 2633 vel
786 2597 848 2644 ju-

129 2655 233 2694 rium
258 2655 545 2705 jurandorum,
577 2654 759 2693 formulis
775 2667 848 2704 po-

128 2722 231 2751 nunt
243 2742 255 2761 ‚
273 2722 318 2750 ut
331 2722 390 2752 tot
405 2715 593 2760 Homeri,
612 2713 843 2763 Apollonii,

126 2781 215 2808 nam
240 2779 278 2809 et
297 2772 330 2809 is
356 2779 506 2809 veteres
525 2772 735 2824 religiones
762 2784 842 2808 sec-

1583 1014 1642 1050 1415

921 1157 1048 1195 tatur,
1071 1149 1233 1188 Pindari
1255 1146 1320 1200 (v.
1341 1147 1448 1188 Pith.
1463 1150 1538 1196 IV,
1563 1151 1643 1195 343

921 1207 1063 1259 seqq),
1077 1207 1254 1258 AEschyli
1267 1215 1305 1244 et
1322 1215 1546 1246 ceterorum
1555 1211 1646 1247 Tra-

921 1268 1102 1317 gicorum
1111 1294 1121 1313 ,
1135 1268 1251 1303 etiam
1262 1265 1457 1304 Herodot.
1474 1265 1563 1303 loca
1576 1265 1647 1305 do·

922 1334 1026 1362 cent.
1045 1325 1094 1361 In
1112 1337 1151 1361 v.
1178 1325 1256 1374 139
1281 1322 1494 1361 domestica
1513 1327 1646 1362 numi-

921 1394 971 1418 na
1011 1381 1194 1430 subjicit,
1224 1394 1277 1418 ea:
1309 1381 1451 1418 ordine
1484 1379 1619 1433 ἐφεξῆς
1635 1413 1645 1429 ,

923 1439 1134 1490 deinceps,
1158 1447 1206 1476 ut
1225 1440 1305 1487 jam
1334 1439 1429 1476 alibi
1458 1439 1646 1478 vidimus.

924 1498 1131 1548 Congessit
1154 1497 1278 1534 multa
1301 1496 1349 1534 ad
1364 1498 1543 1548 singulos
1559 1513 1646 1536 ver-

921 1569 988 1592 sus
1013 1554 1138 1594 Cerda
1163 1556 1256 1592 satis
1284 1556 1424 1594 otiose.
1445 1557 1494 1593 In
1519 1556 1645 1594 Genio

922 1612 1024 1658 Ioci,
1049 1627 1168 1665 quem
1190 1614 1270 1662 =iam
1289 1627 1409 1664 supra
1428 1616 1479 1661 V,
1505 1615 1560 1665 95
1585 1616 1644 1652 vi-

922 1670 1074 1718 dimus,
1099 1679 1335 1723 argutantur
1350 1674 1460 1711 Serv.
1477 1680 1517 1709 et
1533 1675 1646 1711 Pom-

922 1742 1018 1780 pon.
1045 1729 1133 1768 Sab.
1149 1758 1160 1775 ,
1178 1728 1274 1766 dum
1295 1729 1528 1781 Apollinem
1547 1743 1644 1768 con-

922 1785 1094 1825 tendunt
1111 1787 1341 1824 habendum
1366 1800 1461 1825 esse.
1482 1801 1522 1825 v.
1547 1795 1643 1832 140.

922 1845 1114 1894 Duplices
1137 1844 1321 1894 Coeloque
1342 1845 1553 1895 Ereboque
1563 1858 1643 1895 pa-

920 1911 1069 1946 rentes,
1093 1910 1311 1952 utrumque
1327 1910 1529 1952 parentem
1543 1931 1554 1948 ‚
1568 1905 1643 1940 Ve-

920 1971 1055 1996 nerem
1071 1960 1176 1996 inter
1187 1958 1281 1996 deos
1294 1987 1305 2006 ,
1319 1959 1524 1997 Anchisen
1539 1961 1644 1998 inter

918 2018 1071 2054 Manes.

985 2082 1223 2122 141—-147,
1237 2075 1465 2124 Augurium
1481 2075 1639 2124 laetum,

922 2133 1077 2169 tonitru
1105 2132 1202 2169 caelo
1230 2144 1393 2180 sereno;
1419 2142 1458 2171 et
1477 2133 1638 2185 quidem

922 2203 942 2226 e
961 2189 1069 2227 nube
1096 2190 1217 2227 fulva.
1237 2191 1436 2228 Eventum
1457 2190 1639 2242 frequen-

921 2248 1128 2285 tissimum.
1150 2262 1189 2286 v.
1209 2261 1243 2285 c.
1257 2247 1416 2286 Pindar.
1430 2249 1459 2286 1.
1481 2263 1516 2288 c.
1537 2251 1635 2289 350.

921 2328 979 2334 —
1001 2314 1093 2351 142.
1122 2307 1241 2344 Forte
1269 2319 1370 2343 aura
1402 2309 1524 2359 magis
1552 2309 1637 2359 pla·-

921 2377 1008 2401 eere
1025 2366 1172 2416 possit3
1195 2377 1287 2402 nam
1305 2366 1468 2416 proprie
1482 2374 1520 2403 et
1539 2366 1634 2404 doe-

921 2431 958 2459 te
977 2436 1077 2460 aura
1093 2422 1191 2460 lucis
1210 2432 1249 2461 et
1253 2420 1444 2473 fitlmIm’s
1460 2423 1609 2462 dicitur
1624 2439 1636 2470 ;

919 2489 1103 2532 utsupra
1122 2483 1203 2528 VI,
1231 2488 1313 2526 204
1339 2480 1525 2519 vidimus.
1557 2484 1631 2520 Ta-

919 2551 1011 2577 men
1039 2551 1112 2577 nec
1138 2540 1238 2577 male
1263 2539 1384 2576 nubes
1402 2539 1549 2577 ardens
1568 2553 1632 2576 ra-

918 2595 995 2634 diis
1024 2607 1065 2635 et
1089 2610 1187 2634 auro
1216 2596 1315 2635 lucis
1343 2610 1419 2647 pro
1451 2597 1630 2649 vulgari,

915 2654 1033 2693 radiis
1045 2657 1174 2693 aureis
1188 2670 1199 2703 ;
1216 2664 1311 2694 nota
1328 2653 1454 2707 figura
1466 2669 1476 2702 ;
1490 2653 1628 2705 νεφέλη

912 2708 1160 2766 χρυσοειδὴς,
1209 2727 1260 2751 ex
1307 2726 1385 2764 qua
1437 2713 1627 2750 intonuit.

910 2793 968 2800 —
994 2779 1086 2818 144.
1118 2771 1290 2810 Dedicat
1315 2772 1453 2822 scripti
1490 2782 1628 2807 omnes
