1767 3054
112 136 191 181 ‘248

739 138 984 176 AENEIDOS

111 208 227 253 Dira
253 207 405 267 dedit,
429 207 577 272 raptis
598 221 887 255 concurrunt
908 207 1117 270 undique
1142 207 1244 254 telis
1554 215 1613 246 ⁵²0

115 281 340 329 Indomiti
361 285 602 347 agricolae;
625 300 711 329 nec
736 299 831 329 non
861 295 907 328 et
929 284 1073 329 Troia
1097 282 1248 345 pubes

115 358 318 405 Ascanio
342 360 570 406 auxilium
591 359 754 405 castris
777 357 980 403 effundit
1001 358 1190 419 apertis.

114 432 344 479 Direxere
370 434 492 479 acies
515 453 523 478 :
551 449 645 478 non
665 433 762 494 jam
784 431 1040 477 certamine
1069 431 1261 493 agresti,

116 506 368 568 Stipitibus
389 507 519 553 duris
545 507 700 568 agitur
715 541 726 563 ‚
747 504 1005 552 sudibusve
1029 504 1268 567 praeusti53

117 581 211 627 Sed
235 582 361 628 ferro
384 582 578 643 ancipiti
602 581 885 637 decernunt,
912 590 1108 641 atraque
1132 580 1225 624 late

1553 589 1615 619 525

115 656 360 702 Horrescit
384 656 557 702 strictis
582 672 711 718 seges
738 654 952 712 ensibus,
979 670 1167 715 aeraque
1192 652 1371 714 fulgent

117 731 225 776 Sole
249 731 484 789 lacessita,
509 742 555 777 et
576 732 731 776 lucem
751 729 838 776 sub
862 729 1024 775 nubila
1043 732 1236 791 jactant.

116 805 307 852 Fluctus
331 807 401 853 uti
424 807 579 868 primo
604 805 746 868 coepit
770 821 918 867 quum
943 803 1181 850 albescere
1203 813 1368 862 vento,

180 990 275 1027 520.
307 989 428 1027 Ennii
462 990 572 1027 Ann.
608 990 669 1028 III
698 1003 835 1028 versus

119 1047 225 1097 apud
243 1047 424 1085 Macrob.
444 1050 538 1095 VII,
564 1049 584 1085 3
615 1051 834 1098 Postquam

120 1105 270 1155 defessi
285 1115 377 1143 sunt
386 1115 536 1143 stantes
551 1120 739 1158 spargere
751 1120 835 1143 sese

121 1163 270 1208 Hascts,
297 1163 450 1201 ansatis
466 1163 834 1201 concurruncundi-

120 1234 196 1271 que
221 1220 320 1259 tells.
324 1223 483 1260 -521.
507 1222 704 1259 Indomiti
728 1236 834 1274 agn-

120 1279 232 1317 colae.
259 1282 415 1318 Ornans
435 1280 664 1330 epitheton3
685 1281 836 1331 simpli-

121 1337 220 1374 citer
232 1339 384 1389 accipio
402 1339 536 1385 duros,
551 1352 721 1389 asperos
737 1342 838 1377 Sunt

121 1396 227 1432 enim
249 1393 407 1449 ἄτρυτει
430 1409 439 1435 :
460 1396 571 1447 quod
588 1399 719 1447 primo
747 1396 836 1434 loco

121 1461 199 1499 est,
239 1456 309 1504 qui
347 1456 462 1492 atteri
501 1463 731 1505 nequeunt,
769 1464 839 1492 aut

121 1510 250 1562 frangi
289 1525 332 1548 ac
369 1513 521 1564 fatigari
554 1512 761 1550 laboribus
797 1521 836 1549 et

122 1571 308 1606 aerumnis
337 1583 346 1608 :
378 1571 501 1607 altero
525 1567 687 1622 ἄτρυτες
718 1571 835 1606 etiam

118 1628 341 1674 invictum,
377 1628 473 1664 hinc
500 1627 700 1674 validum,
731 1641 836 1678 mag-

121 1697 219 1721 num
234 1713 244 1730 ‚
276 1686 479 1735 ingentem
493 1714 503 1731 ‚
523 1686 753 1736 simpliciter
770 1685 835 1722 de-

121 1751 245 1780 notat.
271 1765 329 1771 —
353 1745 440 1780 Nec
460 1757 539 1780 non
561 1753 601 1780 ec
624 1746 658 1780 T
657 1743 745 1780 ro'ia
757 1757 833 1794 pu-

121 1800 208 1845 bes,
245 1801 474 1838 Castrorum
500 1803 626 1851 portis
656 1803 834 1838 reseratis

121 1858 290 1895 mittunt
317 1859 511 1895 auxih'um
531 1859 708 1906 Trojani.
733 1859 833 1896 Vul-

121 1917 205 1965 gari
240 1917 418 1953 oratione
456 1918 581 1968 eopiae
619 1916 836 1953 effundunt

120 1988 181 2018 se,
218 1974 506 2021 effunduntur,
538 1973 754 2024 ἐκχέονται.
777 1997 863 2013 --,

123 2032 220 2070 526.
257 2032 393 2069 Tristis
419 2046 530 2085 seges
554 2033 731 2070 Parrhas
756 2034 833 2069 Ar-

122 2103 268 2141 maque
296 2090 449 2129 Zulich.
471 2112 531 2119 —-
555 2092 698 2141 Seges,
726 2103 829 2140 pro,

121 2161 216 2200 agro
262 2159 271 2184 :
302 2149 414 2199 isque
466 2148 563 2185 adeo
605 2161 679 2198 pro
724 2149 804 2184 acie
823 2159 832 2184 :

121 2208 318 2258 eleganter
363 2215 498 2244 autem
549 2205 655 2242 acies
703 2207 834 2242 statim

121 2278 192 2314 per
238 2273 409 2316 segetem
457 2264 621 2301 effertur
662 2272 700 2300 et
743 2264 834 2300 reli-

122 2335 200 2371 qua
228 2322 275 2358 ad
304 2336 388 2359 eam
422 2331 746 2372 attemperantur3
765 2323 836 2372 qui

124 2380 380 2429 comparandi
397 2381 539 2418 modus
556 2381 763 2429 exquisitae
779 2388 837 2417 est

122 2439 351 2475 venustatis,
374 2441 502 2475 Locus
525 2438 662 2474 similis
681 2437 756 2475 inf.
780 2438 836 2473 ri-

123 2493 356 2532 denduslib.
375 2498 448 2541 XI,
468 2496 565 2542 601,
580 2496 676 2532 602.
694 2496 835 2533 Primae

125 2560 255 2589 autem
274 2552 388 2589 lineae
410 2562 503 2590 sunt
526 2553 638 2590 Iliad.
661 2567 704 2599 ν,
728 2554 832 2624 33γ8,

123 2610 196 2647 ubi
218 2608 349 2646 horret
362 2622 505 2660 patrna
529 2609 650 2647 hastzs
686 2607 791 2663 ἑέρρῦ
775 2633 812 2648 -
798 2624 832 2647 εν

125 2663 169 2705 δὲ
188 2681 298 2720 past.
321 2666 415 2720 ἐπχε
420 2664 494 2706 {ro-t
513 2680 616 2721 μακε
622 2671 663 2719 ·J;
668 2670 747 2705 ‚At
770 2681 830 2718 ap.

124 2725 569 2776 Apollon.111‚1355
606 2725 738 2762 horret
771 2739 834 2762 ar-

125 2783 200 2821 mis
231 2796 332 2836 ager
352 2795 416 2836 qap:
407 2779 479 2829 ’ξεν
508 2777 552 2819 δὲ
584 2795 634 2818 π;
639 2795 673 2835 3³²
702 2780 834 2830 oasa·

904 989 978 1044 ρεῖς
1021 987 1276 1028 σακέεσσι-
1294 976 1416 1042 Ᾰρηος
1446 984 1614 1042 τέμενος.

903 1052 1040 1099 Itaque
1074 1057 1112 1085 et
1141 1048 1182 1086 h.
1217 1048 1245 1086 l.
1272 1047 1434 1098 proprie
1464 1046 1614 1085 diceres

902 1105 1058 1143 horrere
1079 1119 1192 1143 enses
1225 1104 1393 1142 eductos
1427 1113 1467 1142 et
1492 1105 1614 1142 elatos

902 1164 951 1201 ad
976 1165 1102 1201 ictum
1115 1193 1125 1210 ,
1144 1172 1190 1200 ut
1206 1163 1374 1201 horrent
1399 1163 1532 1200 omnia
1555 1175 1614 1200 as-

902 1235 996 1273 pera
1024 1230 1063 1259 et
1090 1222 1336 1270 acuminat23
1364 1228 1451 1257 tum
1484 1219 1618 1258 horret

904 1280 1058 1318 ensibus
1074 1289 1178 1317 terra
1192 1308 1203 1326 ‚
1225 1293 1328 1331 ager,
1345 1279 1461 1317 acies.

964 1339 1060 1386 527.
1084 1338 1177 1375 Sole
1192 1350 1419 1388 repercussa
1436 1348 1512 1387 pro
1530 1349 1614 1374 var.

902 1397 993 1435 lect.
1024 1398 1171 1434 Moret.
1207 1404 1296 1433 tert.
1328 1408 1380 1432 ex
1400 1396 1531 1446 intpp.
1560 1395 1618 1431 Et

903 1455 1037 1492 lumen
1076 1454 1229 1505 aliquot
1269 1455 1394 1499 Pien,
1425 1461 1513 1489 tum
1548 1452 1616 1489 sub

903 1512 1050 1549 lumine
1081 1526 1170 1562 pars
1203 1513 1307 1549 Pier.
1337 1519 1376 1548 et
1409 1511 1546 1548 Heius.
1579 1523 1614 1548 e.

902 1570 982 1607 Erf.
1006 1569 1076 1606 sub
1101 1568 1257 1607 Iumina
1276 1568 1358 1606 duo
1383 1570 1520 1608 Burm.
1546 1568 1615 1606 sub

903 1628 1054 1664 lumine
1073 1627 1154 1665 duo
1172 1627 1260 1673 alh'3
1283 1626 1460 1664 Gothani
1478 1626 1615 1678 vulga-

902 1694 982 1722 tam
1018 1695 1194 1723 tuentur.
1218 1707 1276 1713 —-
1298 1685 1390 1721 Sole
1427 1684 1614 1723 lacessita

902 1753 1067 1781 venuste
1086 1757 1161 1794 pro
1180 1755 1364 1794 percussa
1385 1741 1517 1780 radiis.
1537 1744 1615 1779 De-

900 1800 1019 1839 betur
1042 1801 1119 1838 hoc
1136 1802 1312 1839 Lucretii
1334 1800 1518 1850 exemplo
1540 1799 1612 1838 lib.

901 1861 973 1906 IV,
1011 1860 1091 1896 218
1133 1860 1308 1909 Corpora
1340 1871 1431 1908 quae
1454 1857 1616 1910 seriam

903 1917 1037 1954 oeulos
1055 1916 1269 1967 visumque
1288 1916 1492 1953 lacessant
1509 1929 1522 1952 .·
1543 1929 1614 1952 un-

903 1975 950 2011 de
977 1984 1108 2025 patet,
1137 1984 1183 2012 ut
1215 1989 1267 2012 ex
1293 1974 1377 2011 aliis
1401 1973 1522 2019 locis,
1541 1973 1614 2011 ubi

902 2032 1057 2077 visum,
1082 2045 1197 2069 aures
1216 2033 1410 2069 lacessere
1425 2032 1613 2079 occurrit,

904 2091 1097 2127 lacessere
1117 2103 1198 2127 esse
1221 2089 1452 2140 simpliciter
1470 2088 1608 2136 ferire,

901 2151 1129 2198 percutere3
1151 2147 1200 2186 cf.
1219 2147 1292 2184 inf.
1314 2147 1362 2183 ad
1379 2146 1451 2184 lib.
1471 2148 1524 2192 X,
1547 2159 1611 2185 10.

902 2205 1089 2244 Refertur
1111 2207 1228 2242 etiam
1245 2205 1382 2256 paullo
1405 2213 1495 2242 ante
1521 2213 1612 2241 atra

902 2277 1009 2315 seges
1034 2263 1082 2301 ad
1103 2264 1314 2300 oculorum
1337 2262 1555 2312 jndIcium‚
1579 2264 1612 2299 si

900 2321 1071 2373 longum
1106 2321 1316 2359 hominum
1356 2319 1535 2358 ordinem
1568 2320 1611 2356 in

903 2393 1044 2429 campo
1059 2379 1290 2430 prospicias.

963 2437 1059 2474 523.
1092 2439 1142 2474 In
1166 2435 1247 2473 fine
1265 2444 1393 2486 ponto
1418 2435 1537 2472 Rom.
1571 2442 1610 2471 et

901 2494 1049 2532 Medic.
1065 2523 1075 2542 ‚
1104 2506 1276 2544 quorum
1304 2494 1348 2529 in
1371 2490 1507 2529 eadem
1533 2491 1611 2529 leo-

902 2554 1010 2590 tione
1038 2551 1350 2602 conspirantium
1375 2547 1483 2586 haud
1510 2549 1609 2586 levis

901 2611 1109 2647 auctoritas
1135 2615 1212 2653 est,
1241 2615 1280 2644 et
1305 2619 1379 2657 pro
1402 2619 1485 2644 var.
1517 2606 1606 2646 lect.

902 2667 1030 2713 Gud.‚
1053 2667 1149 2702 item
1180 2663 1362 2702 Macrob.
1384 2665 1420 2699 V
1444 2665 1521 2702 Sat.
1544 2665 1609 2711 13,

900 2733 945 2761 ut
967 2733 1116 2762 taceam
1136 2721 1250 2760 codd.
1279 2735 1300 2759 e
1319 2721 1462 2771 vulgo,
1490 2721 1609 2759 binos

902 2782 1023 2820 Goth.
1041 2795 1052 2830 3
1080 2782 1124 2818 in
1140 2780 1262 2818 altero
1282 2778 1443 2831 quidem
1458 2788 1609 2831 puncto
