1767 3054
724 119 874 155 Ltmin
909 118 958 153 v,
1545 123 1592 161 4:

95 195 342 252 Persolvo;
367 193 445 240 hic
470 192 624 237 victor
649 201 804 237 cestus
828 203 1074 251 artemque
1099 206 1291 251 repono.
1311 215 1327 229 »s

162 275 390 318 Protenus
410 270 581 313 AEneas
603 266 745 312 celeri
770 276 953 311 certare
979 265 1146 328 sagitta

95 345 292 402 Invitat,
313 342 396 405 qui
422 342 543 387 sorte
564 341 735 398 velint,
758 353 804 387 et
825 342 1019 404 praemia
1046 341 1200 402 ponit3

95 417 372 482 Ingentique
392 432 535 463 manu
559 416 734 462 malum
757 416 816 460 de
836 432 956 469 nave
981 415 1157 462 Seresti

94 495 266 558 Erigit,
291 505 337 540 ct
355 493 598 539 volucrem
625 493 822 555 trajecto
849 492 895 537 in
922 492 1033 537 fune
1058 491 1350 548 columbam,

95 572 205 628 Quo
225 568 419 615 tendant
442 568 642 624 serrum,
664 567 789 613 malo
810 567 1055 629 suspendit
1081 565 1140 612 ab
1162 566 1270 612 alto.

95 648 371 693 Convenere
392 644 509 701 viri,
536 643 863 707 dejectamque
890 660 1011 689 aerea
1031 653 1207 689 sortem
1541 656 1601 693 490

95 720 298 783 Adcepit
323 721 477 783 galca3
502 732 549 766 ct
572 720 753 782 primus
778 719 982 765 clamore
1002 718 1212 790 secundo

98 796 370 859 Hyrtacidae
391 808 498 843 ante
519 797 671 843 omnis
696 795 793 842 exit
818 796 949 842 locus
969 795 1338 867 Hippocoontis,

97 878 252 932 Quem
273 873 416 919 modo
437 872 591 919 navali
615 872 893 918 Mnestheus
919 872 1176 918 certamine
1200 872 1355 918 victor

97 950 434 1012 Consequitur,
460 947 603 993 viridi
629 946 906 995 Mnestheus
928 948 1144 1012 evinctus
1165 947 1304 992 oliva.

97 1024 285 1070 Tertius
306 1023 562 1084 Eurytion,
589 1034 720 1082 tuus,
743 1038 771 1068 o
792 1017 1262 1089 cla1·issi¹ne'⁷,‘frater,

100 1099 335 1156 Pandare,
361 1099 442 1161 qui
461 1097 725 1160 quondam,
740 1098 899 1161 jussus
923 1096 1214 1159 confundere
1239 1095 1412 1152 foedus,

105 1286 172 1310 ma
186 1286 317 1324 parva
340 1272 472 1318 cadit;
495 1272 573 1310 Cor
580 1286 656 1324 pro
674 1273 814 1319 corde,

98 1344 262 1383 precor,
289 1344 367 1381 pro
384 1330 494 1380 fibris
513 1332 656 1368 sumite
662 1331 793 1385 fibras
805 1347 819 1376 ,-

103 1391 222 1428 Hanc
238 1389 420 1426 animam
439 1388 553 1426 vobis
562 1402 641 1440 pro
659 1389 822 1426 meliore

103 1448 259 1485 damus.
285 1469 342 1476 ·—
373 1448 469 1492 484.
501 1446 578 1484 Ηίσ
604 1446 739 1485 victor
765 1470 822 1476 —-

104 1519 253 1557 repono
272 1519 286 1542 .·
304 1519 324 1543 a
344 1514 443 1544 noto
462 1518 570 1543 more
585 1535 596 1552 ,
620 1519 658 1544 v.
682 1520 715 1544 c.
738 1508 821 1544 Ho-

105 1573 178 1602 rat.
207 1566 282 1602 ΙΙΙ.
302 1563 379 1603 Od.
404 1564 456 1601 26
476 1565 592 1601 Nunc
616 1577 731 1601 arma
753 1565 822 1602 de-

93 1621 365 1674 fitnctumque
392 1622 495 1659 hetto
529 1621 724 1660 Barbicon
745 1631 820 1660 etc.

166 1681 263 1725 485.
291 1694 377 1731 sqq.
409 1680 520 1717 Idem
543 1689 739 1718 certamen
759 1695 821 1732 ap.

107 1741 270 1777 Homer.
291 1738 406 1776 Iliad.
432 1735 484 1789 ψ,
519 1739 601 1776 850
638 1753 723 1790 sq.,
758 1739 825 1776 sed

54 1795 61 1810 ’·
107 1797 272 1834 variavit
290 1796 414 1834 multa
436 1797 627 1848 Virgilius
639 1825 650 1843 ‚
668 1810 757 1847 quae
775 1798 827 1834 fa-

109 1853 183 1891 cile
209 1857 503 1904 comparatione
523 1855 623 1891 facta
650 1854 824 1891 animad-

111 1919 262 1950 vertere
295 1912 401 1949 licet.
430 1934 487 1940 ———-
517 1913 614 1956 486.
647 1913 825 1949 Praemia

111 1968 208 2006 dicit
250 1968 383 2014 Gud.‚
424 1969 535 2019 quod
564 1971 725 2019 copiose
759 1970 826 2007 ad-

110 2028 228 2064 struit
251 2027 451 2064 Heinsius.
475 2026 579 2064 Mihi
596 2028 730 2077 potius
759 2036 827 2064 aut

113 2097 205 2122 casu
219 2093 286 2122 aut
305 2083 572 2135 interpolandi
589 2084 724 2121 studio
742 2085 825 2122 illa-

115 2152 199 2180 tum
220 2155 301 2180 esse
319 2142 651 2189 videtum—487.
674 2144 819 2186 Manu,

112 2201 152 2238 h.
182 2201 208 2238 l.
240 2214 378 2252 magna
406 2199 687 2247 multitudine,
719 2202 827 2239 Serv.

114 2259 198 2298 Nisi
231 2258 360 2309 placet
387 2260 564 2308 accipere
583 2257 756 2305 dictum,
784 2266 829 2295 ut

116 2329 268 2367 magna
299 2330 445 2363 manu,
481 2315 530 2353 de
559 2316 751 2354 heroibus
784 2328 829 2353 ac

116 2373 287 2411 sortibus
327 2377 434 2412 viris.
475 2374 622 2411 Seresti
660 2388 748 2425 sup.
786 2376 803 2411 1
819 2403 829 2420 ‚

117 2432 222 2479 611,
254 2445 305 2471 ne
327 2431 376 2470 de
405 2435 582 2484 Sergesto
608 2434 756 2484 cogites
782 2445 833 2469 ex

115 2503 156 2528 v.
194 2503 268 2527 121
307 2503 396 2541 sup.
424 2512 481 2518 —
510 2491 606 2535 488.
650 2490 832 2542 Trajecto

118 2547 159 2585 ἰη
171 2546 299 2599 fitne,
335 2548 440 2585 funis
461 2550 678 2597 trajicitur,
711 2558 835 2585 trans-

116 2606 837 2657 versecircumplicaturcoluinbae.·-—

119 2671 143 2708 4
149 2675 217 2715 90.
224 2664 593 2715 Dejectas—sortes
602 2665 711 2703 malit
719 2667 793 2703 Tra
797 2679 837 2715 p·

118 2722 221 2771 pius.
234 2723 328 2761 Non
339 2721 499 2760 videbat
514 2723 682 2761 alterum
697 2723 836 2761 eodem

122 2791 238 2817 sensu
268 2793 349 2819 esse
381 2781 502 2833 magis
535 2783 750 2832 poeticum.
781 2803 837 2810 —-

887 1276 948 1311 Ex
967 1273 994 1311 l.
1020 1287 1054 1311 e.
1077 1272 1188 1310 Iliad.
1209 1286 1250 1326 γ,
1275 1272 1352 1308 861
1371 1299 1381 1315 ‚
1406 1270 1475 1307 sed
1493 1283 1602 1307 orna-

890 1340 939 1369 te.
967 1331 1016 1368 cf.
1039 1331 1150 1369 Iliad.
1174 1335 1218 1377 λ,
1239 1331 1319 1368 316
1341 1343 1398 1379 sq.
1427 1329 1518 1366 Alia
1537 1343 1606 1380 ap-

888 1391 1002 1441 ponit
1017 1389 1149 1427 Guell.
1163 1387 1322 1426 Primus
1333 1388 1443 1424 locus
1459 1387 1606 1439 elegan-

890 1457 949 1486 ter
964 1461 1039 1499 pro
1056 1450 1183 1499 prima
1203 1456 1333 1492 sorte3
1367 1454 1405 1482 et
1425 1446 1611 1483 acclama-

890 1507 946 1544 tio
985 1507 1204 1544 faventium
1219 1534 1229 1552 ,
1274 1506 1431 1542 clamor
1473 1518 1611 1541 secun-

890 1565 990 1609 dus;
1024 1573 1063 1602 et
1093 1563 1182 1602 exit
1202 1577 1286 1601 sors
1319 1560 1465 1615 ἐξέθορε
1482 1591 1493 1609 ‚
1532 1559 1610 1608 ἐξό-

892 1636 1024 1676 peuce,
1055 1632 1101 1660 ut
1119 1631 1259 1660 notum
1281 1635 1331 1659 ex
1354 1623 1611 1659 Homero.—

894 1683 990 1732 493.
1010 1680 1226 1719 Postmodo
1251 1679 1430 1719 Parrhas.
1457 1679 1537 1716 fere
1567 1688 1613 1717 ut

892 1738 997 1791 apud
1013 1742 1038 1778 J
1042 1739 1095 1777 ul.
1113 1741 1306 1789 Pompon.
1321 1737 1410 1776 Sab.
1427 1737 1612 1775 Urbanus

893 1798 1012 1835 modo
1031 1811 1105 1848 pro
1122 1795 1414 1848 propemodum
1432 1797 1611 1846 exponit.

891 1855 952 1893 M.
981 1855 1201 1892 certamine
1224 1855 1365 1891 ductor
1381 1854 1614 1891 emendabat

893 1915 959 1951 Jo.
980 1912 1188 1952 Schrader.
1206 1913 1249 1949 in
1266 1912 1433 1950 schedis.
1453 1934 1512 1941 —-
1527 1911 1614 1948 Vio-

894 1981 976 2015 tor,
1003 1969 1180 2007 secundo
1203 1970 1317 2015 loco,
1352 1969 1434 2007 vid.
1458 1983 1546 2021 sup.
1573 1983 1611 2008 v.

897 2029 992 2066 258.
1024 2028 1179 2066 Turbas
1204 2036 1335 2065 tamen
1363 2027 1514 2064 faciunt
1546 2029 1612 2064 In-

895 2094 1109 2136 terpretes,
1134 2099 1171 2123 v.
1196 2087 1413 2132 Burmann.
1433 2087 1540 2136 atqui
1563 2087 1614 2123 si-

895 2143 981 2180 mili
1002 2142 1123 2181 modo
1142 2143 1259 2180 tertia
1279 2144 1424 2194 palma
1443 2157 1482 2181 v.
1505 2145 1586 2193 339
1601 2173 1610 2186 ‚

896 2201 1002 2239 unde
1018 2201 1096 2238 hoc
1111 2200 1217 2238 idem
1233 2201 1353 2239 habet
1363 2201 1482 2240 Silius
1495 2204 1592 2239 xvl
1604 2231 1613 2245 ,

899 2259 1143 2305 462-503.
1158 2258 1277 2310 Quod
1299 2259 1474 2297 evinctus
1485 2272 1616 2298 comas

898 2317 1002 2355 oliva
1020 2326 1078 2355 est
1095 2318 1327 2355 Mnestheus
1340 2346 1350 2364 ‚
1376 2317 1426 2355 ad
1452 2317 1615 2354 eandem

899 2377 1105 2413 victoriam
1122 2383 1272 2427 spectat
1290 2389 1300 2422 ;
1323 2389 1398 2414 nec
1417 2377 1459 2412 in
1477 2388 1525 2413 eo
1542 2375 1617 2412 ha>

899 2433 1075 2472 rebimns
1088 2462 1098 2479 ,
1119 2432 1227 2484 quod
1248 2434 1447 2486 oleaginea
1468 2446 1617 2471 corona

900 2505 987 2544 sup.
1017 2492 1099 2537 246
1130 2500 1169 2529 et
1199 2492 1280 2543 269
1312 2500 1616 2530 commemorata

902 2563 984 2588 non
1008 2558 1078 2588 est.
1097 2571 1153 2579 -—
1181 2551 1278 2600 496.
1306 2550 1520 2594 Pandare,
1549 2550 1618 2601 qui

902 2622 942 2647 v.
961 2606 1072 2647 mad.
1096 2604 1146 2655 δ,
1175 2616 1253 2653 104
1274 2621 1332 2659 sq.
1366 2607 1618 2660 Confitndere

897 2665 1052 2718 soedus,
1091 2666 1250 2705 turbare
1262 2696 1273 2715 ‚
1308 2666 1446 2704 vocab.
1478 2679 1614 2718 propr.

903 2723 1081 2779 συγχέειν
1096 2754 1107 2772 ,
1127 2734 1170 2763 ut
1186 2725 1269 2776 ipse
1286 2727 1450 2763 Homer.
1469 2723 1497 2761 l.
1516 2737 1550 2760 c.
1576 2737 1614 2759 ν.

907 2783 989 2834 269
1011 2780 1095 2821 ἐπεὶ
1115 2782 1178 2822 σὺν
1198 2783 1238 2837 γ’
1257 2780 1340 2836 ὅρκῖ
1359 2781 1533 2833 ἔχευσαν.
1552 2782 1617 2817 Te-
