1767 3054
696 118 847 155 LIBER
884 117 952 152 VI.

1502 132 1572 157 121

77 198 135 240 Et
161 195 429 257 ferruginea
453 189 701 237 subvectat
726 201 929 249 corpora
951 186 1143 246 cymba,

70 275 176 317 Jam
202 271 380 326 senior;
406 266 488 313 sed
513 263 664 312 cruda
689 264 779 311 deo
802 261 1062 323 viridisque
1086 273 1315 308 senectus.

73 349 178 392 Huc
203 342 351 401 omnis
378 341 521 390 turba
543 341 601 389 ad
628 340 755 404 ripas
774 339 928 386 effusa
949 336 1141 394 ruebat,
1518 354 1574 383 505

71 426 247 467 Matres
269 430 411 481 atque
433 418 548 474 viri,
576 416 895 479 defunctaque
918 429 1122 476 corpora
1144 413 1239 459 vita

69 496 423 559 Magnanimum
441 494 641 541 heroum
657 529 668 550 ,
697 492 834 556 pueri
856 491 1164 553 innuptaeque
1184 489 1376 553 puellae,

68 572 381 635 Impositique
406 571 532 634 rogis
550 571 752 634 juvenes
778 577 886 613 ante
909 582 993 612 ora
1016 576 1267 627 parentum
1288 584 1296 610 :

66 649 221 705 Quam
247 647 396 692 multa
416 647 463 693 in
486 645 614 692 silvis
638 643 852 691 autumni
876 641 1053 704 frigore
1078 640 1234 702 primo

66 723 220 784 Lapsa
244 720 419 767 cadunt
444 721 578 777 solia,
606 730 686 766 aut
708 718 768 765 ad
794 730 967 764 terram
992 714 1178 777 gurgite
1200 713 1260 760 ab
1282 715 1376 761 alto

1512 725 1571 756 310

67 799 220 852 Quam
248 797 406 843 multae
428 796 753 858 glomerantur
774 808 908 850 aves,
931 790 1015 837 ubi
1034 789 1233 852 frigidus
1259 805 1408 836 annus

65 873 214 916 Trans
238 881 436 932 pontum
464 870 619 933 sugat,
641 880 689 915 et
710 869 848 915 terris
871 867 1080 915 immittit
1106 867 1291 929 apricis.

67 1097 312 1148 Fermginea
345 1097 488 1148 cymba
529 1104 587 1133 est
615 1094 757 1136 κυανέη
771 1124 781 1142 ,

68 1155 202 1193 colore
217 1169 268 1192 ex
288 1168 375 1191 aere
395 1157 584 1206 aquisque
609 1162 785 1191 contrac—

69 1221 121 1250 to.
146 1212 276 1250 Cruda
296 1221 473 1249 senectus
492 1213 783 1262 frequentatum

64 1271 143 1317 jam
166 1271 316 1308 Graecis
340 1269 442 1323 ὠμὸν
467 1272 606 1325 γῆρας·
637 1267 786 1323 ὠμογέ-

70 1341 156 1367 εων.

69 1367 76 1380 ⁸
127 1386 370 1423 305—308.
385 1384 571 1423 Jucunda
584 1397 783 1422 enumera-

66 1445 135 1489 tio,
158 1443 344 1494 inprimis
368 1456 407 1480 v.
435 1442 531 1488 308,
550 1442 783 1479 adumbrata

62 1515 112 1538 ex
132 1500 275 1552 Odyss.
303 1504 352 1547 λ,
379 1500 431 1537 38
452 1521 511 1528 —-
533 1508 607 1546 41,
629 1501 670 1537 in
699 1513 780 1550 quo

60 1560 261 1597 suaviores
280 1555 514 1611 Παρθενικαὶ
543 1559 576 1595 θ’
595 1554 771 1603 ἁπαλαὶ,

61 1616 267 1655 νεοπενθέα
292 1614 406 1669 θυμὸν
430 1615 601 1666 ἔχουσαι.
628 1619 778 1655 Occur-

62 1678 114 1713 rit
132 1675 269 1713 eadem
289 1676 363 1713 Ge.
390 1677 446 1712 IV
460 1703 471 1722 ‚
498 1675 582 1723 475
605 1688 662 1725 sq.
680 1703 692 1721 ‚
709 1673 775 1711 sed

62 1742 200 1772 oruata
214 1733 273 1772 ibi
292 1745 395 1771 nova
417 1734 713 1784 comparatione
735 1746 773 1770 v.

66 1792 145 1838 473
159 1819 170 1837 ,
189 1797 271 1839 474
304 1793 434 1841 Quam
461 1791 589 1828 multa
614 1789 778 1841 injble‘is

62 1848 194 1885 avium
210 1848 395 1886 semillia
414 1849 611 1893 condunt,
632 1851 781 1898 Vesper

61 1906 128 1943 uhi
146 1914 219 1942 aut
245 1904 427 1942 hibernus
455 1906 542 1958 agit
559 1907 610 1944 de
633 1906 778 1943 momi—

61 1964 131 2001 bus
155 1961 290 2001 imber.

124 2023 271 2072 309—-
290 2023 385 2059 312.
417 2022 668 2071 Comparatio
700 2020 775 2057 du-

61 2081 156 2131 plex
185 2080 320 2117 multis
348 2087 438 2129 post
458 2079 673 2130 Virgilium
701 2079 776 2115 fre-

63 2145 274 2188 quentata,
304 2137 506 2174 veteribus
541 2145 579 2173 et
606 2137 773 2173 recenti-

61 2195 138 2233 bus
157 2195 280 2247 (conf.
303 2193 460 2245 cad),
481 2194 597 2231 fluxit
624 2207 675 2232 ex
695 2196 775 2231 110·

62 2267 196 2298 mero,
217 2252 334 2289 altera
355 2252 431 2290 od.
455 2266 490 2298 ι,
525 2254 571 2289 51
592 2280 602 2298 ,
629 2253 680 2289 52
697 2266 707 2299 ;
726 2251 772 2290 11.

60 2309 87 2359 β
101 2339 115 2359 ,
136 2318 233 2361 49ι,
248 2317 329 2361 492
343 2318 381 2347 et
403 2311 507 2356 8003
526 2309 631 2348 conf.
651 2308 775 2360 Apol-

65 2369 148 2407 lon.
181 2369 265 2414 IV,
296 2369 404 2414 216,
438 2382 516 2416 217
546 2367 692 2406 :altera
724 2381 774 2405 ex

62 2426 173 2468 Iliad.
194 2440 247 2482 γ,
269 2427 291 2463 3
312 2438 421 2476 sqq„
440 2436 479 2465 et
494 2425 605 2464 Iliad.
627 2423 676 2474 β,
692 2426 772 2475 459

62 2497 149 2536 sqq.
190 2483 464 2534 Supplendum
505 2492 637 2521 autem
669 2482 774 2534 apud

63 2543 266 2580 animum:
292 2549 398 2579 tanta
419 2542 558 2588 turba,
578 2550 657 2579 tam
676 2541 776 2578 mul-

66 2599 121 2646 ti,
137 2601 267 2650 Quam
291 2599 430 2638 multa.
462 2600 534 2638 Ad
565 2608 710 2637 terram
734 2611 772 2637 v.

71 2657 178 2704 310,
198 2652 247 2695 de
274 2656 460 2696 calidiore
483 2658 596 2709 plaga
617 2658 771 2707 accipe,

69 2725 191 2762 quam
227 2714 364 2753 volatu
400 2716 617 2766 petierant,
659 2723 698 2752 et
724 2713 772 2751 de

72 2769 245 2809 adventu
266 2771 314 2809 ad
343 2785 428 2811 eam
452 2781 557 2811 trans
579 2784 708 2820 mare,
728 2773 771 2809 in

228 2854 312 2898 111.

851 1095 970 1133 litore
992 1103 1087 1145 puta
1111 1093 1268 1132 Africae.
1283 1116 1340 1122 -—
1358 1096 1406 1133 31
1420 1109 1454 1134 1.
1485 1100 1567 1135 An-

853 1167 927 1189 nus
951 1160 1176 1189 revocatum
1195 1165 1318 1190 nunc.
1342 1154 1487 1191 Amnis
1504 1156 1570 1194 de-

853 1210 1021 1247 bebatur
1039 1211 1257 1246 Burmanni
1274 1211 1476 1262 elegantiae
1491 1241 1502 1259 ,
1519 1227 1569 1252 ex

853 1282 929 1305 sec.
951 1269 1097 1306 Moret.
1119 1266 1246 1304 tribus
1265 1268 1349 1305 aliis
1369 1278 1407 1306 et
1424 1272 1567 1310 Hamb.

853 1340 929 1364 sec.
953 1338 973 1362 a
991 1338 1044 1363 m.
1063 1338 1138 1362 sec.
1154 1352 1164 1370 ‚
1185 1332 1229 1361 ut
1250 1327 1436 1375 Stry-mon
1454 1329 1568 1366 intel-

850 1384 1060 1435 ligeretur,
1080 1396 1163 1434 quo
1179 1382 1329 1420 scilicet
1349 1395 1477 1435 poetae
1497 1387 1569 1424 fre-

850 1450 1018 1492 quenter
1049 1442 1091 1478 iu
1118 1440 1192 1478 hac
1211 1455 1355 1493 gruum
1377 1457 1568 1482 memora-

849 1502 956 1538 tione
973 1508 1144 1536 utuntur
1157 1527 1168 1546 ,
1187 1513 1226 1537 v.
1247 1512 1282 1537 c.
1302 1501 1375 1539 inf.
1396 1504 1434 1540 X
1449 1530 1459 1548 ‚
1483 1504 1564 1547 264

846 1579 904 1586 -—-
924 1557 1032 1602 266,
1064 1558 1125 1594 uti
1155 1556 1298 1602 Nilus,
1333 1561 1488 1608 quoties
1517 1560 1565 1598 de

847 1615 948 1654 coelo
986 1616 1116 1665 agitur
1131 1644 1142 1661 ‚
1179 1616 1288 1665 quod
1327 1617 1463 1655 volatu
1498 1632 1564 1669 pe—

845 1682 948 1712 tunt.
967 1672 1062 1710 Vid.
1088 1673 1292 1712 Claudian.
1318 1673 1368 1712 de
1387 1676 1430 1713 B.
1454 1675 1561 1716 Gild.

846 1731 1086 1779 474—478.
1108 1730 1214 1769 Add.
1232 1733 1379 1770 Lucan.
1402 1735 1455 1781 V,
1480 1748 1498 1782 7
1512 1749 1556 1773 11

844 1804 927 1840 sqq.
957 1788 1048 1827 val.
1072 1788 1130 1828 Fl.
1161 1791 1240 1836 ΙΙΙ,
1281 1791 1377 1828 361.
1407 1792 1530 1843 Capio
1549 1822 1559 1838 ‚

845 1856 962 1898 atque
979 1849 1095 1884 etiam
1107 1846 1185 1884 hoc
1203 1847 1304 1885 bene
1323 1847 1461 1895 video,
1479 1864 1560 1888 am-

846 1918 937 1941 nem
961 1904 1160 1956 frigidum
1193 1906 1235 1941 in
1266 1905 1332 1942 tali
1366 1915 1559 1944 contextu

845 1962 1024 2000 absolute
1040 1964 1095 1998 sic
1110 1963 1201 1999 satis
1222 1961 1322 1998 bene
1350 1965 1446 2012 poni
1465 1977 1556 2014 pos-

843 2034 896 2058 se.
914 2019 988 2058 Sed
1002 2032 1049 2056 an
1063 2019 1195 2056 amnis
1210 2019 1290 2056 dici
1300 2028 1429 2070 potest
1433 2020 1557 2073 fitga-

842 2091 884 2114 re
907 2090 998 2114 aves
1025 2087 1136 2114 trans
1157 2086 1327 2127 pontum
1342 2082 1363 2115 ,θ
1379 2080 1467 2115 Hoc
1488 2092 1554 2116 ve-

841 2149 887 2172 ro
906 2135 998 2172 facit
1016 2149 1065 2172 ex
1079 2136 1281 2172 communi
1297 2135 1465 2173 lectione
1484 2149 1554 2174 an-

841 2206 938 2239 nus,
972 2191 1138 2246 χειμὼν,
1173 2205 1291 2243 quam
1317 2206 1457 2231 vocem
1486 2207 1553 2231 ex-

840 2252 1023 2301 pressisse
1040 2250 1165 2288 videri
1177 2250 1294 2288 dehet
1312 2264 1361 2288 ex
1380 2250 1491 2290 Iliad.
1508 2265 1548 2306 γ,

844 2316 868 2353 4
901 2305 983 2346 Αἴτ’
1008 2304 1092 2347 ἐπεὶ
1119 2301 1180 2346 οὖν
1209 2311 1385 2361 χειμῶνα
1413 2307 1550 2364 φύγον.

840 2367 966 2404 Possit
981 2369 1114 2406 Burm.
1138 2379 1214 2417 pro
1231 2380 1272 2404 se
1295 2365 1452 2405 laudare
1472 2370 1552 2405 Lu-

841 2437 925 2462 can.
955 2426 1040 2472 111,
1072 2437 1149 2475 ¹99
1175 2426 1383 2474 Strymon,
1416 2424 1550 2475 tepido

840 2482 1084 2520 committere
1110 2482 1209 2520 Nilo
1237 2481 1442 2520 Bistonias
1458 2495 1550 2520 con-

838 2549 968 2577 suetus
983 2554 1073 2579 aves
1082 2556 1098 2586 ;
1117 2539 1184 2578 sed
1198 2539 1264 2578 hic
1281 2539 1550 2578 accommoda-

842 2598 943 2635 tiora
970 2607 1062 2636 sunt
1090 2597 1292 2636 attributa.
1316 2598 1549 2635 Glomeren-

839 2665 904 2691 eur
927 2656 1091 2695 Mentel.
1115 2669 1177 2706 pr.
1209 2656 1393 2694 Ceterum
1415 2657 1548 2693 minus

839 2712 994 2762 placere
1027 2722 1156 2765 potest
1177 2712 1356 2765 frigidus
1389 2726 1428 2752 a.
1459 2720 1551 2763 post

826 2769 984 2822 frigore
1006 2785 1045 2810 v.
1073 2773 1166 2822 309.
1187 2773 1252 2810 Jo.
1276 2770 1478 2810 Schrader.
1500 2770 1552 2807 le-

1342 2866 1391 2894 11
