1767 3054
665 129 815 167 LIBER
845 129 915 165 VI.

1465 127 1538 166 123

45 207 254 255 Portitor
277 206 373 263 ine,
398 203 609 260 Charon3
631 200 705 257 hi,
727 216 846 263 quos
864 199 995 245 vehit
1018 200 1167 255 unda,
1190 201 1372 260 sepulti.

46 285 146 329 Nec
169 282 294 345 ripas
312 278 451 325 datur
473 276 734 322 horrendas
760 287 806 321 et
828 291 972 322 rauca
997 274 1172 320 fluenta

46 359 386 418 Transportare
403 352 558 416 prius,
583 367 726 414 quam
745 349 937 398 sedibus
959 366 1062 396 ossa
1087 350 1324 412 quierunt.

45 433 244 477 Centum
265 439 424 475 errant
450 444 618 485 annos,
642 428 934 489 volitantque
960 425 1061 471 haec
1083 425 1221 470 litora
1246 423 1423 469 circum
1447 442 1455 466 :

45 506 166 550 Tum
190 502 380 549 demum
404 501 594 549 admissi
617 513 780 564 stagna
804 512 1027 563 exoptata
1054 500 1278 545 revisunt.
1303 518 1323 537 »
1480 506 1538 536 330

46 578 266 626 Constitit
284 577 492 624 Anchisa
513 589 663 634 satus,
689 588 735 623 et
759 576 955 638 vestigia
977 576 1171 638 pressit,

45 652 199 699 Multa
219 662 414 716 putans,
437 662 707 714 sortemque
732 651 888 697 animo
910 651 1158 696 miseratus
1183 648 1411 710 iniquam.

47 729 210 776 Cernit
230 727 298 773 ibi
319 740 530 784 moestos,
558 739 604 772 et
628 728 791 774 mortis
817 726 998 771 honore
1021 724 1223 771 carentis
1238 759 1250 780 ‚

45 804 352 866 Leiicaspim,
378 814 423 848 et
443 803 599 864 Lyciae
618 801 863 848 ductorem
889 801 1044 847 classis
1068 803 1282 846 Oronten
1304 815 1313 841 ε

49 880 182 934 Quos
203 878 339 924 simul
362 893 388 923 a
410 878 553 939 Troja
577 887 771 922 ventosa
798 892 883 939 per
907 891 1099 937 aequora
1122 885 1283 920 vectos
1486 881 1543 911 335

50 953 227 1000 Obruit
246 957 442 1010 Auster,
464 969 586 1014 aqua
605 952 849 998 involvens
873 967 1137 1013 navemque
1156 950 1393 1010 virosque.

114 1033 235 1077 Ecce
258 1028 548 1091 gubernator
571 1045 671 1074 sese
699 1028 945 1073 Palinurus
970 1026 1139 1089 agebat
1161 1046 1170 1072 :

50 1107 148 1164 Qui
170 1104 352 1167 Libyco
375 1121 529 1166 nuper
551 1121 716 1160 cursu,
739 1104 850 1149 dum
872 1102 1026 1148 sidera
1046 1114 1225 1159 servat,

51 1182 303 1228 Exciderat
328 1181 502 1243 puppi,
524 1179 688 1225 mediis
712 1180 887 1225 effusus
914 1179 961 1224 in
986 1178 1137 1224 undis.

53 1261 193 1305 Hunc
219 1257 302 1303 ubi
327 1257 407 1301 vix
429 1256 576 1301 multa
601 1267 816 1301 moesturn
843 1255 1063 1317 cognovit
1084 1254 1131 1298 in
1156 1252 1346 1308 umbra,
1485 1261 1543 1296 340

55 1332 134 1378 Sic
156 1331 289 1393 prior
311 1330 582 1390 adloquitur
604 1347 614 1373 ε
639 1351 657 1371 «
685 1331 803 1386 Quis
826 1341 892 1386 te,
915 1329 1154 1385 Palinure,
1176 1327 1373 1373 deorum

55 1406 243 1470 Eripuit
265 1405 426 1463 nobis,
446 1405 698 1467 medioque
720 1405 807 1452 sub
829 1420 1019 1466 aequore
1041 1403 1232 1449 mersit?

55 1566 214 1610 videtur
250 1567 423 1618 argutari
453 1568 633 1613 Servius,
671 1569 765 1617 qui,

56 1624 108 1662 ab
127 1627 230 1675 Ops,
251 1633 372 1670 terra,
391 1624 578 1670 ductum,
595 1625 768 1674 insepul-

57 1689 144 1719 tum
181 1681 289 1733 apud
339 1690 490 1719 veteres
529 1681 768 1733 significasse

57 1747 205 1777 narrat.
248 1739 371 1791 Rg'pas
394 1748 434 1776 et
444 1739 611 1793 fluenta
642 1749 769 1776 trans-

54 1806 240 1845 portare,
272 1794 320 1834 ut
350 1797 536 1848 vulgare,
569 1799 769 1845 trajicere,

58 1853 144 1890 scil.
169 1866 310 1890 navem
339 1861 446 1890 trans
465 1867 631 1892 amnem.
650 1857 710 1892 De
730 1867 772 1890 re

60 1923 100 1948 v.
126 1908 237 1946 Iliad.
259 1906 305 1959 ψ,
327 1918 509 1956 71-—74-
531 1912 699 1948 Centum
718 1923 773 1947 er-

60 1977 157 2004 rant
180 1978 324 2002 annos.
356 1968 522 2010 Nescio,
551 1981 602 2002 an
624 1967 673 2003 de
699 1979 772 2003 suo

60 2024 239 2075 posuerit
255 2018 467 2074 Virgilius,
499 2024 646 2059 animas
675 2024 775 2058 inse-

61 2081 268 2132 pultorum
301 2093 372 2131 per
401 2080 432 2117 C
459 2091 583 2116 annos
617 2092 769 2124 errare,

62 2151 148 2177 non
194 2137 381 2174 admissas
429 2145 472 2173 ut
511 2137 770 2184 trajiciantur.

63 2194 189 2235 Cerda
209 2194 259 2232 ad
282 2195 410 2234 Servii
431 2193 595 2231 ductum
609 2222 619 2240 ‚
640 2206 773 2231 errore

64 2266 117 2291 ex
138 2252 311 2291 revisunt
334 2266 372 2289 v.
399 2253 481 2289 330
506 2260 623 2297 nato,
642 2250 776 2288 laudat

64 2310 198 2350 locum
215 2311 409 2356 PlatoniS‚
428 2308 476 2346 de
495 2312 593 2359 Rep.
614 2311 672 2354 X3
692 2316 729 2345 at
745 2309 776 2344 is

65 2376 213 2420 spedat
228 2368 301 2407 inf.
323 2367 372 2404 ad
392 2381 429 2405 v.
448 2368 705 2415 748.Verum
727 2380 776 2403 ex

65 2429 225 2474 Seneca,
238 2426 288 2465 de
303 2427 385 2464 ritu
396 2434 433 2462 et
446 2427 565 2462 sacris
576 2425 778 2476 AEgyptio-

68 2497 159 2523 rum
173 2487 283 2523 Serv.
303 2496 393 2534 sup.
414 2483 462 2521 ad
481 2498 518 2522 v.
548 2497 561 2520 1
574 2484 624 2527 54
646 2491 779 2519 narrat

69 2554 175 2590 rem,
196 2555 285 2594 quae
312 2540 396 2579 hnc
421 2543 601 2579 revocari
629 2541 775 2591 possit:

71 2601 106 2639 οἰ
155 2599 322 2638 cadaver
355 2599 401 2637 in
445 2598 573 2636 fluvio
607 2611 779 2635 mersum

831 1567 939 1616 jecti‚
949 1565 1151 1610 summoti,
1165 1563 1426 1606 recessissent,
1439 1573 1546 1597 nunc

835 1623 995 1662 admissi
1017 1631 1055 1660 et
1074 1622 1223 1672 recepti
1238 1621 1374 1656 visunt
1392 1626 1546 1668 stagna,

835 1682 1099 1730 trajiciuntur.
1120 1681 1221 1717 Mox
1233 1674 1289 1714 aff
1297 1690 1335 1714 v.
1358 1677 1437 1713 332
1449 1674 1537 1711 Mul
1544 1696 1557 1702 -

837 1749 880 1776 ta
906 1748 1057 1789 putans
1069 1766 1081 1782 ‚
1109 1738 1211 1774 miro
1249 1735 1429 1772 acumine
1459 1733 1546 1769 Ser·

836 1797 955 1834 vius:
980 1814 999 1828 α
1017 1797 1122 1833 Bene
1155 1794 1310 1838 animo,
1347 1790 1458 1841 quasi
1493 1790 1550 1825 rei

838 1866 1041 1904 praesag03
1070 1853 1153 1902 ipse
1188 1851 1294 1888 enim
1323 1851 1464 1885 AEneas
1491 1847 1551 1882 in-

838 1910 1018 1960 sepultus
1034 1909 1179 1956 jacebit
1193 1935 1203 1953 ,
1217 1914 1263 1943 ut
1280 1908 1350 1951 IV,
1369 1905 1452 1941 620
1474 1915 1552 1938 me-

840 1967 988 2015 diaque
1000 1965 1225 2001 inhumatus
1238 1960 1547 1998 arena.»-—333

841 2023 1005 2059 —336.
1039 2024 1099 2058 De
1125 2021 1187 2057 his
1218 2033 1258 2058 v.
1289 2031 1376 2068 sup.
1403 2019 1444 2061 1,
1471 2018 1548 2053 113

840 2093 924 2129 sqq.
938 2101 995 2107 ——
1007 2080 1101 2122 334.
1125 2075 1356 2128 Leucapsim
1369 2103 1381 2119 ‚
1406 2076 1551 2111 Lucas·

835 2136 909 2186 pin
924 2164 935 2179 ,
961 2137 1149 2171 Orontem
1182 2143 1219 2169 et
1256 2135 1297 2168 in
1331 2131 1451 2169 Goth.
1487 2144 1548 2182 pr.

846 2195 1023 2229 Oronten
1042 2190 1207 2235 refinxi‚
1228 2199 1271 2227 ut
1293 2191 1310 2226 1
1324 2217 1334 2234 ‚
1359 2202 1374 2225 1
1388 2202 1403 2225 1
1416 2189 1436 2225 3
1455 2196 1550 2232 erat,

843 2259 887 2287 ut
899 2251 974 2287 sibi
987 2257 1182 2287 constaret
1197 2248 1326 2285 lectio.
1348 2247 1549 2283 Honorem

845 2308 1039 2346 aberrant.

905 2367 983 2413 337
1007 2379 1091 2416 sqq.
1120 2363 1328 2402 Palinurus
1351 2361 1552 2399 manifeste

843 2437 893 2461 ex
909 2425 1122 2462 Homerico
1139 2421 1336 2472 Elpenore
1353 2418 1557 2456 adumbra-

847 2491 907 2534 tus
943 2480 1086 2533 Odyss.
1122 2483 1171 2527 λ,
1202 2481 1249 2517 51
1286 2491 1370 2529 sqq.
1408 2476 1554 2526 Libyco

844 2552 982 2584 cursu,
1007 2539 1258 2589 navigatione
1284 2536 1333 2573 de
1357 2534 1557 2585 Carthagi--

848 2611 919 2642 ne,
937 2605 1027 2648 post
1045 2596 1259 2634 discessum
1279 2603 1410 2631 tamen
1429 2605 1480 2629 ex
1498 2593 1554 2630 Si·

73 2658 274 2708 periisset,
302 2669 377 2695 nec
400 2657 666 2703 inveniretur,
689 2665 783 2706 post
849 2655 958 2701 cilia3
997 2654 1103 2693 haud
1131 2653 1251 2703 longe
1292 2665 1312 2689 a
1348 2650 1559 2690 Sirenussis

75 2724 234 2753 centum
253 2714 294 2754 ei
301 2727 430 2752 annos
442 2713 585 2752 ultima
594 2713 779 2765 persolvi.

77 2773 232 2823 Stagna
244 2772 413 2812 revisum
432 2785 446 2811 .-
464 2786 591 2824 quum
611 2781 700 2811 ante
725 2785 784 2809 re·

849 2712 1000 2752 insulis.
1021 2727 1059 2752 v.
1079 2725 1168 2762 sup.
1191 2713 1244 2757 V,
1257 2710 1332 2748 sub
1353 2709 1380 2747 f.
1393 2731 1452 2738 --
1466 2708 1558 2750 340.

852 2773 899 2811 In
923 2771 1061 2810 umbra
1074 2798 1085 2818 ‚
1102 2768 1210 2821 quod
1229 2782 1266 2808 v.
1288 2769 1368 2814 452
1386 2763 1562 2816 agnovit-
