1767 3054
167 147 248 191 294

794 136 1038 173 AENEIDOS

168 214 486 276 stringentem
506 209 657 273 ripas,
686 217 731 255 et
751 207 946 271 pinguia
970 207 1096 254 culta
1120 217 1378 269 secantem,

171 288 409 336 Caeruleus
429 284 661 348 Thybris,
687 282 805 329 coelo
828 284 1118 346 gratissimus
1143 286 1306 332 amnis.

171 367 262 415 Hic
283 364 399 411 mihi
422 380 590 426 magna
617 362 808 420 domuS,
832 362 964 408 celsis
989 375 1131 425 caput
1154 362 1379 420 urbibus,
1403 360 1513 408 exit.
1537 381 1556 404 »
1625 374 1665 403 65

237 443 391 500 Dixit,
418 440 587 488 deinde
608 437 716 484 lacu
739 435 910 482 fluvius
935 453 983 482 se
1008 437 1221 485 condidit
1243 440 1360 498 alt0,

171 525 270 569 Ima
295 532 471 583 petens.
501 521 611 564 Nox
637 517 817 560 AEnean
836 528 1121 576 somnusque
1145 517 1335 581 reli-quit
1360 534 1370 561 :

171 597 354 658 Surgit,
379 606 447 651 ct,
469 589 651 638 aetherii
675 599 889 652 spectans
909 589 1110 635 orientia
1133 592 1243 637 solis

168 670 391 726 Lumina,
413 669 502 713 rite
523 667 650 713 cavis
676 665 851 710 undam
877 665 935 710 de
959 665 1152 711 flumine
1176 667 1342 728 palmis

169 748 390 805 Sustulit,
418 763 471 791 ac
497 745 599 790 talis
624 742 826 789 effundit
847 742 906 788 ad
930 744 1107 789 aethera
1132 761 1273 791 voces
1296 763 1306 789 ε
1630 769 1667 797 70

171 824 438 888 «Nymphae
450 859 461 881 ,
482 826 741 868 Laurentes
761 822 1019 884 Nymphae,
1039 839 1184 885 genus
1205 824 1421 872 amnibus
1440 826 1566 873 unde
1585 834 1669 880 est,

167 909 358 966 Tuque,
380 918 408 947 o
434 899 619 962 Thybri
640 912 722 945 tuo
747 900 932 962 genitor
957 916 1064 946 cum
1088 900 1282 948 flumine
1303 914 1487 961 sanctO,

169 981 390 1042 Adcipite
402 982 612 1036 AEneau,
639 988 686 1023 et
711 976 901 1024 tandem
925 990 1081 1025 arcete
1105 979 1308 1041 periclis.

172 1165 339 1202 actis.-—
353 1163 421 1199 63.
437 1163 631 1199 Ruentem
643 1161 790 1198 Moret.
809 1173 886 1198 see.

170 1221 279 1273 quod
297 1220 440 1270 probat
470 1220 606 1254 Heius.
629 1226 668 1253 et
695 1217 888 1263 illustrat,

171 1289 218 1317 ut
245 1287 327 1316 erat
353 1278 420 1314 ille
448 1276 583 1326 paullo
604 1275 823 1324 proclivior
839 1274 889 1311 ad

171 1334 382 1387 captandas
416 1334 626 1384 elegantias
659 1333 889 1369 secretiores

172 1405 210 1433 et
244 1393 547 1443 exquisitiore5‚
581 1390 698 1426 etiam
734 1389 806 1426 ubi
837 1389 888 1426 ab

170 1455 331 1503 ingenio
376 1449 580 1500 scriptoris
608 1455 647 1484 et
670 1447 751 1484 loci
779 1455 890 1484 erant

173 1511 321 1547 alienae.
356 1507 431 1547 Sed
455 1507 584 1543 inulto
612 1505 886 1554 probabilius,

168 1567 378 1605 librarium
412 1576 503 1599 casu
532 1564 577 1598 in
610 1561 713 1597 hanc
747 1574 887 1597 vocem

171 1623 356 1663 incidisse
369 1649 379 1667 ,
405 1632 524 1669 quam
542 1625 601 1654 tot
622 1619 718 1655 alios
734 1617 887 1654 codices

170 1695 253 1721 esse
272 1681 518 1730 depravatos.
539 1677 622 1714 Nec
635 1704 645 1722 ‚
665 1674 772 1725 quod
790 1677 887 1711 Bur-

172 1753 308 1777 mann.
344 1736 446 1773 bene
476 1734 658 1779 monuit,
689 1732 890 1783 placidum

173 1799 326 1838 ssunien
359 1794 461 1830 bene
492 1790 640 1827 dicitur
674 1803 800 1827 ruere.
831 1810 889 1818 -—

174 1857 244 1899 64.
271 1847 482 1891 Caemleus.
500 1849 652 1897 Atqui,
676 1847 803 1884 flavus
833 1855 892 1883 est

174 1912 330 1952 Tiberis
345 1938 354 1956 ‚
386 1917 424 1945 et
450 1907 584 1944 luteus
599 1932 608 1950 ,
641 1914 686 1942 ut
709 1905 799 1941 satis
822 1917 891 1941 no-

175 1980 275 2008 tum.
322 1967 482 2006 Scilicet
519 1975 631 2000 nunc
668 1963 743 2000 deo
783 1975 889 1999 com-

173 2040 337 2066 munem
365 2024 581 2062 fluviorum
601 2029 782 2058 naturam
808 2019 887 2059 dat.

175 2086 285 2124 Coelo
300 2081 551 2137 gratissimus
564 2105 574 2124 ‚
594 2075 790 2130 flammam
816 2079 891 2115 etsi

173 2145 320 2182 coelum
337 2153 411 2191 pro
429 2138 654 2175 coelestibus
670 2139 786 2174 Maro
806 2149 891 2173 non

172 2202 409 2251 frequentat.
427 2217 486 2226 -—-
505 2196 575 2232 65.
598 2196 710 2233 Circa
727 2194 796 2230 has
812 2206 892 2230 eas-

175 2260 265 2296 dem
285 2270 373 2295 oras
397 2261 530 2305 surget
548 2251 762 2303 aliquando
782 2264 887 2303 mag-

174 2329 224 2353 na
258 2316 378 2359 urbs,
404 2316 544 2351 Roma.
577 2310 697 2361 Quod
722 2311 766 2346 in
794 2310 890 2346 vati-

177 2373 291 2410 ciniis
311 2372 438 2407 facere
458 2382 543 2405 mos
567 2377 648 2415 est,
672 2381 734 2404 res
756 2367 888 2404 futura

177 2431 340 2468 effertur
366 2436 554 2476 tanquam
583 2438 776 2476 praesens,
803 2424 891 2462 exit

174 2501 250 2538 pro
275 2484 413 2523 exibit.
446 2482 567 2521 celsis
591 2492 713 2533 caput
735 2481 888 2519 urbibus

176 2554 271 2583 nota
299 2543 368 2580 illa
401 2543 554 2592 poetica
583 2542 734 2586 oratio,
768 2553 843 2590 pro
871 2551 881 2577 :

175 2610 296 2652 caput
329 2599 492 2636 urbium.
536 2600 640 2635 Tum
679 2610 722 2634 ea
761 2597 881 2644 urbs,

169 2660 278 2697 dicta
301 2658 439 2695 domus
467 2654 531 2691 dei
558 2655 760 2700 Tiberini,
789 2667 883 2704 qua-

169 2727 287 2756 tenus
317 2715 385 2753 ille
410 2715 454 2750 in
480 2725 525 2749 ea
558 2711 880 2758 consecrabitur,

164 2784 230 2821 et,
258 2782 304 2813 ut
327 2772 448 2819 deuS,
474 2769 640 2808 coletur.
672 2771 733 2807 Sic
766 2768 880 2807 facile

958 1167 1257 1210 componuntur
1302 1160 1431 1197 turbae
1478 1160 1670 1212 interpre-

956 1225 1065 1263 tum,
1119 1230 1214 1267 quas
1251 1217 1316 1253 hic
1365 1230 1670 1255 commemorare

956 1275 1014 1311 nil
1030 1275 1183 1312 attinet.
1214 1275 1350 1311 confer
1378 1277 1665 1314 Burmannum.

955 1352 1013 1360 ·—-
1046 1331 1114 1370 66.
1148 1331 1282 1369 Fluvio
1315 1332 1420 1370 Gud.
1441 1346 1461 1369 a
1480 1346 1584 1371 man.
1605 1347 1667 1384 pr.

955 1390 1048 1426 lacu
1072 1389 1241 1442 etfluvio
1261 1383 1397 1428 Heius.⁴
1426 1390 1673 1441 eonj.;flzwii

956 1448 1064 1495 conj.
1081 1449 1307 1485 Heumann.
1325 1469 1382 1475 —-
1399 1450 1529 1485 Lacus
1547 1449 1576 1487 1.
1596 1462 1670 1498 pro

956 1505 1067 1541 alveo
1081 1532 1091 1550 ‚
1111 1505 1139 1541 l.
1165 1504 1276 1553 quod
1299 1505 1431 1542 malim
1445 1533 1456 1552 ‚
1486 1518 1560 1555 pro
1577 1519 1670 1556 pro-

954 1560 1082 1598 fundo
1093 1589 1104 1607 ‚
1123 1560 1186 1597 vel
1202 1561 1327 1600 fundo
1343 1562 1477 1609 fluvii,
1496 1561 1672 1613 adeoque

953 1631 1027 1668 pro
1051 1619 1138 1668 ipso
1168 1630 1293 1656 amne.

1016 1675 1084 1721 67.
1104 1665 1184 1725 ἐμὲ
1209 1670 1253 1710 δὲ
1282 1673 1424 1730 γλυκὺς
1445 1674 1559 1720 ὕπνος
1583 1674 1671 1719 ἀνῆ-

957 1744 1021 1768 κεν
1046 1734 1209 1770 Homer.
1231 1754 1287 1761 —-
1305 1733 1373 1783 69.
1401 1733 1489 1771 Rite
1519 1735 1670 1771 undam

956 1789 1132 1834 sustulit,
1166 1803 1307 1827 manus
1331 1791 1452 1838 lavit,
1484 1800 1669 1843 tanquam

956 1855 1204 1896 precaturus.
1230 1848 1342 1886 Nihil
1371 1848 1492 1887 aliud.
1516 1871 1575 1878 --
1602 1863 1668 1897 71.

959 1904 1094 1941 Genus
1122 1905 1307 1942 amnibus
1336 1906 1443 1943 unde
1468 1916 1556 1944 est:
1573 1920 1669 1958 qua-

955 1970 1072 1999 tenus
1117 1962 1316 2013 Nymphae
1357 1964 1530 2001 fontium
1578 1974 1670 2002 sunt

956 2019 1051 2057 deae.
1069 2020 1180 2058 Alias
1195 2029 1324 2070 poetae
1339 2021 1466 2074 aliter,
1483 2030 1530 2059 ut
1545 2024 1669 2073 Nym·

955 2077 1045 2128 phae
1074 2080 1153 2115 sint
1183 2078 1416 2117 fluviorum.
1434 2100 1494 2109 —
1515 2092 1581 2127 7²-
1611 2081 1668 2117 Τιι

956 2148 1112 2186 quoque
1145 2135 1265 2183 Tybri
1291 2136 1372 2174 duo
1399 2139 1615 2174 Burmann.
1643 2150 1666 2174 ο

956 2193 1040 2230 aliis
1063 2193 1236 2240 excidit3
1270 2194 1314 2230 in
1343 2191 1458 2232 aliis:
1482 2196 1616 2244 Tuque
1643 2207 1665 2230 o

959 2251 1089 2300 Tybri,
1113 2259 1168 2296 tu,
1195 2264 1232 2295 o,
1254 2265 1317 2302 ap.
1335 2254 1436 2290 Pier.
1451 2259 1491 2288 et
1511 2251 1663 2296 Heius„

955 2308 1066 2358 quod
1083 2309 1279 2359 probabat
1297 2309 1370 2347 Ge.
1395 2309 1547 2347 Fata-ic.
1572 2320 1663 2344 cum

956 2366 1245 2417 Cuninghanm.
1261 2366 1345 2404 Alii
1359 2367 1471 2404 aliter
1485 2364 1660 2403 turbant.

958 2425 995 2461 T
992 2437 1016 2459 ιι
1036 2423 1209 2478 flumine
1235 2422 1384 2461 Thusco
1413 2424 1540 2472 Bigot.
1565 2423 1663 2459 Vul-

954 2489 1040 2531 gata
1074 2490 1131 2519 est
1157 2480 1263 2531 apud
1287 2484 1395 2518 Serv.
1420 2487 1459 2516 et
1480 2479 1660 2517 Mam-ob.

951 2541 1024 2585 VI,
1048 2552 1084 2585 1,
1101 2538 1172 2575 uhi
1190 2537 1303 2588 docet
1319 2550 1371 2573 ex
1386 2536 1517 2574 Ennio
1532 2536 1664 2573 adum-

949 2594 1107 2632 bratum
1123 2608 1204 2632 esse
1219 2607 1390 2631 versum.
1403 2595 1505 2631 Nam
1519 2594 1552 2630 is
1566 2605 1576 2632 ε
1594 2595 1663 2631 Te-

949 2666 1024 2703 que
1039 2660 1164 2702 pater
1193 2650 1371 2688 Tiberine
1395 2659 1462 2687 tuo
1481 2663 1568 2687 cum
1579 2650 1661 2704 flua

949 2710 1056 2747 mine
1084 2717 1222 2746 sancto
1253 2709 1461 2746 cecinerat.
1496 2729 1553 2737 -—-
1590 2709 1657 2756 73.

948 2770 1094 2806 Arcete
1113 2765 1298 2820 periclck,
1323 2765 1487 2804 liberate
1503 2794 1513 2814 ,
1537 2764 1658 2805 finem
