1767 3054
645 127 721 163 AD
751 125 957 162 LIBRUM
990 126 1061 162 VI.
1526 129 1601 164 381

106 208 206 237 mata
223 200 413 253 praeclara
435 197 637 236 mentibus
655 195 878 245 objicienda
892 225 902 244 ,
921 195 970 234 ad
994 197 1219 235 voluntates
1240 197 1426 237 tenendas
1450 208 1489 238 et
1507 201 1619 239 incli-

107 267 281 317 nandas,
314 267 492 318 adeoque
520 265 570 303 ad
592 264 809 303 imbuenda
833 264 1037 318 religionis
1057 272 1096 302 et
1119 266 1278 316 pietatis
1297 279 1415 303 sensu
1443 258 1617 318 pectora.

108 335 167 372 Ita
197 337 304 373 enim
327 342 594 384 attemperatae
617 341 712 370 sunt
732 332 782 369 ab
810 341 957 370 aeterna
985 341 1024 370 et
1054 345 1209 370 summa
1235 334 1372 370 Mente
1396 347 1482 381 res,
1510 344 1554 373 ut
1577 336 1620 373 in

107 403 219 441 omni
239 410 351 441 aetate
373 411 411 440 et
428 404 582 455 generis
601 402 767 439 humani
790 400 1021 439 conditione
1035 429 1046 449 ‚
1076 402 1159 439 sive
1189 401 1299 439 rudis
1327 411 1418 439 aetas
1442 403 1515 449 sit,
1551 417 1622 440 seu

107 471 230 522 magis
257 470 461 522 magisque
484 470 658 521 expolita
673 498 683 516 ‚
703 468 884 520 praesidia
902 470 944 506 in
967 478 1130 520 promtu
1151 470 1231 506 sint
1248 469 1296 506 ad
1313 478 1419 508 recte
1436 469 1621 507 feliciter-

106 550 186 589 que
203 537 401 589 agendum
416 567 426 587 ,
445 538 566 577 modo
583 552 603 575 a
622 538 708 576 solo
728 539 907 588 corporis
925 539 1128 588 animique
1145 551 1264 575 sensu
1277 567 1288 586 ,
1306 538 1426 576 modo
1443 538 1492 575 ab
1509 538 1624 576 intel-

106 603 257 657 ligendi
280 607 433 644 acriore
461 615 500 644 et
528 606 740 644 subtiliore
756 606 822 651 vi,
846 618 866 641 a
896 618 1033 642 rerum
1057 605 1275 642 multarum
1295 607 1549 657 cognitione,
1575 605 1624 642 ab

108 673 260 711 artibus
284 683 323 712 et
349 676 548 722 scientiis,
573 674 773 726 profecta3
802 681 928 724 utque
959 686 1051 710 cum
1080 672 1141 710 his
1161 675 1256 725 ipsis
1276 674 1477 713 bonorum
1499 674 1623 712 malo-

107 753 281 793 rumque
302 757 406 781 nova
424 756 566 796 genera
588 741 802 780 succedant
815 769 826 788 ‚
857 741 1004 792 quibus
1024 742 1146 778 animi
1166 751 1206 778 et
1229 755 1398 793 corpora
1415 756 1624 781 exercean-

108 816 187 846 tur.
206 809 278 846 Illa
307 818 439 848 tamen
458 810 685 861 antiquiora
701 808 1044 860 philosophemata
1060 810 1239 860 accipere
1255 809 1357 847 velle
1375 811 1537 861 proprie
1549 839 1559 857 ‚
1586 820 1624 847 et

107 875 331 924 subtiliter,
356 887 395 916 et
426 878 476 915 ad
506 879 703 929 sequioris
733 878 898 915 Graeciae
917 890 1057 925 usum,
1082 877 1186 915 sorte
1209 877 1307 916 adeo
1327 879 1378 916 ad
1397 880 1524 916 nostri
1543 892 1622 916 ser·

107 945 238 982 monis
269 946 457 996 genium3
485 945 527 982 id
556 958 653 983 vero
680 953 760 991 est,
796 945 1061 996 Pythagorae,
1087 945 1368 997 Empedoclis,
1404 945 1620 991 Heracliti,

106 1010 282 1051 Platonis
304 1013 494 1051 Manibus
516 1014 706 1062 injuriam
722 1014 849 1051 facere
868 1012 945 1065 (1).

165 1082 278 1132 saepe
307 1082 358 1120 ad
389 1082 491 1121 hanc
520 1083 802 1134 cogitationem
825 1081 1023 1119 deductus
1053 1089 1110 1118 est
1132 1082 1311 1126 animus,
1330 1094 1458 1131 quum
1484 1081 1529 1119 in
1546 1080 1624 1119 hoc

106 1146 215 1185 libro
235 1150 536 1202 interpretando
551 1150 858 1196 Cudworthum,
878 1163 971 1187 cum
987 1148 1147 1187 doctiss.
1163 1157 1487 1196 commentatore,
1507 1151 1627 1187 Bruc-

107 1213 331 1268 kerumque
353 1219 608 1270 inspicerem.
632 1221 692 1256 Ita
713 1217 984 1256 Cudworthus
998 1246 1008 1264 ,
1030 1219 1122 1268 qui,
1139 1226 1283 1268 praeter
1303 1218 1468 1254 crassius
1482 1245 1492 1264 ‚
1515 1216 1626 1254 aliud

109 1286 272 1322 tenuius
299 1298 446 1337 eorpus
476 1287 618 1323 animae
642 1285 758 1323 indui
775 1299 797 1323 a
815 1285 1029 1323 Platonicis
1059 1283 1235 1331 viderat,
1267 1284 1344 1322 hoc
1367 1285 1536 1321 interius
1563 1296 1625 1320 ae-

110 1354 216 1390 rium
238 1362 277 1390 et
299 1355 504 1405 spirituale
536 1368 683 1406 corpus
712 1356 756 1392 in
778 1354 994 1407 Virgilium
1019 1353 1214 1391 inferebat
1228 1381 1239 1399 ,
1264 1361 1309 1390 ut
1330 1354 1496 1390 crassius
1522 1352 1627 1390 illud

108 1420 429 1473 integumentum
460 1431 560 1460 esset
597 1422 638 1459 id
653 1450 664 1469 ,
700 1421 808 1473 quod
846 1422 1105 1459 admissorum
1137 1421 1330 1458 scelernm
1364 1433 1503 1471 poenas
1536 1430 1628 1471 post

111 1496 281 1526 mortem
303 1489 410 1536 luat,
436 1499 602 1542 purgata
630 1503 726 1527 vero
758 1492 888 1526 anima
917 1489 1089 1535 defluat,
1117 1498 1163 1526 ut
1190 1490 1321 1525 anima
1343 1500 1451 1525 nunc
1479 1500 1625 1537 corpus

112 1555 329 1594 aethereum
355 1558 456 1596 illud
476 1568 516 1596 et
535 1553 739 1613 αὐγοειδὲς
768 1565 952 1595 ostentet.
976 1556 1244 1595 subtilitatem
1267 1554 1371 1591 hanc
1394 1563 1499 1592 recte
1518 1562 1626 1591 retu-

111 1621 171 1661 dit
195 1624 469 1673 Moshemius‚
498 1639 588 1678 pag.
616 1627 721 1663 1031
739 1653 750 1672 ,
782 1625 905 1669 1045.
930 1625 985 1662 At
1003 1622 1109 1660 idem
1137 1622 1211 1659 alia
1238 1634 1322 1659 non
1341 1623 1477 1659 minus
1501 1621 1626 1658 subti-

110 1693 203 1732 liter
225 1706 346 1744 super
379 1689 530 1748 εἰὸὠλῳ
553 1696 597 1731 in
621 1693 759 1731 inferis
791 1693 889 1730 locis
919 1700 1125 1744 argutatur
1144 1691 1193 1728 ad
1213 1704 1252 1729 v.
1284 1703 1364 1740 292
1388 1689 1429 1727 h.
1448 1689 1477 1728 l.
1492 1717 1503 1736 ,
1529 1689 1626 1726 dum

111 1776 257 1816 eorpus
275 1763 378 1802 illud
396 1763 542 1802 subtile
559 1772 598 1800 et
621 1771 741 1800 tenue
754 1791 765 1810 ‚
785 1761 896 1813 quod
916 1762 1056 1798 animae
1074 1768 1206 1797 manet
1224 1759 1463 1809 implicitum
1475 1785 1486 1804 ,
1509 1758 1629 1794 etiam

112 1843 136 1868 a
165 1844 334 1882 corpore
364 1833 577 1879 sejunctae,
601 1844 674 1880 per
697 1829 878 1867 animum
908 1827 1145 1865 sentientem
1173 1827 1472 1875 interpretatur.
1497 1825 1627 1873 Atqui

112 1898 221 1951 apud
243 1907 379 1950 poetas
393 1926 404 1945 ,
426 1898 554 1935 multo
576 1898 698 1948 magis
717 1896 823 1947 apud
850 1898 1071 1933 Homerum
1088 1923 1097 1940 ‚
1120 1894 1224 1931 ultra
1243 1905 1390 1943 corpus
1414 1901 1532 1929 tenne
1545 1920 1556 1939 ‚
1575 1905 1626 1930 ex

114 1975 246 2004 vetere
277 1975 316 2003 et
348 1966 501 2016 poetica
533 1966 687 2002 ratione
717 1963 819 2001 nihil
849 1972 907 2000 est
942 1961 1223 2014 cogitandum,
1252 1962 1408 2011 quoties
1440 1954 1624 2006 εἴδωλον,

114 2035 295 2073 umbram
308 2063 320 2079 ,
344 2034 495 2072 audias,
516 2034 651 2071 Multo
672 2033 813 2070 melius
835 2031 921 2069 haec
939 2033 963 2069 J
967 2032 1124 2068 ortinus
1144 2029 1332 2080 exposuit
1349 2028 1452 2081 (Siae
1473 2027 1625 2065 Disser-

113 2103 262 2142 tacc'ons
280 2117 386 2154 upon
407 2101 602 2155 different
625 2100 801 2151 Subsects
819 2114 907 2151 pag.
928 2100 1010 2137 216
1034 2097 1154 2149 sqq.)‚
1175 2099 1246 2148 qui
1261 2097 1363 2134 nihil
1379 2098 1463 2147 ipse
1483 2097 1532 2134 ab
1549 2097 1627 2134 ini-

117 2172 174 2208 tio
193 2172 325 2209 statim
348 2172 465 2222 ponit
479 2199 490 2217 ‚
517 2169 585 2206 sed
607 2169 878 2206 annumeratis
896 2167 995 2205 locis
1018 2166 1265 2210 Homericis,
1296 2163 1394 2215 quid
1420 2163 1513 2200 inde
1541 2162 1629 2201 effl-

117 2240 246 2276 ciatur
258 2267 270 2285 ‚
296 2237 426 2275 docet.
444 2238 637 2274 Animum
657 2238 943 2286 incorporeum
958 2262 968 2279 ‚
989 2242 1057 2270 aut
1077 2245 1222 2282 corpus
1238 2259 1248 2277 ,
1264 2230 1375 2281 quod
1394 2231 1537 2267 animis
1555 2244 1630 2282 pro

118 2305 305 2344 vehiculo
335 2306 408 2351 sit,
441 2307 638 2356 cogitare,
671 2318 810 2341 eorum
847 2311 1071 2352 temporum
1100 2300 1388 2349 hominumque
1419 2301 1630 2337 inventum

118 2385 177 2414 est
191 2404 201 2423 ,
219 2376 290 2427 qui
313 2374 360 2412 de
379 2375 604 2412 animorum
631 2374 783 2410 naturis
806 2372 885 2420 jam
905 2369 955 2406 ab
977 2370 1109 2420 aliquo
1128 2368 1222 2406 inde
1244 2376 1422 2419 tempore
1444 2367 1632 2406 subtilius

120 2445 347 2495 disputare,
371 2452 409 2480 et
428 2441 477 2479 ad
501 2443 689 2489 majorem
714 2441 928 2478 verborum
959 2438 1217 2475 subtilitatem
1241 2438 1462 2475 orationem
1491 2450 1630 2475 acuere

121 2511 355 2550 didicerant,
377 2515 433 2548 At
456 2519 606 2547 veteres
635 2510 699 2545 isti
719 2510 899 2546 contenti
919 2515 1053 2552 erant,
1078 2519 1138 2542 res
1165 2504 1214 2542 ad
1236 2517 1398 2543 sensum
1418 2518 1604 2544 revocare
1619 2533 1630 2552 ‚

184 2655 246 2710 (r)
286 2657 496 2696 Meliorem
536 2657 639 2693 viam
678 2655 843 2705 ingressi
909 2653 1042 2704 phiam
1074 2652 1260 2691 subtilius
1291 2664 1533 2703 exposuere,
1566 2653 1627 2689 in-

128 2722 243 2761 sunt,
271 2716 340 2765 qui
358 2724 450 2766 post
478 2716 551 2751 ista
571 2713 706 2750 saeculi
734 2714 843 2749 Lxx
909 2713 1047 2762 primis
1070 2713 1162 2751 VV.
1188 2712 1269 2751 CC.
1292 2711 1464 2749 Meiners
1479 2718 1519 2749 et
1544 2710 1630 2748 Tie-

130 2784 237 2810 anno
276 2774 422 2824 scripta
459 2781 631 2810 veterem
667 2770 843 2822 philoso-
910 2769 1074 2808 deman.
