1767 3054
218 161 298 209 ³78
795 155 1070 195 ExCURSUs
1101 157 1138 192 v

218 237 290 274 lib.
324 236 383 273 VI
401 241 440 272 et
461 246 523 285 pr.
556 232 635 270 VII
666 230 861 270 meminit.
886 233 945 268 De
965 244 1042 281 qua
1070 242 1159 282 quae
1185 232 1291 267 varie
1309 242 1330 266 a
1360 227 1562 267 veteribus
1584 226 1725 267 tradita

223 310 354 353 erant,
373 302 583 355 diligenter
603 308 789 352 congesta
807 298 924 336 video
946 311 966 335 a
983 298 1142 336 Cluver.
1159 299 1241 345 ΙΙΙ,
1269 310 1318 336 10
1331 325 1342 345 ,
1363 310 1404 348 p.
1432 295 1555 335 1065.

874 467 1093 478 -———-

667 610 1146 678 EXCURSUS
1195 610 1280 676 V.

537 804 889 860 Animarum
920 804 1167 878 origines
1197 811 1253 856 et
1259 800 1419 873 fata.

284 968 365 1014 VI,
403 962 645 1013 724-751,
674 963 750 1001 Hic
775 962 854 1011 jam
887 960 1090 1000 manifeste
1111 969 1229 1013 poeta
1257 968 1435 999 veterum
1462 960 1723 1014 philosopho·

228 1047 330 1081 rum,
349 1033 532 1084 inprimis
544 1031 889 1083 Pythagoreorum
906 1038 945 1068 et
956 1029 1254 1069 Platonicorum
1266 1027 1486 1083 doctrinam
1499 1027 1723 1080 (indoctum

230 1104 336 1140 enim
359 1109 417 1139 est
444 1108 737 1147 commentum,
762 1098 872 1150 quod
894 1112 945 1137 ex
971 1099 1107 1138 Servio
1137 1098 1331 1145 afferunt,
1363 1097 1412 1134 ab
1441 1098 1615 1148 Epicuro
1640 1097 1725 1135 haec

229 1182 311 1206 esse
330 1169 466 1219 petita.
491 1167 597 1206 conf.
616 1169 711 1207 Not.
744 1166 792 1204 ad
820 1180 859 1205 v.
890 1167 971 1204 265
985 1166 1000 1219 )
1016 1194 1026 1214 ‚
1046 1165 1115 1204 sed
1136 1178 1211 1203 suo
1237 1165 1399 1217 ingenio
1423 1172 1462 1202 et
1481 1164 1530 1202 ad
1551 1165 1726 1216 poetices

230 1245 410 1274 naturam
430 1235 725 1274 accommodate
738 1264 748 1282 ‚
773 1236 952 1287 exponit.
983 1234 1059 1274 Sed
1085 1248 1136 1272 ne
1164 1235 1325 1273 Maroni
1340 1232 1553 1271 inferamus
1572 1233 1700 1271 aliena
1713 1261 1724 1279 ‚

229 1313 318 1342 ante
337 1305 470 1342 omnia
489 1304 574 1352 ejus
597 1312 771 1341 mentem
790 1304 1044 1355 exquiramus
1058 1329 1069 1350 ,
1091 1314 1332 1354 quamquam
1344 1300 1387 1338 id
1400 1301 1725 1352 interpretatione

228 1371 399 1409 maxime
415 1370 562 1408 factum
577 1371 658 1419 jam
675 1379 732 1408 est
749 1368 824 1422 (1).

285 1441 335 1476 In
358 1452 434 1477 vss.
459 1446 682 1488 724—727
710 1438 895 1476 animam
917 1438 1056 1477 mundi
1069 1438 1203 1476 omnia
1219 1445 1486 1488 permeantem
1513 1434 1723 1482 describit3

228 1516 347 1554 quam
375 1503 552 1540 aethereae
579 1512 618 1541 et
643 1505 768 1555 igneae
796 1513 948 1542 naturae
977 1505 1188 1542 credidisse
1207 1503 1364 1541 videtur
1380 1502 1512 1556 (certe
1528 1500 1570 1540 τὸ
1591 1499 1721 1544 νοητὸν

229 1569 398 1607 aethereo
433 1581 599 1618 corpore
638 1577 825 1618 tanquam
855 1569 1041 1606 vehiculo
1073 1569 1262 1606 indutum
1293 1570 1466 1606 alienum
1494 1582 1517 1606 a
1544 1570 1722 1607 Maronis

230 1644 361 1673 mente
384 1634 469 1686 est)
490 1648 580 1671 cum
601 1635 826 1673 Stoicorum
850 1643 986 1684 parte;
1007 1648 1100 1671 nam
1117 1649 1157 1673 v.
1183 1636 1263 1682 760
1287 1635 1477 1683 subjicit:
1500 1638 1648 1687 Igneus
1665 1644 1724 1673 esc

228 1702 306 1740 illis
331 1701 452 1753 vigor
479 1711 519 1738 et
544 1701 709 1738 coelescis
727 1700 839 1754 origo
859 1699 1022 1751 (eadem
1045 1702 1183 1752 opinio
1203 1703 1381 1752 exposita
1394 1703 1438 1739 in
1457 1704 1592 1741 Somn.
1614 1702 1719 1753 Scip.

226 1783 289 1820 ap.
310 1769 437 1808 Cicer,
469 1780 503 1805 c.
536 1768 557 1804 3
586 1779 595 1804 :
621 1766 758 1817 hisque
791 1766 949 1804 animus
964 1768 1082 1804 dacus
1105 1777 1166 1806 est
1181 1781 1234 1805 ex
1258 1767 1337 1805 illis
1354 1767 1601 1819 sempiternis
1622 1767 1721 1821 igni-

225 1838 293 1874 bus
305 1864 317 1883 ‚
341 1849 430 1887 quae
449 1834 582 1871 sidera
601 1843 641 1870 et
657 1834 796 1871 stellas
813 1833 1039 1871 vocacis—
1051 1848 1140 1885 quce
1155 1835 1298 1872 divinis
1317 1835 1511 1874 animatae
1532 1836 1721 1875 mentibus

225 1913 297 1941 etc.
311 1902 341 1954 ).
369 1904 511 1939 Ductae
530 1913 581 1937 ex
598 1899 671 1937 hac
697 1899 839 1937 mundi
867 1901 995 1937 anima
1017 1900 1118 1938 vitoe
1137 1900 1387 1938 animantum
1409 1900 1716 1953 hominumque,

224 1984 262 2009 v.
284 1983 303 2017 7
314 1969 364 2006 28
379 1996 389 2015 ‚
411 1981 429 2016 7
440 1981 491 2018 29
512 1966 727 2019 (tanquam
742 1967 945 2018 particulae
966 1967 1162 2018 decerptae
1180 1979 1190 2006 ε
1209 1966 1351 2004 divinoe
1361 1967 1570 2017 particula
1585 1982 1696 2007 auroe
1707 1997 1719 2016 ,

225 2047 270 2075 ut
286 2036 386 2075 adeo
404 2049 474 2087 per
492 2035 594 2072 hanc
613 2035 739 2085 ipsam
756 2047 807 2071 ex
825 2034 959 2071 divina
976 2044 1118 2072 natura
1139 2048 1346 2072 emanasse
1362 2033 1489 2073 videri
1508 2035 1717 2086 debeant).

227 2104 289 2142 Ab
309 2104 384 2141 hac
402 2101 558 2155 origine
575 2102 725 2140 animoe
745 2101 898 2139 vitales
914 2101 1148 2155 (multoque
1172 2102 1270 2141 adeo
1294 2103 1416 2155 magis
1435 2104 1574 2141 animae
1591 2104 1719 2143 homi-

222 2185 320 2209 num
342 2171 494 2209 ratione
514 2168 712 2220 praeditae3
735 2170 881 2220 quibus
909 2171 1084 2220 purioris
1115 2168 1268 2208 aetheris
1295 2183 1387 2221 pars
1419 2170 1546 2208 inesse
1573 2169 1717 2223 debet)

223 2237 371 2275 habent
386 2246 572 2274 naturam
595 2234 810 2273 aetheream
826 2235 841 2288 (
855 2236 904 2274 cf.
927 2236 999 2275 Ge.
1018 2238 1090 2283 IV,
1115 2237 1195 2274 218
1218 2250 1302 2288 sqq.
1319 2264 1330 2285 ‚
1346 2236 1418 2274 uhi
1433 2236 1537 2275 idem
1553 2237 1715 2290 dogma,

223 2304 291 2340 sed
310 2303 422 2341 aliter
440 2302 641 2341 deflexum
662 2303 706 2339 in
721 2302 830 2339 illam
849 2304 1083 2341 sententiam
1096 2331 1107 2350 ‚
1125 2312 1172 2341 ut
1187 2305 1327 2341 animae
1347 2316 1513 2355 corpore
1531 2305 1717 2353 sejunctae

223 2371 412 2416 heroum,
432 2378 527 2421 puta
541 2398 552 2417 ‚
572 2371 794 2421 sapientum
811 2378 850 2407 et
868 2370 1071 2409 bonorum
1088 2371 1266 2409 virorum
1281 2399 1291 2418 ,
1316 2379 1502 2422 tanquam
1523 2385 1574 2408 ex
1597 2370 1714 2420 hujus

224 2439 314 2475 vitae
332 2439 535 2475 sanctitate
547 2439 628 2486 jam
646 2438 736 2474 satis
753 2450 878 2488 purae,
901 2439 944 2474 in
966 2437 1092 2475 sidera
1109 2451 1155 2475 ac
1177 2437 1321 2474 coelum
1340 2439 1600 2488 recipiantur3
1624 2450 1712 2488 quae

217 2507 295 2552 jam
309 2504 586 2558 AEgypu'orum
603 2504 680 2542 fuit
696 2503 879 2542 doctrina
898 2504 947 2542 de
963 2506 1073 2557 puris
1090 2505 1296 2543 animabus
1307 2532 1319 2552 ‚
1336 2503 1553 2543 secundum
1570 2504 1712 2544 sollen-

278 2655 339 2708 (1)
372 2657 625 2707 Disputatum
653 2666 711 2695 est
738 2657 785 2696 de
818 2657 879 2696 his
908 2672 929 2697 a
995 2672 1084 2696 rum
1104 2657 1280 2696 doctrina
1294 2656 1343 2694 de
1363 2657 1440 2694 vita
1453 2664 1491 2694 et
1507 2665 1611 2695 statu
1628 2659 1710 2696 ani-

218 2713 485 2765 XVyttenbach
498 2741 510 2762 ,
541 2714 584 2750 in
623 2716 904 2754 Dissertatione
917 2744 928 2764 ,
994 2729 1148 2753 marum
1162 2724 1251 2767 post
1266 2722 1453 2764 mortem,
1470 2727 1576 2754 anno
1598 2716 1701 2766 1787

219 2774 320 2821 Quae
343 2771 462 2810 fuerit
479 2779 657 2810 veterum
674 2772 928 2825 philosopho-
994 2773 1111 2812 edita.
