1767 3054
640 142 715 178 AD
747 141 952 177 LIBRUM
984 144 1075 179 vn.
1524 144 1605 194 393

114 218 274 255 Umbris
293 216 458 254 finitima
474 227 643 266 quaeque
663 214 890 253 infestantes
909 216 1183 266 pervenerint,
1202 229 1274 253 nec
1291 218 1373 267 ipse
1391 218 1609 269 Dionysius

112 284 374 336 habet,quod
399 283 555 330 afferat,
584 296 657 321 nec
690 297 750 320 res
777 298 847 335 per
876 298 916 321 se
950 286 1040 322 satis
1069 282 1116 322 fit
1142 284 1371 335 probabilis.
1392 286 1608 335 Quomodo

112 354 218 390 enim
247 351 295 389 ad
314 352 501 389 ulteriora
532 364 734 401 progressa
766 353 905 403 exigua
936 352 1188 405 Pelasgorum
1212 352 1327 390 turba
1347 365 1418 403 per
1444 362 1501 390 tot
1520 354 1607 391 bar-

112 420 227 457 batos
242 419 413 470 populos
435 418 484 456 ad
503 418 670 456 mediam
686 433 811 470 usque
829 420 978 457 Italiam
1000 430 1204 471 penetrare
1220 421 1437 472 potuisset?
1457 422 1607 458 Verum
1665 444 1670 448 ·

111 498 161 523 ex
178 493 260 523 tota
277 487 462 536 Dionysii
485 486 749 536 disputatione
769 488 860 523 satis
877 497 1057 538 apparet,
1074 488 1148 525 hos
1166 490 1380 526 OEnotrios
1411 501 1502 525 cnm
1527 488 1610 526 Ab·

109 551 354 602 originibus,
374 566 424 589 ex
441 563 568 590 sumta
590 553 658 590 illa
674 554 863 603 opinione
875 582 886 599 ,
909 568 979 590 seu
996 554 1209 605 hypothesi
1224 583 1233 601 ,
1254 568 1274 591 a
1292 556 1442 592 Graecis
1461 558 1609 593 Roma-

110 630 256 655 norum
279 620 442 670 stirpem
474 633 554 657 esse
584 619 852 671 repetendam,
876 622 1127 672 permisceri,
1158 623 1363 672 multoque
1391 624 1504 673 pejus
1533 636 1609 673 pro

108 683 248 721 iisdem
267 684 423 733 haberi3
453 696 497 723 ut
516 687 612 724 mihi
633 687 731 724 adeo
751 689 842 724 satis
860 688 1011 738 liquere
1035 688 1236 735 videatur,
1255 691 1392 740 primae
1413 689 1508 726 huic
1536 691 1607 727 Pe-

111 750 310 802 lasgorum
331 753 498 790 coloniae
516 782 526 799 ‚
548 755 580 790 si
606 753 725 791 modo
748 767 790 790 ea
814 767 992 805 unquam
1012 755 1106 802 fuit,
1127 756 1229 793 nihil
1248 757 1363 806 plane
1395 769 1486 792 cum
1522 755 1607 792 Ab-

111 818 333 869 originibus
359 832 440 857 esse
470 833 709 867 commune,
744 834 817 858 nec
849 823 1063 872 quicquam
1097 823 1267 874 amplius
1302 823 1427 860 teneri
1459 835 1601 872 posse,

110 898 229 935 quam
244 885 346 924 hoc:
369 889 651 939 antiquissimis
667 890 747 937 jam
767 890 1012 939 temporibus
1035 890 1084 927 de
1105 891 1358 942 Pelasgorum
1376 890 1452 927 snb
1473 891 1608 927 OEno-

113 961 176 991 tro
191 953 352 992 sedibus
370 956 412 992 in
429 957 614 995 inferiore
635 958 744 995 Italia
763 959 965 1009 occupatis
984 959 1126 995 famam
1144 960 1264 995 fuisse
1282 959 1386 995 inter
1406 958 1580 995 Graecos.

169 1020 307 1058 Altera
331 1023 584 1074 Pelasgorum
607 1025 783 1070 colonia,
816 1024 891 1062 sub
919 1026 1186 1064 Deucalionea
1207 1034 1386 1076 tempora
1415 1023 1606 1070 deducta,

113 1099 158 1123 ea
179 1096 255 1137 est,
279 1102 300 1126 a
317 1103 394 1140 qua
412 1092 682 1143 Aboriginum
711 1106 802 1130 cum
823 1094 991 1144 Pelasgis
1017 1096 1061 1131 in
1086 1107 1211 1132 unum
1238 1093 1436 1144 populum
1461 1093 1607 1131 coales-

113 1157 288 1194 centium
306 1160 417 1211 origo
436 1160 649 1211 repetenda
664 1160 834 1199 videtur.
853 1163 914 1199 Ex
929 1160 1127 1199 Thessalia
1142 1162 1202 1199 illi
1219 1161 1334 1209 ejecti
1346 1189 1356 1207 ‚
1376 1160 1441 1197 alii
1457 1161 1500 1197 in
1516 1159 1607 1196 alias

113 1232 255 1272 terras,
276 1240 365 1278 pars
385 1241 457 1279 per
474 1230 660 1279 Epirum,
681 1230 842 1267 oraculo
858 1228 1040 1267 Dodonae
1059 1238 1240 1280 accepto,
1261 1228 1369 1280 quod
1389 1230 1505 1266 etiam
1521 1229 1607 1265 Ma-

113 1291 225 1330 crob.
248 1296 267 1330 1
290 1297 368 1332 Sat.
393 1309 413 1342 7
434 1297 590 1341 recitat,
613 1297 773 1333 Ionium
799 1298 1050 1344 trajecerant,
1068 1304 1106 1332 et
1134 1305 1362 1346 tempestate
1384 1297 1539 1341 vexati,
1560 1294 1608 1331 ad

115 1360 259 1396 ostium
286 1361 381 1398 Padi
407 1364 653 1412 Spineticum
681 1363 928 1413 appulerant.
954 1363 1014 1399 Ibi
1035 1376 1125 1414 pars
1153 1372 1277 1400 castra
1305 1370 1343 1400 et
1361 1363 1503 1399 urbem
1522 1375 1608 1398 mu-

115 1427 253 1473 niunt,
289 1429 353 1466 alii
387 1429 435 1466 ad
467 1431 656 1467 interiora
686 1438 798 1467 terrae
832 1439 1023 1478 pergunt,
1049 1439 1088 1464 et
1119 1430 1282 1465 Umbn‘s
1305 1431 1498 1479 primum,
1523 1437 1608 1466 tum

115 1495 402 1547 Aboriginibus
431 1497 637 1543 lacessitis,
672 1496 744 1532 nbi
777 1494 826 1531 ad
857 1495 1043 1532 Cutiliam
1074 1503 1262 1532 eventum
1293 1495 1439 1532 habere
1470 1496 1610 1533 vident

113 1563 227 1599 ,Iovis
255 1562 450 1599 Dodonaei
480 1576 713 1612 responsum
731 1560 853 1607 illud,
886 1573 978 1597 cum
1004 1560 1066 1597 his
1090 1561 1220 1598 foedus
1244 1562 1418 1609 faciunt,
1448 1564 1609 1614 agrique

113 1636 223 1677 parte
253 1637 429 1678 accepta,
472 1628 658 1665 adversus
687 1627 839 1667 Siculos
875 1627 970 1665 belli
1003 1629 1229 1666 societatem
1258 1629 1418 1675 ineunt,
1454 1628 1607 1680 hosque

114 1696 274 1734 taudem
301 1697 351 1734 ab
379 1706 548 1748 utraque
566 1697 721 1735 Tiberis
747 1704 859 1748 parte
877 1695 1036 1732 sedibus
1063 1695 1241 1743 ejiciunt.
1261 1693 1344 1731 vid.
1368 1695 1538 1746 Dionys.
1563 1697 1608 1740 Ι,

118 1764 253 1802 18—2
265 1778 299 1803 1.
325 1764 402 1802 Sed
428 1765 600 1816 Pelasgi,
625 1764 675 1801 ab
704 1765 861 1815 egregio
885 1775 1020 1799 rerum
1048 1760 1338 1810 hominumque
1369 1770 1508 1807 auctu,
1537 1762 1607 1798 ali-

113 1839 263 1880 quanto
285 1839 375 1880 post
391 1832 508 1867 variis
527 1830 813 1867 calamitatibus
830 1837 868 1865 et
884 1827 1194 1865 dissensionibus
1211 1827 1435 1864 domesticis
1451 1829 1583 1879 agitati
1596 1855 1607 1874 ,

112 1899 155 1935 in
177 1898 303 1934 varias
320 1905 450 1947 partes
470 1897 637 1948 dispersi
653 1905 760 1934 sunt.
780 1898 926 1942 Pauci,
946 1896 1016 1946 qui
1035 1904 1321 1942 remanserant,
1338 1896 1607 1947 Aboriginum

112 1967 271 2003 nomini
292 1978 408 2001 suum
429 1964 634 2015 paullatim
652 1964 935 2001 submiserunt.
957 1976 994 2000 v.
1015 1962 1113 2001 ibid.
1135 1962 1183 2000 ad
1201 1976 1234 2000 c.
1258 1964 1325 2000 30.
1343 1964 1609 2000 Accesserant

112 2046 209 2071 mox
228 2032 377 2086 Pelasgi
397 2045 447 2068 ex
474 2030 643 2069 Arcadia
671 2031 746 2068 sub
776 2030 981 2075 Evandro,
1004 2029 1053 2067 de
1072 2030 1220 2079 quibus
1243 2030 1319 2065 alio
1341 2029 1432 2066 loco
1456 2029 1606 2067 videbi-

112 2113 223 2146 mus;
242 2107 326 2137 tuin
352 2099 481 2136 Graeci
501 2111 593 2134 cum
613 2098 782 2135 Hercule
801 2098 959 2148 aliique.
979 2097 1164 2135 Dubitari
1183 2098 1316 2145 itaque
1342 2109 1427 2134 uon
1453 2106 1583 2148 potest
1596 2126 1607 2144 ‚

113 2168 155 2203 in
179 2165 307 2203 media
326 2165 399 2202 hac
423 2164 534 2201 Italia
553 2164 668 2215 (nam
689 2164 737 2201 de
759 2173 932 2201 extrema
956 2164 1064 2200 Italia
1089 2163 1256 2200 coloniis
1284 2164 1516 2200 Graecorum
1538 2177 1606 2201 va-

114 2234 182 2270 riis
206 2231 452 2282 temporibus
478 2241 668 2282 occupata
693 2244 776 2268 non
793 2230 957 2281 agimus)
977 2243 1154 2280 magnam
1171 2229 1439 2280 Aboriginum
1455 2238 1607 2280 partem

113 2298 163 2335 ab
187 2311 233 2335 eo
256 2297 347 2334 inde
370 2305 548 2348 tempore
567 2297 772 2348 Pelasgicae
791 2306 829 2333 et
850 2297 1064 2334 Hellenicae
1087 2296 1203 2332 fuisse
1230 2297 1381 2346 stirpis,
1406 2296 1606 2347 multaque

115 2377 166 2402 ex
196 2365 340 2402 horum
365 2376 544 2400 sermone
564 2372 602 2400 et
624 2363 882 2414 religionibus
901 2363 989 2400 illos
1010 2362 1231 2400 adscivisse.
1260 2364 1352 2411 Quo
1377 2364 1463 2413 ipso
1490 2372 1607 2414 poeta

115 2441 290 2482 paratam
311 2431 431 2469 habet
459 2431 754 2468 excusationem
769 2459 779 2476 ,
806 2430 915 2480 quod
935 2430 1058 2467 multa
1080 2431 1121 2466 in
1143 2429 1204 2466 his
1220 2430 1318 2467 locis
1337 2429 1386 2466 ad
1408 2430 1607 2468 Graecani-

116 2513 200 2537 cam
228 2500 459 2550 religionem
487 2497 671 2542 deflexit3
691 2498 774 2545 ejus
797 2498 903 2534 euim
919 2498 1080 2548 vestigia
1098 2497 1242 2547 passim
1258 2498 1374 2534 etiam
1391 2498 1609 2549 Dionysius

117 2567 349 2619 agnoscebat
364 2595 373 2613 ,
392 2567 572 2617 inprimis
596 2566 755 2602 Faleriis
777 2578 811 2603 c.
833 2578 900 2603 21.

171 2635 255 2673 Nec
284 2643 416 2672 tamen
439 2633 678 2684 Aborigines
707 2641 916 2683 propterea
941 2632 1148 2683 Pelasgicae
1169 2633 1301 2683 stirpis
1322 2632 1526 2671 habendos
1550 2636 1608 2670 vi-

118 2700 203 2737 deri
219 2701 578 2750 pronuntiavimus.
601 2703 719 2738 Recte
733 2728 744 2746 ,
764 2701 797 2736 si
819 2699 916 2750 quid
935 2699 1138 2746 videmus3
1159 2699 1311 2737 faciunt
1333 2701 1439 2737 enim
1462 2700 1583 2737 multa
1597 2727 1607 2744 ,

120 2777 208 2817 quae
223 2763 290 2803 hic
309 2768 481 2806 enarrari
511 2775 738 2818 nequeunt,
765 2767 1036 2814 manifestum,
1063 2766 1303 2818 Aborigines
1325 2765 1375 2804 ad
1401 2769 1607 2803 Ausonum
