<?xml version="1.0" encoding="UTF-8"?>
<!DOCTYPE html PUBLIC "-//W3C//DTD XHTML 1.0 Transitional//EN"
    "http://www.w3.org/TR/xhtml1/DTD/xhtml1-transitional.dtd">
<html xmlns="http://www.w3.org/1999/xhtml" xml:lang="en" lang="en">
 <head>
  <title>
</title>
<meta http-equiv="Content-Type" content="text/html;charset=utf-8" />
  <meta name='ocr-system' content='tesseract 3.04.00' />
  <meta name='ocr-capabilities' content='ocr_page ocr_carea ocr_par ocr_line ocrx_word'/>
</head>
<body>
  <div class='ocr_page' id='page_1' title='image "./operahey03virguoft_0141.png"; bbox 0 0 1767 3054; ppageno 0'>
   <div class='ocr_carea' id='block_1_1' title="bbox 740 107 996 144">
    <p class='ocr_par' dir='ltr' id='par_1_1' title="bbox 740 107 996 144">
     <span class='ocr_line' id='line_1_1' title="bbox 740 107 996 144; baseline 0.004 -1"><span class='ocrx_word' id='word_1_1' title='bbox 740 107 892 143; x_wconf 83' lang='lat' dir='ltr'>LIBER</span> <span class='ocrx_word' id='word_1_2' title='bbox 923 107 996 144; x_wconf 73' lang='lat' dir='ltr'>vl.</span> 
     </span>
    </p>
   </div>
   <div class='ocr_carea' id='block_1_2' title="bbox 1544 111 1614 146">
    <p class='ocr_par' dir='ltr' id='par_1_2' title="bbox 1544 111 1614 146">
     <span class='ocr_line' id='line_1_2' title="bbox 1544 111 1614 146; baseline 0 0"><span class='ocrx_word' id='word_1_3' title='bbox 1544 111 1614 146; x_wconf 77' lang='lat'>131</span> 
     </span>
    </p>
   </div>
   <div class='ocr_carea' id='block_1_3' title="bbox 121 175 1384 390">
    <p class='ocr_par' dir='ltr' id='par_1_3' title="bbox 121 175 1384 390">
     <span class='ocr_line' id='line_1_3' title="bbox 122 175 1384 237; baseline -0.009 -8"><span class='ocrx_word' id='word_1_4' title='bbox 122 185 218 229; x_wconf 82' lang='lat' dir='ltr'>Nec</span> <span class='ocrx_word' id='word_1_5' title='bbox 244 196 357 228; x_wconf 79' lang='lat' dir='ltr'>vcro</span> <span class='ocrx_word' id='word_1_6' title='bbox 381 180 453 226; x_wconf 80' lang='lat' dir='ltr'>hae</span> <span class='ocrx_word' id='word_1_7' title='bbox 472 178 571 224; x_wconf 90' lang='lat' dir='ltr'>sine</span> <span class='ocrx_word' id='word_1_8' title='bbox 594 187 722 222; x_wconf 80' lang='lat' dir='ltr'>sorte</span> <span class='ocrx_word' id='word_1_9' title='bbox 747 175 891 231; x_wconf 83' lang='lat' dir='ltr'>datae,</span> <span class='ocrx_word' id='word_1_10' title='bbox 917 177 1017 220; x_wconf 86' lang='lat' dir='ltr'>sinc</span> <span class='ocrx_word' id='word_1_11' title='bbox 1033 177 1216 237; x_wconf 82' lang='lat' dir='ltr'>judice,</span> <span class='ocrx_word' id='word_1_12' title='bbox 1239 178 1384 225; x_wconf 61' lang='lat' dir='ltr'>sodes,</span> 
     </span>
     <span class='ocr_line' id='line_1_4' title="bbox 122 248 1281 315; baseline -0.009 -11"><span class='ocrx_word' id='word_1_13' title='bbox 122 256 359 315; x_wconf 83' lang='lat' dir='ltr'>Quaesitor</span> <span class='ocrx_word' id='word_1_14' title='bbox 381 252 537 298; x_wconf 88' lang='lat' dir='ltr'>Minos</span> <span class='ocrx_word' id='word_1_15' title='bbox 562 266 730 296; x_wconf 85' lang='lat' dir='ltr'>urnam</span> <span class='ocrx_word' id='word_1_16' title='bbox 754 261 936 308; x_wconf 80' lang='lat' dir='ltr'>movet3</span> <span class='ocrx_word' id='word_1_17' title='bbox 963 248 1039 294; x_wconf 85' lang='lat' dir='ltr'>ille</span> <span class='ocrx_word' id='word_1_18' title='bbox 1063 250 1281 296; x_wconf 83' lang='lat' dir='ltr'>silentum</span> 
     </span>
     <span class='ocr_line' id='line_1_5' title="bbox 121 324 1369 390; baseline -0.006 -12"><span class='ocrx_word' id='word_1_19' title='bbox 121 329 475 390; x_wconf 77' lang='lat' dir='ltr'>conciliumque</span> <span class='ocrx_word' id='word_1_20' title='bbox 498 337 659 384; x_wconf 90' lang='lat' dir='ltr'>vocat,</span> <span class='ocrx_word' id='word_1_21' title='bbox 685 327 900 388; x_wconf 85' lang='lat' dir='ltr'>vitasque</span> <span class='ocrx_word' id='word_1_22' title='bbox 926 336 972 371; x_wconf 87' lang='lat' dir='ltr'>et</span> <span class='ocrx_word' id='word_1_23' title='bbox 997 324 1194 370; x_wconf 82' lang='lat' dir='ltr'>crimina</span> <span class='ocrx_word' id='word_1_24' title='bbox 1219 324 1369 372; x_wconf 83' lang='lat' dir='ltr'><strong>discit.</strong></span> 
     </span>
    </p>
   </div>
   <div class='ocr_carea' id='block_1_4' title="bbox 117 505 834 615">
    <p class='ocr_par' dir='ltr' id='par_1_4' title="bbox 117 505 834 615">
     <span class='ocr_line' id='line_1_6' title="bbox 117 505 833 559; baseline -0.007 -12"><span class='ocrx_word' id='word_1_25' title='bbox 117 509 178 547; x_wconf 73' lang='lat' dir='ltr'>hi·</span> <span class='ocrx_word' id='word_1_26' title='bbox 198 505 438 559; x_wconf 76' lang='lat' dir='ltr'>assignandis</span> <span class='ocrx_word' id='word_1_27' title='bbox 459 513 651 556; x_wconf 85' lang='lat' dir='ltr'>sequutus</span> <span class='ocrx_word' id='word_1_28' title='bbox 669 505 719 542; x_wconf 91' lang='lat' dir='ltr'>sit</span> <span class='ocrx_word' id='word_1_29' title='bbox 738 518 833 556; x_wconf 85' lang='lat' dir='ltr'>poe-</span> 
     </span>
     <span class='ocr_line' id='line_1_7' title="bbox 119 564 834 615; baseline -0.006 -12"><span class='ocrx_word' id='word_1_30' title='bbox 119 574 179 611; x_wconf 89' lang='lat' dir='ltr'>ta,</span> <span class='ocrx_word' id='word_1_31' title='bbox 212 577 294 602; x_wconf 90' lang='lat' dir='ltr'>non</span> <span class='ocrx_word' id='word_1_32' title='bbox 323 564 462 615; x_wconf 85' lang='lat' dir='ltr'>liquet.</span> <span class='ocrx_word' id='word_1_33' title='bbox 491 565 680 614; x_wconf 84' lang='lat' dir='ltr'>Suspicor</span> <span class='ocrx_word' id='word_1_34' title='bbox 706 572 834 600; x_wconf 87' lang='lat' dir='ltr'>tamen</span> 
     </span>
    </p>
   </div>
   <div class='ocr_carea' id='block_1_5' title="bbox 118 622 835 674">
    <p class='ocr_par' dir='ltr' id='par_1_5' title="bbox 118 622 835 674">
     <span class='ocr_line' id='line_1_8' title="bbox 118 622 835 674; baseline -0.004 -14"><span class='ocrx_word' id='word_1_35' title='bbox 118 623 237 660; x_wconf 74' lang='lat' dir='ltr'>fuisse</span> <span class='ocrx_word' id='word_1_36' title='bbox 249 623 541 674; x_wconf 81' lang='lat' dir='ltr'>Pythagoreum</span> <span class='ocrx_word' id='word_1_37' title='bbox 560 622 728 672; x_wconf 85' lang='lat' dir='ltr'>aliquem</span> <span class='ocrx_word' id='word_1_38' title='bbox 745 634 835 658; x_wconf 89' lang='lat' dir='ltr'>anc-</span> 
     </span>
    </p>
   </div>
   <div class='ocr_carea' id='block_1_6' title="bbox 115 680 833 2810">
    <p class='ocr_par' dir='ltr' id='par_1_6' title="bbox 115 680 833 2810">
     <span class='ocr_line' id='line_1_9' title="bbox 122 680 833 731; baseline -0.006 -12"><span class='ocrx_word' id='word_1_39' title='bbox 122 689 267 726; x_wconf 80' lang='lat' dir='ltr'><strong>torem,</strong></span> <span class='ocrx_word' id='word_1_40' title='bbox 289 682 360 731; x_wconf 91' lang='lat' dir='ltr'>qui</span> <span class='ocrx_word' id='word_1_41' title='bbox 376 709 387 727; x_wconf 91' lang='lat'>‚</span> <span class='ocrx_word' id='word_1_42' title='bbox 415 693 505 730; x_wconf 80' lang='lat' dir='ltr'>quae</span> <span class='ocrx_word' id='word_1_43' title='bbox 525 680 589 716; x_wconf 88' lang='lat' dir='ltr'>alii</span> <span class='ocrx_word' id='word_1_44' title='bbox 608 681 833 716; x_wconf 82' lang='lat' dir='ltr'>summatim</span> 
     </span>
     <span class='ocr_line' id='line_1_10' title="bbox 117 738 831 788; baseline -0.006 -10"><span class='ocrx_word' id='word_1_45' title='bbox 117 738 362 786; x_wconf 81' lang='lat' dir='ltr'>extulerant,</span> <span class='ocrx_word' id='word_1_46' title='bbox 394 738 581 775; x_wconf 83' lang='lat' dir='ltr'>subtilius</span> <span class='ocrx_word' id='word_1_47' title='bbox 614 751 831 788; x_wconf 87' lang='lat' dir='ltr'>persequu-</span> 
     </span>
     <span class='ocr_line' id='line_1_11' title="bbox 117 795 831 847; baseline -0.003 -13"><span class='ocrx_word' id='word_1_48' title='bbox 117 805 182 834; x_wconf 83' lang='lat' dir='ltr'>tus</span> <span class='ocrx_word' id='word_1_49' title='bbox 210 805 303 834; x_wconf 80' lang='lat' dir='ltr'>erat.</span> <span class='ocrx_word' id='word_1_50' title='bbox 333 798 372 834; x_wconf 85' lang='lat' dir='ltr'>Si</span> <span class='ocrx_word' id='word_1_51' title='bbox 405 795 666 847; x_wconf 83' lang='lat' dir='ltr'>Empedoclea</span> <span class='ocrx_word' id='word_1_52' title='bbox 697 808 831 846; x_wconf 90' lang='lat' dir='ltr'>super-</span> 
     </span>
     <span class='ocr_line' id='line_1_12' title="bbox 117 852 830 902; baseline -0.003 -10"><span class='ocrx_word' id='word_1_53' title='bbox 117 862 270 900; x_wconf 87' lang='lat' dir='ltr'>essent,</span> <span class='ocrx_word' id='word_1_54' title='bbox 304 852 354 891; x_wconf 84' lang='lat' dir='ltr'>de</span> <span class='ocrx_word' id='word_1_55' title='bbox 381 854 515 891; x_wconf 87' lang='lat' dir='ltr'>multis</span> <span class='ocrx_word' id='word_1_56' title='bbox 539 854 735 902; x_wconf 86' lang='lat' dir='ltr'>judicium</span> <span class='ocrx_word' id='word_1_57' title='bbox 761 866 830 890; x_wconf 82' lang='lat' dir='ltr'>ex-</span> 
     </span>
     <span class='ocr_line' id='line_1_13' title="bbox 117 911 832 963; baseline -0.001 -14"><span class='ocrx_word' id='word_1_58' title='bbox 117 911 291 963; x_wconf 81' lang='lat' dir='ltr'>peditius</span> <span class='ocrx_word' id='word_1_59' title='bbox 315 911 429 950; x_wconf 79' lang='lat' dir='ltr'>foret.</span> <span class='ocrx_word' id='word_1_60' title='bbox 459 914 547 949; x_wconf 87' lang='lat' dir='ltr'>Hoc</span> <span class='ocrx_word' id='word_1_61' title='bbox 575 925 699 949; x_wconf 90' lang='lat' dir='ltr'>unum</span> <span class='ocrx_word' id='word_1_62' title='bbox 729 913 832 948; x_wconf 89' lang='lat' dir='ltr'>inter</span> 
     </span>
     <span class='ocr_line' id='line_1_14' title="bbox 116 969 829 1022; baseline 0 -16"><span class='ocrx_word' id='word_1_63' title='bbox 116 969 295 1022; x_wconf 84' lang='lat' dir='ltr'>infantes</span> <span class='ocrx_word' id='word_1_64' title='bbox 334 979 372 1007; x_wconf 85' lang='lat' dir='ltr'>et</span> <span class='ocrx_word' id='word_1_65' title='bbox 405 970 541 1021; x_wconf 82' lang='lat' dir='ltr'>iniquo</span> <span class='ocrx_word' id='word_1_66' title='bbox 579 969 727 1020; x_wconf 83' lang='lat' dir='ltr'>judicio</span> <span class='ocrx_word' id='word_1_67' title='bbox 763 978 829 1006; x_wconf 86' lang='lat' dir='ltr'>aut</span> 
     </span>
     <span class='ocr_line' id='line_1_15' title="bbox 116 1027 830 1079; baseline -0.003 -14"><span class='ocrx_word' id='word_1_68' title='bbox 116 1041 187 1065; x_wconf 82' lang='lat' dir='ltr'>sua</span> <span class='ocrx_word' id='word_1_69' title='bbox 206 1041 329 1065; x_wconf 84' lang='lat' dir='ltr'>manu</span> <span class='ocrx_word' id='word_1_70' title='bbox 344 1027 598 1079; x_wconf 79' lang='lat' dir='ltr'>interemptos</span> <span class='ocrx_word' id='word_1_71' title='bbox 617 1041 830 1065; x_wconf 90' lang='lat' dir='ltr'>commune</span> 
     </span>
     <span class='ocr_line' id='line_1_16' title="bbox 118 1085 831 1137; baseline -0.003 -14"><span class='ocrx_word' id='word_1_72' title='bbox 118 1085 362 1124; x_wconf 80' lang='lat' dir='ltr'>intercedere</span> <span class='ocrx_word' id='word_1_73' title='bbox 392 1086 573 1132; x_wconf 77' lang='lat' dir='ltr'>videtur,</span> <span class='ocrx_word' id='word_1_74' title='bbox 603 1085 713 1137; x_wconf 91' lang='lat' dir='ltr'>quod</span> <span class='ocrx_word' id='word_1_75' title='bbox 730 1099 831 1122; x_wconf 81' lang='lat' dir='ltr'>moi·-</span> 
     </span>
     <span class='ocr_line' id='line_1_17' title="bbox 117 1143 832 1191; baseline -0.004 -9"><span class='ocrx_word' id='word_1_76' title='bbox 117 1153 195 1182; x_wconf 84' lang='lat' dir='ltr'>tem</span> <span class='ocrx_word' id='word_1_77' title='bbox 210 1144 365 1181; x_wconf 70' lang='lat' dir='ltr'>fatalem</span> <span class='ocrx_word' id='word_1_78' title='bbox 379 1153 689 1191; x_wconf 80' lang='lat' dir='ltr'>anteverterunt,</span> <span class='ocrx_word' id='word_1_79' title='bbox 711 1152 749 1180; x_wconf 89' lang='lat' dir='ltr'>et</span> <span class='ocrx_word' id='word_1_80' title='bbox 764 1143 832 1179; x_wconf 88' lang='lat' dir='ltr'>im-</span> 
     </span>
     <span class='ocr_line' id='line_1_18' title="bbox 117 1201 831 1246; baseline -0.001 -8"><span class='ocrx_word' id='word_1_81' title='bbox 117 1211 276 1238; x_wconf 83' lang='lat' dir='ltr'>matura</span> <span class='ocrx_word' id='word_1_82' title='bbox 311 1211 434 1239; x_wconf 83' lang='lat' dir='ltr'>morte</span> <span class='ocrx_word' id='word_1_83' title='bbox 469 1202 686 1246; x_wconf 70' lang='lat' dir='ltr'>obierunt,</span> <span class='ocrx_word' id='word_1_84' title='bbox 716 1201 831 1238; x_wconf 83' lang='lat' dir='ltr'>adeo-</span> 
     </span>
     <span class='ocr_line' id='line_1_19' title="bbox 116 1260 830 1310; baseline -0.001 -14"><span class='ocrx_word' id='word_1_85' title='bbox 116 1272 194 1310; x_wconf 89' lang='lat' dir='ltr'>que</span> <span class='ocrx_word' id='word_1_86' title='bbox 220 1261 408 1297; x_wconf 85' lang='lat' dir='ltr'>interiora</span> <span class='ocrx_word' id='word_1_87' title='bbox 429 1273 590 1310; x_wconf 89' lang='lat' dir='ltr'>quoque</span> <span class='ocrx_word' id='word_1_88' title='bbox 612 1260 830 1296; x_wconf 85' lang='lat' dir='ltr'>inferorum</span> 
     </span>
     <span class='ocr_line' id='line_1_20' title="bbox 117 1317 829 1369; baseline -0.003 -13.956"><span class='ocrx_word' id='word_1_89' title='bbox 117 1317 269 1369; x_wconf 82' lang='lat' dir='ltr'>ingredi</span> <span class='ocrx_word' id='word_1_90' title='bbox 287 1317 566 1368; x_wconf 87' lang='lat' dir='ltr'>prohibentur.</span> <span class='ocrx_word' id='word_1_91' title='bbox 591 1320 642 1355; x_wconf 58' lang='lat' dir='ltr'><strong>W</strong></span> <span class='ocrx_word' id='word_1_92' title='bbox 646 1317 829 1354; x_wconf 83' lang='lat' dir='ltr'>arburto-</span> 
     </span>
     <span class='ocr_line' id='line_1_21' title="bbox 116 1375 830 1427; baseline -0.001 -16"><span class='ocrx_word' id='word_1_93' title='bbox 116 1388 191 1412; x_wconf 87' lang='lat' dir='ltr'>nus</span> <span class='ocrx_word' id='word_1_94' title='bbox 238 1375 363 1413; x_wconf 84' lang='lat' dir='ltr'>multa</span> <span class='ocrx_word' id='word_1_95' title='bbox 399 1376 490 1412; x_wconf 83' lang='lat' dir='ltr'>satis</span> <span class='ocrx_word' id='word_1_96' title='bbox 530 1384 666 1427; x_wconf 85' lang='lat' dir='ltr'>argute</span> <span class='ocrx_word' id='word_1_97' title='bbox 712 1387 830 1425; x_wconf 86' lang='lat' dir='ltr'>super</span> 
     </span>
     <span class='ocr_line' id='line_1_22' title="bbox 116 1431 829 1470; baseline 0 0"><span class='ocrx_word' id='word_1_98' title='bbox 116 1434 260 1470; x_wconf 77' lang='lat' dir='ltr'><strong>caussis</strong></span> <span class='ocrx_word' id='word_1_99' title='bbox 288 1433 429 1470; x_wconf 86' lang='lat' dir='ltr'>harum</span> <span class='ocrx_word' id='word_1_100' title='bbox 461 1432 613 1470; x_wconf 86' lang='lat' dir='ltr'>sedium</span> <span class='ocrx_word' id='word_1_101' title='bbox 649 1431 829 1470; x_wconf 86' lang='lat' dir='ltr'>datarum</span> 
     </span>
     <span class='ocr_line' id='line_1_23' title="bbox 115 1490 830 1542; baseline -0.003 -14"><span class='ocrx_word' id='word_1_102' title='bbox 115 1492 442 1529; x_wconf 84' lang='lat' dir='ltr'>comminiscitur.</span> <span class='ocrx_word' id='word_1_103' title='bbox 456 1490 563 1529; x_wconf 86' lang='lat' dir='ltr'>Add.</span> <span class='ocrx_word' id='word_1_104' title='bbox 577 1493 601 1528; x_wconf 92' lang='lat' dir='ltr'><strong>J</strong></span> <span class='ocrx_word' id='word_1_105' title='bbox 605 1492 724 1528; x_wconf 88' lang='lat' dir='ltr'>ortin.</span> <span class='ocrx_word' id='word_1_106' title='bbox 738 1490 830 1542; x_wconf 59' lang='lat' dir='ltr'>(Sim</span> 
     </span>
     <span class='ocr_line' id='line_1_24' title="bbox 117 1548 827 1601; baseline 0 -15"><span class='ocrx_word' id='word_1_107' title='bbox 117 1549 220 1587; x_wconf 84' lang='lat' dir='ltr'>Diss.</span> <span class='ocrx_word' id='word_1_108' title='bbox 242 1562 347 1601; x_wconf 82' lang='lat' dir='ltr'>upon</span> <span class='ocrx_word' id='word_1_109' title='bbox 371 1548 559 1601; x_wconf 65' lang='lat' dir='ltr'>defflere-nt</span> <span class='ocrx_word' id='word_1_110' title='bbox 578 1548 764 1600; x_wconf 86' lang='lat' dir='ltr'>subjects,</span> <span class='ocrx_word' id='word_1_111' title='bbox 787 1562 827 1599; x_wconf 89' lang='lat' dir='ltr'>p.</span> 
     </span>
     <span class='ocr_line' id='line_1_25' title="bbox 119 1605 830 1657; baseline -0.003 -12"><span class='ocrx_word' id='word_1_112' title='bbox 119 1608 360 1657; x_wconf 78' lang='lat'><strong>269—272.</strong></span> <span class='ocrx_word' id='word_1_113' title='bbox 375 1605 389 1656; x_wconf 91' lang='lat'>)</span> <span class='ocrx_word' id='word_1_114' title='bbox 406 1606 502 1652; x_wconf 89' lang='lat' dir='ltr'><strong>Sed,</strong></span> <span class='ocrx_word' id='word_1_115' title='bbox 520 1616 565 1644; x_wconf 90' lang='lat' dir='ltr'>ut</span> <span class='ocrx_word' id='word_1_116' title='bbox 583 1607 691 1654; x_wconf 82' lang='lat' dir='ltr'>dixi,</span> <span class='ocrx_word' id='word_1_117' title='bbox 711 1609 743 1644; x_wconf 87' lang='lat' dir='ltr'>si</span> <span class='ocrx_word' id='word_1_118' title='bbox 762 1619 830 1643; x_wconf 89' lang='lat' dir='ltr'>eos</span> 
     </span>
     <span class='ocr_line' id='line_1_26' title="bbox 116 1664 828 1716; baseline -0.001 -13"><span class='ocrx_word' id='word_1_119' title='bbox 116 1665 376 1712; x_wconf 79' lang='lat' dir='ltr'>haberemus,</span> <span class='ocrx_word' id='word_1_120' title='bbox 405 1679 506 1715; x_wconf 89' lang='lat' dir='ltr'>qnos</span> <span class='ocrx_word' id='word_1_121' title='bbox 529 1674 646 1716; x_wconf 81' lang='lat' dir='ltr'>poeta</span> <span class='ocrx_word' id='word_1_122' title='bbox 674 1667 716 1702; x_wconf 91' lang='lat' dir='ltr'>in</span> <span class='ocrx_word' id='word_1_123' title='bbox 740 1665 781 1703; x_wconf 84' lang='lat' dir='ltr'>h.</span> <span class='ocrx_word' id='word_1_124' title='bbox 800 1664 828 1702; x_wconf 88' lang='lat' dir='ltr'>l.</span> 
     </span>
     <span class='ocr_line' id='line_1_27' title="bbox 115 1722 829 1774; baseline -0.004 -12"><span class='ocrx_word' id='word_1_125' title='bbox 115 1732 305 1774; x_wconf 80' lang='lat' dir='ltr'>sequutus</span> <span class='ocrx_word' id='word_1_126' title='bbox 335 1731 418 1769; x_wconf 91' lang='lat' dir='ltr'>est,</span> <span class='ocrx_word' id='word_1_127' title='bbox 456 1724 598 1761; x_wconf 90' lang='lat' dir='ltr'>melius</span> <span class='ocrx_word' id='word_1_128' title='bbox 630 1723 746 1762; x_wconf 85' lang='lat' dir='ltr'>nobis</span> <span class='ocrx_word' id='word_1_129' title='bbox 779 1722 829 1759; x_wconf 88' lang='lat' dir='ltr'>de</span> 
     </span>
     <span class='ocr_line' id='line_1_28' title="bbox 117 1780 828 1832; baseline -0.001 -14"><span class='ocrx_word' id='word_1_130' title='bbox 117 1790 200 1818; x_wconf 89' lang='lat' dir='ltr'>toto</span> <span class='ocrx_word' id='word_1_131' title='bbox 238 1780 316 1819; x_wconf 86' lang='lat' dir='ltr'>hoc</span> <span class='ocrx_word' id='word_1_132' title='bbox 349 1781 690 1832; x_wconf 86' lang='lat' dir='ltr'>philosophemate</span> <span class='ocrx_word' id='word_1_133' title='bbox 732 1794 828 1818; x_wconf 93' lang='lat' dir='ltr'>con-</span> 
     </span>
     <span class='ocr_line' id='line_1_29' title="bbox 117 1838 829 1876; baseline -0.001 -1"><span class='ocrx_word' id='word_1_134' title='bbox 117 1847 247 1876; x_wconf 86' lang='lat' dir='ltr'>staret.</span> <span class='ocrx_word' id='word_1_135' title='bbox 287 1840 348 1876; x_wconf 85' lang='lat' dir='ltr'>De</span> <span class='ocrx_word' id='word_1_136' title='bbox 380 1839 596 1876; x_wconf 86' lang='lat' dir='ltr'>infantibus</span> <span class='ocrx_word' id='word_1_137' title='bbox 637 1838 829 1876; x_wconf 88' lang='lat' dir='ltr'>nonnulla</span> 
     </span>
     <span class='ocr_line' id='line_1_30' title="bbox 118 1892 825 1948; baseline -0.001 -15"><span class='ocrx_word' id='word_1_138' title='bbox 118 1895 185 1933; x_wconf 70' lang='grc' dir='ltr'>οὐκ</span> <span class='ocrx_word' id='word_1_139' title='bbox 210 1892 304 1941; x_wconf 73' lang='grc' dir='ltr'>ἄξια</span> <span class='ocrx_word' id='word_1_140' title='bbox 336 1893 482 1948; x_wconf 59' lang='grc' dir='ltr'>μνήμης</span> <span class='ocrx_word' id='word_1_141' title='bbox 520 1898 563 1932; x_wconf 90' lang='lat' dir='ltr'>in</span> <span class='ocrx_word' id='word_1_142' title='bbox 592 1896 732 1946; x_wconf 79' lang='lat' dir='ltr'>mytho</span> <span class='ocrx_word' id='word_1_143' title='bbox 752 1909 825 1932; x_wconf 89' lang='lat' dir='ltr'>sno</span> 
     </span>
     <span class='ocr_line' id='line_1_31' title="bbox 116 1952 827 2005; baseline -0.004 -14"><span class='ocrx_word' id='word_1_144' title='bbox 116 1954 414 2005; x_wconf 67' lang='lat' dir='ltr'>praetermittere</span> <span class='ocrx_word' id='word_1_145' title='bbox 443 1966 483 1990; x_wconf 84' lang='lat' dir='ltr'>se</span> <span class='ocrx_word' id='word_1_146' title='bbox 516 1952 611 1990; x_wconf 86' lang='lat' dir='ltr'>dicit</span> <span class='ocrx_word' id='word_1_147' title='bbox 641 1953 751 1990; x_wconf 90' lang='lat' dir='ltr'>Plato</span> <span class='ocrx_word' id='word_1_148' title='bbox 778 1952 827 1989; x_wconf 83' lang='lat' dir='ltr'>de</span> 
     </span>
     <span class='ocr_line' id='line_1_32' title="bbox 119 2008 829 2062; baseline -0.006 -12"><span class='ocrx_word' id='word_1_149' title='bbox 119 2015 217 2062; x_wconf 80' lang='lat' dir='ltr'>Rep.</span> <span class='ocrx_word' id='word_1_150' title='bbox 247 2013 307 2048; x_wconf 83' lang='lat' dir='ltr'>xl</span> <span class='ocrx_word' id='word_1_151' title='bbox 333 2010 409 2047; x_wconf 90' lang='lat' dir='ltr'>sub</span> <span class='ocrx_word' id='word_1_152' title='bbox 440 2008 511 2047; x_wconf 82' lang='lat' dir='ltr'>fin.</span> <span class='ocrx_word' id='word_1_153' title='bbox 542 2012 630 2047; x_wconf 83' lang='lat' dir='ltr'>Hoc</span> <span class='ocrx_word' id='word_1_154' title='bbox 659 2011 829 2060; x_wconf 83' lang='lat' dir='ltr'>graviter</span> 
     </span>
     <span class='ocr_line' id='line_1_33' title="bbox 118 2067 828 2117; baseline -0.004 -11"><span class='ocrx_word' id='word_1_155' title='bbox 118 2069 352 2117; x_wconf 84' lang='lat' dir='ltr'>subjicitur,</span> <span class='ocrx_word' id='word_1_156' title='bbox 393 2067 541 2115; x_wconf 85' lang='lat' dir='ltr'>judicia</span> <span class='ocrx_word' id='word_1_157' title='bbox 581 2067 727 2104; x_wconf 87' lang='lat' dir='ltr'>horum</span> <span class='ocrx_word' id='word_1_158' title='bbox 767 2069 828 2104; x_wconf 88' lang='lat' dir='ltr'>in-</span> 
     </span>
     <span class='ocr_line' id='line_1_34' title="bbox 118 2125 832 2164; baseline -0.007 1"><span class='ocrx_word' id='word_1_159' title='bbox 118 2129 293 2164; x_wconf 77' lang='lat' dir='ltr'>sontium</span> <span class='ocrx_word' id='word_1_160' title='bbox 326 2126 600 2163; x_wconf 77' lang='lat' dir='ltr'>damnatorum</span> <span class='ocrx_word' id='word_1_161' title='bbox 630 2125 832 2161; x_wconf 84' lang='lat' dir='ltr'>retractari</span> 
     </span>
     <span class='ocr_line' id='line_1_35' title="bbox 119 2182 831 2229; baseline -0.003 -9"><span class='ocrx_word' id='word_1_162' title='bbox 119 2198 138 2220; x_wconf 85' lang='lat' dir='ltr'>a</span> <span class='ocrx_word' id='word_1_163' title='bbox 156 2186 306 2222; x_wconf 83' lang='lat' dir='ltr'>Minoe.</span> <span class='ocrx_word' id='word_1_164' title='bbox 320 2183 491 2229; x_wconf 64' lang='lat' dir='ltr'>Simodo</span> <span class='ocrx_word' id='word_1_165' title='bbox 507 2196 642 2219; x_wconf 82' lang='lat' dir='ltr'>versus</span> <span class='ocrx_word' id='word_1_166' title='bbox 657 2182 716 2220; x_wconf 86' lang='lat' dir='ltr'>illi</span> <span class='ocrx_word' id='word_1_167' title='bbox 734 2184 784 2227; x_wconf 78' lang='lat'>43</span> <span class='ocrx_word' id='word_1_168' title='bbox 796 2195 831 2223; x_wconf 84' lang='lat'>1,</span> 
     </span>
     <span class='ocr_line' id='line_1_36' title="bbox 122 2239 832 2291; baseline -0.006 -11"><span class='ocrx_word' id='word_1_169' title='bbox 122 2244 202 2287; x_wconf 74' lang='lat'>432</span> <span class='ocrx_word' id='word_1_170' title='bbox 220 2270 231 2289; x_wconf 97' lang='lat'>,</span> <span class='ocrx_word' id='word_1_171' title='bbox 253 2243 332 2286; x_wconf 71' lang='lat'>433</span> <span class='ocrx_word' id='word_1_172' title='bbox 349 2270 360 2286; x_wconf 96' lang='lat'>,</span> <span class='ocrx_word' id='word_1_173' title='bbox 383 2254 524 2291; x_wconf 88' lang='lat' dir='ltr'>parum</span> <span class='ocrx_word' id='word_1_174' title='bbox 548 2239 758 2277; x_wconf 87' lang='lat' dir='ltr'>commodo</span> <span class='ocrx_word' id='word_1_175' title='bbox 777 2240 832 2277; x_wconf 92' lang='lat' dir='ltr'>lo-</span> 
     </span>
     <span class='ocr_line' id='line_1_37' title="bbox 120 2298 832 2350; baseline -0.003 -13"><span class='ocrx_word' id='word_1_176' title='bbox 120 2313 168 2338; x_wconf 87' lang='lat' dir='ltr'>co</span> <span class='ocrx_word' id='word_1_177' title='bbox 198 2300 444 2350; x_wconf 83' lang='lat' dir='ltr'>interpositi,</span> <span class='ocrx_word' id='word_1_178' title='bbox 475 2298 523 2335; x_wconf 86' lang='lat' dir='ltr'>ad</span> <span class='ocrx_word' id='word_1_179' title='bbox 559 2300 738 2348; x_wconf 78' lang='lat' dir='ltr'>proxime</span> <span class='ocrx_word' id='word_1_180' title='bbox 765 2311 832 2348; x_wconf 85' lang='lat' dir='ltr'>ap-</span> 
     </span>
     <span class='ocr_line' id='line_1_38' title="bbox 118 2356 830 2409; baseline -0.003 -14"><span class='ocrx_word' id='word_1_181' title='bbox 118 2359 292 2409; x_wconf 84' lang='lat' dir='ltr'>positum</span> <span class='ocrx_word' id='word_1_182' title='bbox 324 2370 481 2393; x_wconf 84' lang='lat' dir='ltr'>versum</span> <span class='ocrx_word' id='word_1_183' title='bbox 510 2357 592 2393; x_wconf 84' lang='lat' dir='ltr'>Hos</span> <span class='ocrx_word' id='word_1_184' title='bbox 612 2356 737 2407; x_wconf 76' lang='lat' dir='ltr'>juxta</span> <span class='ocrx_word' id='word_1_185' title='bbox 771 2369 830 2393; x_wconf 90' lang='lat' dir='ltr'>re-</span> 
     </span>
     <span class='ocr_line' id='line_1_39' title="bbox 119 2413 831 2453; baseline -0.003 -1"><span class='ocrx_word' id='word_1_186' title='bbox 119 2413 302 2453; x_wconf 77' lang='lat' dir='ltr'>trahendi</span> <span class='ocrx_word' id='word_1_187' title='bbox 345 2423 450 2453; x_wconf 82' lang='lat' dir='ltr'>sunt.</span> <span class='ocrx_word' id='word_1_188' title='bbox 493 2414 692 2451; x_wconf 80' lang='lat' dir='ltr'>Videntur</span> <span class='ocrx_word' id='word_1_189' title='bbox 725 2415 831 2451; x_wconf 86' lang='lat' dir='ltr'>enim</span> 
     </span>
     <span class='ocr_line' id='line_1_40' title="bbox 119 2471 832 2524; baseline -0.003 -14"><span class='ocrx_word' id='word_1_190' title='bbox 119 2486 191 2524; x_wconf 78' lang='lat' dir='ltr'>per</span> <span class='ocrx_word' id='word_1_191' title='bbox 219 2471 473 2524; x_wconf 80' lang='lat' dir='ltr'>parenthesin</span> <span class='ocrx_word' id='word_1_192' title='bbox 501 2474 635 2523; x_wconf 87' lang='lat' dir='ltr'>potius</span> <span class='ocrx_word' id='word_1_193' title='bbox 653 2473 832 2519; x_wconf 82' lang='lat' dir='ltr'>interjec-</span> 
     </span>
     <span class='ocr_line' id='line_1_41' title="bbox 120 2530 831 2581; baseline -0.003 -13"><span class='ocrx_word' id='word_1_194' title='bbox 120 2531 174 2575; x_wconf 88' lang='lat' dir='ltr'>ti,</span> <span class='ocrx_word' id='word_1_195' title='bbox 206 2530 254 2568; x_wconf 87' lang='lat' dir='ltr'>ad</span> <span class='ocrx_word' id='word_1_196' title='bbox 279 2538 410 2568; x_wconf 86' lang='lat' dir='ltr'>totum</span> <span class='ocrx_word' id='word_1_197' title='bbox 429 2530 507 2567; x_wconf 88' lang='lat' dir='ltr'>hoc</span> <span class='ocrx_word' id='word_1_198' title='bbox 533 2543 680 2581; x_wconf 80' lang='lat' dir='ltr'>genus,</span> <span class='ocrx_word' id='word_1_199' title='bbox 715 2531 831 2567; x_wconf 86' lang='lat' dir='ltr'>etiam</span> 
     </span>
     <span class='ocr_line' id='line_1_42' title="bbox 120 2586 831 2639; baseline -0.003 -14"><span class='ocrx_word' id='word_1_200' title='bbox 120 2587 169 2625; x_wconf 76' lang='lat' dir='ltr'>ad</span> <span class='ocrx_word' id='word_1_201' title='bbox 186 2601 270 2639; x_wconf 76' lang='lat' dir='ltr'>sqq.</span> <span class='ocrx_word' id='word_1_202' title='bbox 286 2615 298 2634; x_wconf 90' lang='lat'>,</span> <span class='ocrx_word' id='word_1_203' title='bbox 324 2597 512 2639; x_wconf 86' lang='lat' dir='ltr'>spectare.</span> <span class='ocrx_word' id='word_1_204' title='bbox 537 2589 623 2625; x_wconf 84' lang='lat' dir='ltr'>Nec</span> <span class='ocrx_word' id='word_1_205' title='bbox 649 2600 750 2624; x_wconf 77' lang='lat' dir='ltr'>vero</span> <span class='ocrx_word' id='word_1_206' title='bbox 769 2586 831 2624; x_wconf 81' lang='lat' dir='ltr'>hae</span> 
     </span>
     <span class='ocr_line' id='line_1_43' title="bbox 120 2644 830 2697; baseline -0.001 -15"><span class='ocrx_word' id='word_1_207' title='bbox 120 2644 205 2683; x_wconf 81' lang='lat' dir='ltr'>sine</span> <span class='ocrx_word' id='word_1_208' title='bbox 225 2654 328 2683; x_wconf 84' lang='lat' dir='ltr'>sorte</span> <span class='ocrx_word' id='word_1_209' title='bbox 344 2645 453 2683; x_wconf 82' lang='lat' dir='ltr'>datoe</span> <span class='ocrx_word' id='word_1_210' title='bbox 466 2673 477 2691; x_wconf 90' lang='lat'>,</span> <span class='ocrx_word' id='word_1_211' title='bbox 496 2645 723 2697; x_wconf 78' lang='lat' dir='ltr'>sinejudice</span> <span class='ocrx_word' id='word_1_212' title='bbox 737 2674 747 2690; x_wconf 91' lang='lat'><strong>‚</strong></span> <span class='ocrx_word' id='word_1_213' title='bbox 772 2659 830 2682; x_wconf 88' lang='lat' dir='ltr'>se-</span> 
     </span>
     <span class='ocr_line' id='line_1_44' title="bbox 121 2701 832 2750; baseline 0 -11"><span class='ocrx_word' id='word_1_214' title='bbox 121 2701 190 2739; x_wconf 80' lang='lat' dir='ltr'>des</span> <span class='ocrx_word' id='word_1_215' title='bbox 216 2716 230 2740; x_wconf 88' lang='lat'><em>:</em></span> <span class='ocrx_word' id='word_1_216' title='bbox 256 2702 335 2740; x_wconf 86' lang='lat' dir='ltr'>hoc</span> <span class='ocrx_word' id='word_1_217' title='bbox 367 2712 444 2749; x_wconf 85' lang='lat' dir='ltr'>est,</span> <span class='ocrx_word' id='word_1_218' title='bbox 476 2716 561 2742; x_wconf 91' lang='lat' dir='ltr'>non</span> <span class='ocrx_word' id='word_1_219' title='bbox 589 2704 672 2740; x_wconf 86' lang='lat' dir='ltr'>sine</span> <span class='ocrx_word' id='word_1_220' title='bbox 700 2703 832 2750; x_wconf 88' lang='lat' dir='ltr'>judice</span> 
     </span>
     <span class='ocr_line' id='line_1_45' title="bbox 124 2759 832 2810; baseline 0.001 -13"><span class='ocrx_word' id='word_1_221' title='bbox 124 2760 262 2798; x_wconf 75' lang='lat' dir='ltr'>sortito</span> <span class='ocrx_word' id='word_1_222' title='bbox 277 2759 394 2809; x_wconf 79' lang='lat' dir='ltr'>dat03</span> <span class='ocrx_word' id='word_1_223' title='bbox 409 2759 475 2799; x_wconf 80' lang='lat' dir='ltr'>sed</span> <span class='ocrx_word' id='word_1_224' title='bbox 492 2760 676 2810; x_wconf 81' lang='lat' dir='ltr'>judicum</span> <span class='ocrx_word' id='word_1_225' title='bbox 692 2761 832 2799; x_wconf 81' lang='lat' dir='ltr'>sortito</span> 
     </span>
    </p>
   </div>
   <div class='ocr_carea' id='block_1_7' title="bbox 892 504 1620 2814">
    <p class='ocr_par' dir='ltr' id='par_1_7' title="bbox 898 504 1620 906">
     <span class='ocr_line' id='line_1_46' title="bbox 901 504 1617 556; baseline 0.001 -12"><span class='ocrx_word' id='word_1_226' title='bbox 901 507 1085 544; x_wconf 85' lang='lat' dir='ltr'>datorum</span> <span class='ocrx_word' id='word_1_227' title='bbox 1116 504 1333 542; x_wconf 87' lang='lat' dir='ltr'>sententiis.</span> <span class='ocrx_word' id='word_1_228' title='bbox 1362 506 1392 542; x_wconf 87' lang='lat' dir='ltr'>E</span> <span class='ocrx_word' id='word_1_229' title='bbox 1419 511 1617 556; x_wconf 76' lang='lat' dir='ltr'>sequenti-</span> 
     </span>
     <span class='ocr_line' id='line_1_47' title="bbox 902 564 1620 613; baseline 0.001 -11"><span class='ocrx_word' id='word_1_230' title='bbox 902 565 977 602; x_wconf 89' lang='lat' dir='ltr'>bus</span> <span class='ocrx_word' id='word_1_231' title='bbox 1004 564 1109 601; x_wconf 85' lang='lat' dir='ltr'>enim</span> <span class='ocrx_word' id='word_1_232' title='bbox 1141 571 1324 613; x_wconf 84' lang='lat' dir='ltr'>apparet,</span> <span class='ocrx_word' id='word_1_233' title='bbox 1366 572 1507 601; x_wconf 83' lang='lat' dir='ltr'>sortem</span> <span class='ocrx_word' id='word_1_234' title='bbox 1537 579 1620 603; x_wconf 81' lang='lat' dir='ltr'>nou</span> 
     </span>
     <span class='ocr_line' id='line_1_48' title="bbox 902 622 1616 672; baseline 0.001 -12"><span class='ocrx_word' id='word_1_235' title='bbox 902 623 951 660; x_wconf 87' lang='lat' dir='ltr'>de</span> <span class='ocrx_word' id='word_1_236' title='bbox 986 624 1067 672; x_wconf 87' lang='lat' dir='ltr'>ipsa</span> <span class='ocrx_word' id='word_1_237' title='bbox 1098 622 1290 658; x_wconf 86' lang='lat' dir='ltr'>sententia</span> <span class='ocrx_word' id='word_1_238' title='bbox 1320 623 1447 672; x_wconf 87' lang='lat' dir='ltr'>accipi</span> <span class='ocrx_word' id='word_1_239' title='bbox 1473 637 1616 672; x_wconf 84' lang='lat' dir='ltr'>posse:</span> 
     </span>
     <span class='ocr_line' id='line_1_49' title="bbox 906 679 1617 732; baseline 0.001 -15"><span class='ocrx_word' id='word_1_240' title='bbox 906 680 1120 732; x_wconf 66' lang='lat' dir='ltr'>Quaesitor,</span> <span class='ocrx_word' id='word_1_241' title='bbox 1148 692 1216 716; x_wconf 89' lang='lat' dir='ltr'>seu</span> <span class='ocrx_word' id='word_1_242' title='bbox 1235 679 1358 726; x_wconf 86' lang='lat' dir='ltr'>judex</span> <span class='ocrx_word' id='word_1_243' title='bbox 1386 682 1617 730; x_wconf 83' lang='lat' dir='ltr'>quaestionis</span> 
     </span>
     <span class='ocr_line' id='line_1_50' title="bbox 901 738 1615 789; baseline -0.001 -12"><span class='ocrx_word' id='word_1_244' title='bbox 901 748 945 777; x_wconf 91' lang='lat' dir='ltr'>ut</span> <span class='ocrx_word' id='word_1_245' title='bbox 965 741 1102 777; x_wconf 81' lang='lat' dir='ltr'>Romae</span> <span class='ocrx_word' id='word_1_246' title='bbox 1122 739 1164 774; x_wconf 92' lang='lat' dir='ltr'>in</span> <span class='ocrx_word' id='word_1_247' title='bbox 1183 749 1317 774; x_wconf 84' lang='lat' dir='ltr'>caussa</span> <span class='ocrx_word' id='word_1_248' title='bbox 1339 738 1495 787; x_wconf 86' lang='lat' dir='ltr'>capitali</span> <span class='ocrx_word' id='word_1_249' title='bbox 1515 752 1615 789; x_wconf 72' lang='lat' dir='ltr'>prze-</span> 
     </span>
     <span class='ocr_line' id='line_1_51' title="bbox 902 796 1617 847; baseline 0 -12"><span class='ocrx_word' id='word_1_250' title='bbox 902 807 989 843; x_wconf 89' lang='lat' dir='ltr'>tor,</span> <span class='ocrx_word' id='word_1_251' title='bbox 1015 797 1082 833; x_wconf 92' lang='lat' dir='ltr'>cui</span> <span class='ocrx_word' id='word_1_252' title='bbox 1101 809 1144 832; x_wconf 90' lang='lat' dir='ltr'>ea</span> <span class='ocrx_word' id='word_1_253' title='bbox 1163 797 1334 846; x_wconf 82' lang='lat' dir='ltr'>quaestio</span> <span class='ocrx_word' id='word_1_254' title='bbox 1357 796 1522 847; x_wconf 85' lang='lat' dir='ltr'>obtigit,</span> <span class='ocrx_word' id='word_1_255' title='bbox 1555 798 1617 835; x_wconf 77' lang='lat' dir='ltr'>vel</span> 
     </span>
     <span class='ocr_line' id='line_1_52' title="bbox 898 853 1618 906; baseline 0.001 -14"><span class='ocrx_word' id='word_1_256' title='bbox 898 856 954 902; x_wconf 88' lang='lat' dir='ltr'>is,</span> <span class='ocrx_word' id='word_1_257' title='bbox 996 855 1062 891; x_wconf 90' lang='lat' dir='ltr'>cui</span> <span class='ocrx_word' id='word_1_258' title='bbox 1096 853 1163 890; x_wconf 84' lang='lat' dir='ltr'>ille</span> <span class='ocrx_word' id='word_1_259' title='bbox 1205 853 1399 906; x_wconf 86' lang='lat' dir='ltr'>delegavit</span> <span class='ocrx_word' id='word_1_260' title='bbox 1435 856 1618 904; x_wconf 79' lang='lat' dir='ltr'>qnaestio—</span> 
     </span>
    </p>

    <p class='ocr_par' dir='ltr' id='par_1_8' title="bbox 899 911 1616 963">
     <span class='ocr_line' id='line_1_53' title="bbox 899 911 1616 963; baseline -0.001 -12"><span class='ocrx_word' id='word_1_261' title='bbox 899 927 1014 959; x_wconf 89' lang='lat' dir='ltr'>nem;</span> <span class='ocrx_word' id='word_1_262' title='bbox 1037 911 1218 949; x_wconf 85' lang='lat' dir='ltr'>adsident</span> <span class='ocrx_word' id='word_1_263' title='bbox 1237 913 1272 949; x_wconf 87' lang='lat' dir='ltr'>ei</span> <span class='ocrx_word' id='word_1_264' title='bbox 1290 911 1442 963; x_wconf 74' lang='lat' dir='ltr'>ludices</span> <span class='ocrx_word' id='word_1_265' title='bbox 1459 913 1616 957; x_wconf 85' lang='lat' dir='ltr'>selecti,</span> 
     </span>
    </p>

    <p class='ocr_par' dir='ltr' id='par_1_9' title="bbox 892 970 1618 2814">
     <span class='ocr_line' id='line_1_54' title="bbox 896 970 1616 1021; baseline 0 -13"><span class='ocrx_word' id='word_1_266' title='bbox 896 973 966 1021; x_wconf 88' lang='lat' dir='ltr'>qui</span> <span class='ocrx_word' id='word_1_267' title='bbox 984 970 1185 1007; x_wconf 70' lang='lat' dir='ltr'>sortitione</span> <span class='ocrx_word' id='word_1_268' title='bbox 1217 970 1416 1007; x_wconf 80' lang='lat' dir='ltr'>nominum</span> <span class='ocrx_word' id='word_1_269' title='bbox 1446 984 1466 1007; x_wconf 85' lang='lat' dir='ltr'>e</span> <span class='ocrx_word' id='word_1_270' title='bbox 1495 970 1616 1008; x_wconf 81' lang='lat' dir='ltr'>decu-</span> 
     </span>
     <span class='ocr_line' id='line_1_55' title="bbox 898 1028 1618 1079; baseline 0 -13"><span class='ocrx_word' id='word_1_271' title='bbox 898 1031 966 1066; x_wconf 88' lang='lat' dir='ltr'>riis</span> <span class='ocrx_word' id='word_1_272' title='bbox 1002 1042 1021 1065; x_wconf 89' lang='lat' dir='ltr'>a</span> <span class='ocrx_word' id='word_1_273' title='bbox 1057 1028 1191 1077; x_wconf 88' lang='lat' dir='ltr'>judice</span> <span class='ocrx_word' id='word_1_274' title='bbox 1241 1030 1473 1079; x_wconf 83' lang='lat' dir='ltr'>quaestionis</span> <span class='ocrx_word' id='word_1_275' title='bbox 1517 1029 1618 1066; x_wconf 83' lang='lat' dir='ltr'>facta</span> 
     </span>
     <span class='ocr_line' id='line_1_56' title="bbox 899 1087 1615 1136; baseline 0 -12"><span class='ocrx_word' id='word_1_276' title='bbox 899 1100 1045 1124; x_wconf 75' lang='lat' dir='ltr'>caussae</span> <span class='ocrx_word' id='word_1_277' title='bbox 1064 1088 1210 1136; x_wconf 89' lang='lat' dir='ltr'>cuique</span> <span class='ocrx_word' id='word_1_278' title='bbox 1228 1087 1497 1136; x_wconf 82' lang='lat' dir='ltr'>contigerunt.</span> <span class='ocrx_word' id='word_1_279' title='bbox 1509 1088 1615 1125; x_wconf 86' lang='lat' dir='ltr'>Hinc</span> 
     </span>
     <span class='ocr_line' id='line_1_57' title="bbox 898 1145 1614 1194; baseline 0 -12"><span class='ocrx_word' id='word_1_280' title='bbox 898 1145 939 1183; x_wconf 89' lang='lat' dir='ltr'>h.</span> <span class='ocrx_word' id='word_1_281' title='bbox 960 1145 1049 1183; x_wconf 86' lang='lat' dir='ltr'>loco</span> <span class='ocrx_word' id='word_1_282' title='bbox 1076 1145 1272 1194; x_wconf 80' lang='lat' dir='ltr'>Quaesitor</span> <span class='ocrx_word' id='word_1_283' title='bbox 1290 1153 1415 1181; x_wconf 78' lang='lat' dir='ltr'>movet</span> <span class='ocrx_word' id='word_1_284' title='bbox 1447 1158 1589 1182; x_wconf 77' lang='lat' dir='ltr'>urnam</span> <span class='ocrx_word' id='word_1_285' title='bbox 1604 1174 1614 1192; x_wconf 94' lang='lat'>‚</span> 
     </span>
     <span class='ocr_line' id='line_1_58' title="bbox 900 1202 1616 1251; baseline -0.001 -10"><span class='ocrx_word' id='word_1_286' title='bbox 900 1205 1065 1241; x_wconf 83' lang='lat' dir='ltr'>sortitur</span> <span class='ocrx_word' id='word_1_287' title='bbox 1086 1202 1264 1251; x_wconf 74' lang='lat' dir='ltr'>judices,</span> <span class='ocrx_word' id='word_1_288' title='bbox 1300 1211 1382 1239; x_wconf 92' lang='lat' dir='ltr'>tum</span> <span class='ocrx_word' id='word_1_289' title='bbox 1413 1204 1506 1240; x_wconf 84' lang='lat' dir='ltr'>citat</span> <span class='ocrx_word' id='word_1_290' title='bbox 1529 1217 1616 1242; x_wconf 81' lang='lat' dir='ltr'>reos</span> 
     </span>
     <span class='ocr_line' id='line_1_59' title="bbox 897 1261 1614 1309; baseline -0.001 -11"><span class='ocrx_word' id='word_1_291' title='bbox 897 1261 944 1298; x_wconf 90' lang='lat' dir='ltr'>ad</span> <span class='ocrx_word' id='word_1_292' title='bbox 962 1261 1157 1309; x_wconf 87' lang='lat' dir='ltr'>judicium</span> <span class='ocrx_word' id='word_1_293' title='bbox 1172 1289 1182 1306; x_wconf 93' lang='lat'>,</span> <span class='ocrx_word' id='word_1_294' title='bbox 1202 1261 1384 1297; x_wconf 79' lang='lat' dir='ltr'>silentum</span> <span class='ocrx_word' id='word_1_295' title='bbox 1406 1261 1614 1298; x_wconf 80' lang='lat' dir='ltr'>concilium</span> 
     </span>
     <span class='ocr_line' id='line_1_60' title="bbox 897 1320 1616 1369; baseline 0.001 -13"><span class='ocrx_word' id='word_1_296' title='bbox 897 1327 1045 1363; x_wconf 78' lang='lat' dir='ltr'>vocat,</span> <span class='ocrx_word' id='word_1_297' title='bbox 1085 1320 1302 1368; x_wconf 88' lang='lat' dir='ltr'>improprie</span> <span class='ocrx_word' id='word_1_298' title='bbox 1341 1331 1415 1368; x_wconf 87' lang='lat' dir='ltr'>pro</span> <span class='ocrx_word' id='word_1_299' title='bbox 1445 1321 1517 1365; x_wconf 87' lang='lat' dir='ltr'>iis,</span> <span class='ocrx_word' id='word_1_300' title='bbox 1546 1321 1616 1369; x_wconf 89' lang='lat' dir='ltr'>qui</span> 
     </span>
     <span class='ocr_line' id='line_1_61' title="bbox 896 1375 1614 1424; baseline 0 -10"><span class='ocrx_word' id='word_1_301' title='bbox 896 1377 960 1414; x_wconf 87' lang='lat' dir='ltr'>die</span> <span class='ocrx_word' id='word_1_302' title='bbox 987 1376 1096 1414; x_wconf 83' lang='lat' dir='ltr'>dicto</span> <span class='ocrx_word' id='word_1_303' title='bbox 1126 1378 1168 1412; x_wconf 92' lang='lat' dir='ltr'>in</span> <span class='ocrx_word' id='word_1_304' title='bbox 1197 1376 1352 1424; x_wconf 87' lang='lat' dir='ltr'>judicio</span> <span class='ocrx_word' id='word_1_305' title='bbox 1385 1375 1516 1414; x_wconf 83' lang='lat' dir='ltr'>adesse</span> <span class='ocrx_word' id='word_1_306' title='bbox 1547 1377 1614 1414; x_wconf 88' lang='lat' dir='ltr'>de-</span> 
     </span>
     <span class='ocr_line' id='line_1_62' title="bbox 896 1434 1614 1485; baseline 0 -13"><span class='ocrx_word' id='word_1_307' title='bbox 896 1436 993 1472; x_wconf 88' lang='lat' dir='ltr'>bent</span> <span class='ocrx_word' id='word_1_308' title='bbox 1022 1443 1066 1472; x_wconf 88' lang='lat' dir='ltr'>ut</span> <span class='ocrx_word' id='word_1_309' title='bbox 1091 1434 1139 1471; x_wconf 90' lang='lat' dir='ltr'>de</span> <span class='ocrx_word' id='word_1_310' title='bbox 1160 1435 1207 1470; x_wconf 89' lang='lat' dir='ltr'>iis</span> <span class='ocrx_word' id='word_1_311' title='bbox 1237 1444 1523 1485; x_wconf 81' lang='lat' dir='ltr'>cognoscatur3</span> <span class='ocrx_word' id='word_1_312' title='bbox 1552 1436 1614 1472; x_wconf 84' lang='lat' dir='ltr'>vi-</span> 
     </span>
     <span class='ocr_line' id='line_1_63' title="bbox 896 1491 1614 1544; baseline 0 -14"><span class='ocrx_word' id='word_1_313' title='bbox 896 1503 1037 1544; x_wconf 84' lang='lat' dir='ltr'>tasque</span> <span class='ocrx_word' id='word_1_314' title='bbox 1060 1501 1099 1529; x_wconf 85' lang='lat' dir='ltr'>et</span> <span class='ocrx_word' id='word_1_315' title='bbox 1119 1491 1283 1528; x_wconf 78' lang='lat' dir='ltr'>crimina</span> <span class='ocrx_word' id='word_1_316' title='bbox 1307 1492 1444 1539; x_wconf 77' lang='lat' dir='ltr'>discit,</span> <span class='ocrx_word' id='word_1_317' title='bbox 1483 1493 1614 1530; x_wconf 89' lang='lat' dir='ltr'>audita</span> 
     </span>
     <span class='ocr_line' id='line_1_64' title="bbox 897 1551 1616 1601; baseline -0.001 -12"><span class='ocrx_word' id='word_1_318' title='bbox 897 1553 1106 1601; x_wconf 85' lang='lat' dir='ltr'>utriusque</span> <span class='ocrx_word' id='word_1_319' title='bbox 1122 1551 1246 1601; x_wconf 86' lang='lat' dir='ltr'>partis</span> <span class='ocrx_word' id='word_1_320' title='bbox 1274 1553 1454 1588; x_wconf 89' lang='lat' dir='ltr'>oratione</span> <span class='ocrx_word' id='word_1_321' title='bbox 1478 1560 1516 1588; x_wconf 88' lang='lat' dir='ltr'>et</span> <span class='ocrx_word' id='word_1_322' title='bbox 1544 1561 1616 1588; x_wconf 84' lang='lat' dir='ltr'>tes-</span> 
     </span>
     <span class='ocr_line' id='line_1_65' title="bbox 899 1608 1615 1660; baseline 0 -14"><span class='ocrx_word' id='word_1_323' title='bbox 899 1609 1003 1646; x_wconf 85' lang='lat' dir='ltr'>tibus</span> <span class='ocrx_word' id='word_1_324' title='bbox 1040 1610 1303 1660; x_wconf 78' lang='lat' dir='ltr'>interrogatiS.</span> <span class='ocrx_word' id='word_1_325' title='bbox 1343 1611 1472 1646; x_wconf 87' lang='lat' dir='ltr'>Locus</span> <span class='ocrx_word' id='word_1_326' title='bbox 1506 1608 1615 1646; x_wconf 85' lang='lat' dir='ltr'>haud</span> 
     </span>
     <span class='ocr_line' id='line_1_66' title="bbox 896 1666 1613 1715; baseline -0.001 -10"><span class='ocrx_word' id='word_1_327' title='bbox 896 1666 1018 1705; x_wconf 86' lang='lat' dir='ltr'>dubie</span> <span class='ocrx_word' id='word_1_328' title='bbox 1064 1669 1169 1704; x_wconf 89' lang='lat' dir='ltr'>inter</span> <span class='ocrx_word' id='word_1_329' title='bbox 1207 1680 1273 1703; x_wconf 92' lang='lat' dir='ltr'>eos</span> <span class='ocrx_word' id='word_1_330' title='bbox 1311 1666 1613 1715; x_wconf 74' lang='lat' dir='ltr'>numerandus,</span> 
     </span>
     <span class='ocr_line' id='line_1_67' title="bbox 899 1724 1612 1777; baseline 0.001 -15"><span class='ocrx_word' id='word_1_331' title='bbox 899 1725 1045 1777; x_wconf 89' lang='lat' dir='ltr'>quibus</span> <span class='ocrx_word' id='word_1_332' title='bbox 1062 1734 1176 1776; x_wconf 89' lang='lat' dir='ltr'>poeta</span> <span class='ocrx_word' id='word_1_333' title='bbox 1199 1727 1418 1762; x_wconf 90' lang='lat' dir='ltr'>Homerum</span> <span class='ocrx_word' id='word_1_334' title='bbox 1446 1724 1509 1776; x_wconf 82' lang='lat' dir='ltr'>(v,</span> <span class='ocrx_word' id='word_1_335' title='bbox 1535 1725 1612 1763; x_wconf 89' lang='lat' dir='ltr'>Od.</span> 
     </span>
     <span class='ocr_line' id='line_1_68' title="bbox 896 1783 1614 1833; baseline -0.003 -12"><span class='ocrx_word' id='word_1_336' title='bbox 896 1787 943 1829; x_wconf 83' lang='grc' dir='ltr'>λ,</span> <span class='ocrx_word' id='word_1_337' title='bbox 972 1784 1049 1830; x_wconf 83' lang='lat'>567</span> <span class='ocrx_word' id='word_1_338' title='bbox 1067 1783 1081 1833; x_wconf 91' lang='lat'><em>)</em></span> <span class='ocrx_word' id='word_1_339' title='bbox 1101 1796 1148 1820; x_wconf 90' lang='lat' dir='ltr'>eo</span> <span class='ocrx_word' id='word_1_340' title='bbox 1172 1784 1289 1829; x_wconf 76' lang='lat' dir='ltr'>vicit,</span> <span class='ocrx_word' id='word_1_341' title='bbox 1316 1783 1424 1833; x_wconf 90' lang='lat' dir='ltr'>quod</span> <span class='ocrx_word' id='word_1_342' title='bbox 1448 1795 1614 1819; x_wconf 89' lang='lat' dir='ltr'>suorum</span> 
     </span>
     <span class='ocr_line' id='line_1_69' title="bbox 897 1842 1614 1890; baseline 0.003 -14"><span class='ocrx_word' id='word_1_343' title='bbox 897 1849 1123 1890; x_wconf 88' lang='lat' dir='ltr'>temporum</span> <span class='ocrx_word' id='word_1_344' title='bbox 1150 1854 1300 1878; x_wconf 85' lang='lat' dir='ltr'>morem</span> <span class='ocrx_word' id='word_1_345' title='bbox 1321 1842 1487 1877; x_wconf 84' lang='lat' dir='ltr'>carmini</span> <span class='ocrx_word' id='word_1_346' title='bbox 1505 1842 1614 1878; x_wconf 88' lang='lat' dir='ltr'>intu-</span> 
     </span>
     <span class='ocr_line' id='line_1_70' title="bbox 892 1898 1613 1943; baseline 0.001 -9"><span class='ocrx_word' id='word_1_347' title='bbox 892 1898 951 1935; x_wconf 87' lang='lat' dir='ltr'>lit.</span> <span class='ocrx_word' id='word_1_348' title='bbox 972 1898 1203 1943; x_wconf 88' lang='lat' dir='ltr'>Claudiani,</span> <span class='ocrx_word' id='word_1_349' title='bbox 1235 1899 1348 1935; x_wconf 86' lang='lat' dir='ltr'>Statii</span> <span class='ocrx_word' id='word_1_350' title='bbox 1383 1907 1422 1935; x_wconf 91' lang='lat' dir='ltr'>et</span> <span class='ocrx_word' id='word_1_351' title='bbox 1453 1901 1613 1935; x_wconf 84' lang='lat' dir='ltr'>Senecae</span> 
     </span>
     <span class='ocr_line' id='line_1_71' title="bbox 894 1954 1616 1992; baseline 0 0"><span class='ocrx_word' id='word_1_352' title='bbox 894 1957 1012 1992; x_wconf 81' lang='lat' dir='ltr'>Herc.</span> <span class='ocrx_word' id='word_1_353' title='bbox 1026 1955 1102 1991; x_wconf 86' lang='lat' dir='ltr'>fur.</span> <span class='ocrx_word' id='word_1_354' title='bbox 1121 1954 1250 1991; x_wconf 85' lang='lat' dir='ltr'>obviae</span> <span class='ocrx_word' id='word_1_355' title='bbox 1269 1963 1362 1991; x_wconf 91' lang='lat' dir='ltr'>sunt</span> <span class='ocrx_word' id='word_1_356' title='bbox 1377 1956 1616 1992; x_wconf 83' lang='lat' dir='ltr'>imitationes</span> 
     </span>
     <span class='ocr_line' id='line_1_72' title="bbox 895 2011 1613 2056; baseline 0 -7"><span class='ocrx_word' id='word_1_357' title='bbox 895 2021 935 2049; x_wconf 87' lang='lat' dir='ltr'>et</span> <span class='ocrx_word' id='word_1_358' title='bbox 953 2025 974 2048; x_wconf 87' lang='lat' dir='ltr'>a</span> <span class='ocrx_word' id='word_1_359' title='bbox 995 2011 1120 2050; x_wconf 78' lang='lat' dir='ltr'>cerda</span> <span class='ocrx_word' id='word_1_360' title='bbox 1138 2020 1296 2049; x_wconf 80' lang='lat' dir='ltr'>notatae.</span> <span class='ocrx_word' id='word_1_361' title='bbox 1312 2034 1372 2041; x_wconf 90' lang='lat'>—-</span> <span class='ocrx_word' id='word_1_362' title='bbox 1392 2013 1489 2056; x_wconf 76' lang='lat'><strong>433.</strong></span> <span class='ocrx_word' id='word_1_363' title='bbox 1512 2012 1613 2049; x_wconf 82' lang='lat' dir='ltr'>Con-</span> 
     </span>
     <span class='ocr_line' id='line_1_73' title="bbox 896 2069 1611 2121; baseline 0.006 -16"><span class='ocrx_word' id='word_1_364' title='bbox 896 2069 1024 2106; x_wconf 81' lang='lat' dir='ltr'>silium</span> <span class='ocrx_word' id='word_1_365' title='bbox 1050 2069 1156 2106; x_wconf 89' lang='lat' dir='ltr'>Gud.</span> <span class='ocrx_word' id='word_1_366' title='bbox 1183 2083 1202 2105; x_wconf 83' lang='lat' dir='ltr'>a</span> <span class='ocrx_word' id='word_1_367' title='bbox 1231 2083 1284 2107; x_wconf 91' lang='lat' dir='ltr'>m.</span> <span class='ocrx_word' id='word_1_368' title='bbox 1313 2084 1373 2120; x_wconf 88' lang='lat' dir='ltr'>pr.</span> <span class='ocrx_word' id='word_1_369' title='bbox 1405 2078 1444 2107; x_wconf 90' lang='lat' dir='ltr'>et</span> <span class='ocrx_word' id='word_1_370' title='bbox 1470 2070 1524 2107; x_wconf 86' lang='lat' dir='ltr'>sic</span> <span class='ocrx_word' id='word_1_371' title='bbox 1550 2083 1611 2121; x_wconf 89' lang='lat' dir='ltr'>pr.</span> 
     </span>
     <span class='ocr_line' id='line_1_74' title="bbox 899 2126 1612 2166; baseline 0.004 -3"><span class='ocrx_word' id='word_1_372' title='bbox 899 2135 938 2163; x_wconf 89' lang='lat' dir='ltr'>et</span> <span class='ocrx_word' id='word_1_373' title='bbox 968 2136 1056 2165; x_wconf 84' lang='lat' dir='ltr'>tert.</span> <span class='ocrx_word' id='word_1_374' title='bbox 1094 2126 1216 2164; x_wconf 79' lang='lat' dir='ltr'>Goth.</span> <span class='ocrx_word' id='word_1_375' title='bbox 1250 2129 1364 2164; x_wconf 68' lang='lat' dir='ltr'>Lexis</span> <span class='ocrx_word' id='word_1_376' title='bbox 1395 2128 1479 2165; x_wconf 82' lang='lat' dir='ltr'>haec</span> <span class='ocrx_word' id='word_1_377' title='bbox 1512 2138 1612 2166; x_wconf 81' lang='lat' dir='ltr'>esset</span> 
     </span>
     <span class='ocr_line' id='line_1_75' title="bbox 899 2184 1612 2231; baseline 0.001 -9"><span class='ocrx_word' id='word_1_378' title='bbox 899 2187 1133 2231; x_wconf 86' lang='lat' dir='ltr'>auctoritas;</span> <span class='ocrx_word' id='word_1_379' title='bbox 1167 2184 1234 2222; x_wconf 89' lang='lat' dir='ltr'>sed</span> <span class='ocrx_word' id='word_1_380' title='bbox 1257 2187 1455 2223; x_wconf 84' lang='lat' dir='ltr'>Asconius</span> <span class='ocrx_word' id='word_1_381' title='bbox 1477 2187 1521 2222; x_wconf 91' lang='lat' dir='ltr'>in</span> <span class='ocrx_word' id='word_1_382' title='bbox 1538 2187 1612 2223; x_wconf 85' lang='lat' dir='ltr'>Ar—</span> 
     </span>
     <span class='ocr_line' id='line_1_76' title="bbox 899 2242 1617 2293; baseline 0.001 -14"><span class='ocrx_word' id='word_1_383' title='bbox 899 2256 1007 2293; x_wconf 83' lang='lat' dir='ltr'>gum.</span> <span class='ocrx_word' id='word_1_384' title='bbox 1025 2245 1067 2280; x_wconf 90' lang='lat' dir='ltr'>in</span> <span class='ocrx_word' id='word_1_385' title='bbox 1080 2246 1193 2281; x_wconf 83' lang='lat' dir='ltr'>Verr.</span> <span class='ocrx_word' id='word_1_386' title='bbox 1212 2242 1260 2280; x_wconf 89' lang='lat' dir='ltr'>de</span> <span class='ocrx_word' id='word_1_387' title='bbox 1281 2246 1394 2281; x_wconf 83' lang='lat' dir='ltr'>Praet.</span> <span class='ocrx_word' id='word_1_388' title='bbox 1410 2243 1500 2282; x_wconf 81' lang='lat' dir='ltr'>urb.</span> <span class='ocrx_word' id='word_1_389' title='bbox 1515 2261 1534 2275; x_wconf 71' lang='lat' dir='ltr'><strong>u</strong></span> <span class='ocrx_word' id='word_1_390' title='bbox 1546 2244 1617 2280; x_wconf 78' lang='lat' dir='ltr'>Ad</span> 
     </span>
     <span class='ocr_line' id='line_1_77' title="bbox 898 2300 1609 2352; baseline 0.003 -16"><span class='ocrx_word' id='word_1_391' title='bbox 898 2300 1005 2338; x_wconf 70' lang='lat' dir='ltr'>lianc</span> <span class='ocrx_word' id='word_1_392' title='bbox 1020 2300 1328 2347; x_wconf 82' lang='lat' dir='ltr'>similitudinem,</span> <span class='ocrx_word' id='word_1_393' title='bbox 1349 2303 1494 2352; x_wconf 85' lang='lat' dir='ltr'>inquit,</span> <span class='ocrx_word' id='word_1_394' title='bbox 1510 2315 1609 2352; x_wconf 88' lang='lat' dir='ltr'>poe-</span> 
     </span>
     <span class='ocr_line' id='line_1_78' title="bbox 899 2358 1609 2411; baseline 0.003 -17"><span class='ocrx_word' id='word_1_395' title='bbox 899 2367 941 2394; x_wconf 85' lang='lat' dir='ltr'>ta</span> <span class='ocrx_word' id='word_1_396' title='bbox 981 2358 1166 2410; x_wconf 78' lang='lat' dir='ltr'>Virgilius</span> <span class='ocrx_word' id='word_1_397' title='bbox 1198 2358 1375 2396; x_wconf 83' lang='lat' dir='ltr'>Minoem</span> <span class='ocrx_word' id='word_1_398' title='bbox 1391 2387 1401 2406; x_wconf 94' lang='lat'>,</span> <span class='ocrx_word' id='word_1_399' title='bbox 1430 2359 1609 2411; x_wconf 83' lang='lat' dir='ltr'>judicem</span> 
     </span>
     <span class='ocr_line' id='line_1_79' title="bbox 898 2415 1607 2468; baseline 0.003 -16"><span class='ocrx_word' id='word_1_400' title='bbox 898 2416 1009 2466; x_wconf 83' lang='lat' dir='ltr'>apud</span> <span class='ocrx_word' id='word_1_401' title='bbox 1026 2415 1197 2468; x_wconf 81' lang='lat' dir='ltr'>inferos,</span> <span class='ocrx_word' id='word_1_402' title='bbox 1232 2425 1427 2467; x_wconf 82' lang='lat' dir='ltr'>tanquam</span> <span class='ocrx_word' id='word_1_403' title='bbox 1453 2417 1486 2454; x_wconf 86' lang='lat' dir='ltr'>si</span> <span class='ocrx_word' id='word_1_404' title='bbox 1503 2431 1607 2467; x_wconf 83' lang='lat' dir='ltr'>prae-</span> 
     </span>
     <span class='ocr_line' id='line_1_80' title="bbox 897 2473 1609 2525; baseline 0.001 -15"><span class='ocrx_word' id='word_1_405' title='bbox 897 2483 960 2510; x_wconf 83' lang='lat' dir='ltr'>tor</span> <span class='ocrx_word' id='word_1_406' title='bbox 974 2473 1024 2511; x_wconf 78' lang='lat' dir='ltr'>sic</span> <span class='ocrx_word' id='word_1_407' title='bbox 1040 2488 1170 2512; x_wconf 86' lang='lat' dir='ltr'>rerum</span> <span class='ocrx_word' id='word_1_408' title='bbox 1189 2474 1437 2524; x_wconf 80' lang='lat' dir='ltr'>capitalium,</span> <span class='ocrx_word' id='word_1_409' title='bbox 1455 2476 1609 2525; x_wconf 84' lang='lat' dir='ltr'>Quaesi-</span> 
     </span>
     <span class='ocr_line' id='line_1_81' title="bbox 898 2531 1607 2583; baseline 0 -15"><span class='ocrx_word' id='word_1_410' title='bbox 898 2539 1023 2569; x_wconf 89' lang='lat' dir='ltr'>torem</span> <span class='ocrx_word' id='word_1_411' title='bbox 1040 2533 1221 2583; x_wconf 80' lang='lat' dir='ltr'>appellat</span> <span class='ocrx_word' id='word_1_412' title='bbox 1235 2546 1249 2569; x_wconf 94' lang='grc'>.·</span> <span class='ocrx_word' id='word_1_413' title='bbox 1275 2531 1348 2569; x_wconf 80' lang='lat' dir='ltr'>dat</span> <span class='ocrx_word' id='word_1_414' title='bbox 1367 2531 1422 2569; x_wconf 82' lang='lat' dir='ltr'>ibi</span> <span class='ocrx_word' id='word_1_415' title='bbox 1439 2531 1607 2569; x_wconf 80' lang='lat' dir='ltr'>sortitio-</span> 
     </span>
     <span class='ocr_line' id='line_1_82' title="bbox 898 2589 1611 2634; baseline 0 -9"><span class='ocrx_word' id='word_1_416' title='bbox 898 2602 1013 2634; x_wconf 82' lang='lat' dir='ltr'>nem,</span> <span class='ocrx_word' id='word_1_417' title='bbox 1039 2590 1105 2627; x_wconf 81' lang='lat' dir='ltr'>ubi</span> <span class='ocrx_word' id='word_1_418' title='bbox 1125 2602 1266 2627; x_wconf 85' lang='lat' dir='ltr'>urnam</span> <span class='ocrx_word' id='word_1_419' title='bbox 1298 2589 1479 2627; x_wconf 82' lang='lat' dir='ltr'>nominat</span> <span class='ocrx_word' id='word_1_420' title='bbox 1499 2603 1513 2625; x_wconf 85' lang='grc'>.-</span> <span class='ocrx_word' id='word_1_421' title='bbox 1536 2590 1611 2626; x_wconf 81' lang='lat' dir='ltr'>dae</span> 
     </span>
     <span class='ocr_line' id='line_1_83' title="bbox 899 2646 1607 2698; baseline 0 -15"><span class='ocrx_word' id='word_1_422' title='bbox 899 2646 1130 2685; x_wconf 82' lang='lat' dir='ltr'>electionem</span> <span class='ocrx_word' id='word_1_423' title='bbox 1149 2647 1328 2698; x_wconf 79' lang='lat' dir='ltr'>J&#39;udicum</span> <span class='ocrx_word' id='word_1_424' title='bbox 1341 2676 1353 2692; x_wconf 90' lang='lat'>,</span> <span class='ocrx_word' id='word_1_425' title='bbox 1392 2661 1510 2698; x_wconf 84' lang='lat' dir='ltr'>quum</span> <span class='ocrx_word' id='word_1_426' title='bbox 1547 2646 1607 2683; x_wconf 83' lang='lat' dir='ltr'>di-</span> 
     </span>
     <span class='ocr_line' id='line_1_84' title="bbox 899 2703 1607 2755; baseline -0.001 -15"><span class='ocrx_word' id='word_1_427' title='bbox 899 2703 953 2740; x_wconf 77' lang='lat' dir='ltr'>cit</span> <span class='ocrx_word' id='word_1_428' title='bbox 978 2719 992 2741; x_wconf 93' lang='lat'>.·</span> <span class='ocrx_word' id='word_1_429' title='bbox 1027 2705 1327 2755; x_wconf 84' lang='lat' dir='ltr'>Consiliumque</span> <span class='ocrx_word' id='word_1_430' title='bbox 1360 2714 1498 2749; x_wconf 87' lang='lat' dir='ltr'>vocat;</span> <span class='ocrx_word' id='word_1_431' title='bbox 1536 2704 1607 2740; x_wconf 57' lang='lat' dir='ltr'>clai</span> 
     </span>
     <span class='ocr_line' id='line_1_85' title="bbox 899 2761 1607 2814; baseline -0.011 -12"><span class='ocrx_word' id='word_1_432' title='bbox 899 2761 1162 2814; x_wconf 79' lang='lat' dir='ltr'>cognitionem</span> <span class='ocrx_word' id='word_1_433' title='bbox 1190 2761 1418 2814; x_wconf 63' lang='lat' dir='ltr'>sucinorum</span> <span class='ocrx_word' id='word_1_434' title='bbox 1441 2790 1450 2807; x_wconf 94' lang='lat'>,</span> <span class='ocrx_word' id='word_1_435' title='bbox 1488 2773 1607 2811; x_wconf 76' lang='lat' dir='ltr'>quum</span> 
     </span>
    </p>
   </div>
  </div>
 </body>
</html>
