1767 3054
695 111 849 148 LIBER
881 111 955 148 VI.

80 188 232 242 Quem
259 184 345 231 tibi
370 183 581 243 longaevo
601 195 759 226 serum
784 181 979 226 Lavinia
999 182 1173 243 conjux

78 259 259 306 Educet
280 256 406 305 silvis
426 270 606 317 regem,
626 271 885 317 regumque
907 267 1171 316 parentem;
1512 274 1570 312 τιν,

79 335 216 380 Unde
235 348 378 395 genus
403 332 541 394 longa
564 341 778 376 nostrum
800 330 1123 377 dominabitur
1146 331 1280 379 Alba.

144 430 163 450 ›‚
186 408 432 455 Proximus
452 408 528 453 ille
550 412 742 465 Procas,
764 408 979 470 Trojanae
1005 407 1154 469 gloria
1174 408 1348 470 gentis,

76 488 134 531 Et
156 487 329 546 Capys,
354 494 401 530 et
424 484 669 540 Numitor,
690 494 735 529 et
763 483 846 545 qui
874 494 919 529 te
943 483 1134 529 nomine
1160 483 1325 530 reddet

76 558 249 603 Silvius
271 560 439 603 AEneas
454 592 466 613 ,
491 559 668 618 pariter
694 558 867 619 pietate
896 557 969 602 vel
992 558 1132 603 armis

74 632 323 695 Egregius,
345 633 382 677 si
404 649 610 693 unquam
634 632 917 694 regnandam
943 633 1182 694 adceperit
1202 631 1385 680 Albam.
1508 658 1566 686 770

74 706 169 764 Qui
188 709 409 770 juvenes,
435 717 631 768 quantas
657 717 914 764 ostentant,
941 707 1153 769 adspice,
1177 706 1324 754 vires!

72 787 135 828 At
164 782 247 844 qui
269 781 486 828 umbrata
508 793 676 844 gerunt
701 782 828 828 civili
851 795 1065 846 tempora
1085 800 1286 846 quercu,

73 858 134 903 Hi
161 858 247 904 tibi
268 861 578 915 Nomentum,
604 869 649 904 et
669 858 869 917 Gabios,
896 859 1158 922 urbemque
1177 859 1400 906 Fidenam
1415 896 1426 917 ‚

71 1024 173 1062 Gell.
196 1025 256 1068 ΙΙ,
282 1025 330 1060 16
355 1033 393 1061 et
414 1025 593 1062 Cerdam.
617 1025 706 1062 Alia
726 1033 783 1061 est

69 1081 266 1121 subtilitas
306 1083 459 1129 Servii,
489 1092 528 1119 et
560 1091 781 1119 ceterorum

69 1143 112 1178 in
142 1140 341 1189 longaevo,
380 1141 469 1188 quia
500 1143 640 1177 AEneas
669 1141 782 1176 anuis

69 1197 251 1235 fatalibus
270 1196 450 1234 nondum
467 1197 632 1248 expletis
651 1199 781 1247 periit,

68 1268 150 1293 esse
167 1253 312 1291 debere
331 1254 482 1291 dictum
501 1268 573 1304 pro
591 1254 684 1299 de0,
711 1268 779 1291 cu-

65 1315 130 1360 jus
154 1325 303 1358 aevum,
333 1312 373 1349 h.
396 1326 429 1348 e.
450 1313 665 1357 aeternitas,
690 1325 781 1361 pro-

67 1372 199 1421 prium
226 1372 288 1408 sit.
313 1371 525 1406 Enimvero
554 1378 687 1419 potest
713 1370 779 1405 ali-

67 1429 154 1478 quis
170 1440 290 1464 senex
305 1440 399 1472 esse,
418 1435 457 1463 et
471 1427 549 1473 jam
567 1439 688 1462 senex
706 1426 779 1462 fac-

66 1494 128 1522 tus
159 1484 306 1522 liberos
342 1485 562 1533 suscipere,
592 1491 631 1520 et
657 1496 776 1520 senex

66 1543 238 1580 violenta
256 1551 382 1579 morte
400 1543 542 1592 perire.

127 1601 222 1648 767.
262 1600 494 1644 Proximus,
534 1599 602 1649 qui
639 1598 774 1636 adstat.

65 1659 250 1696 Meminit
290 1659 465 1709 Capyos,
487 1656 594 1706 quod
625 1657 775 1707 Capys,

67 1718 245 1754 Assaraci
285 1716 391 1752 filius
418 1743 428 1759 ‚
477 1717 609 1751 AEneae
650 1714 777 1751 fuerat

65 1786 172 1811 avus.
191 1776 327 1823 Itaque
348 1772 542 1810 Anchises
560 1771 716 1808 refricat
734 1773 777 1807 in

64 1830 141 1867 hoc
159 1839 306 1881 gratam
323 1832 444 1880 patris
459 1831 522 1865 sui
533 1830 774 1866 memoriam.

67 1890 215 1924 Procas
252 1886 492 1936 Τνομι-ιιιεῡ
475 1885 603 1921 cloria
637 1900 695 1936 g„
732 1893 778 1921 ut

65 1947 240 1982 Homero
261 1957 307 1996 με
295 1942 368 1997 [γα
391 1914 505 1985 κῦδξς
491 1931 775 1991 Azotum—

68 2015 163 2049 770.
195 2002 239 2039 Si
259 2013 450 2050 unquam.
472 1999 774 2037 Servavitillus-

65 2061 274 2098 trationem
295 2072 343 2095 ex
366 2056 655 2107 antiquioribus
687 2058 773 2092 Ser-

64 2119 182 2155 vius:
212 2115 373 2165 Recepit
400 2125 532 2151 autem
561 2127 586 2149 a
622 2122 769 2157 tutore,

64 2175 134 2224 qui
152 2174 237 2224 ejus
254 2172 399 2211 inuasit
416 2170 621 2221 imperium
640 2183 652 2206 :
668 2170 778 2220 quod

64 2232 103 2268 ci
120 2231 198 2269 vix
222 2244 330 2268 αηηο
349 2227 681 2279 quinquagesimo
699 2236 774 2263 ter-

64 2289 118 2326 tio
141 2288 320 2326 restituit.
341 2290 396 2324 Et
414 2300 493 2323 rem
508 2286 674 2335 plenam
698 2283 774 2320 lais-

63 2346 175 2384 torc‘oe
194 2360 274 2397 per
300 2345 508 2384 transitum
543 2342 684 2391 tetigit.
716 2364 774 2370 —

66 2418 113 2453 77
128 2418 161 2441 x.
195 2404 445 2454 Interpungit
478 2399 632 2438 Wakef.
653 2411 661 2437 :
698 2399 777 2449 Qui

54 2463 244 2513 juvenes!
283 2470 458 2512 quantas
474 2480 531 2486 -—
560 2458 697 2494 vires!
715 2478 773 2485 --

64 2520 279 2557 ostentant
290 2518 411 2563 vires,
432 2524 525 2553 sunt
543 2517 619 2553 viri
640 2517 771 2560 fortes,

62 2576 156 2615 forti
173 2585 211 2614 et
228 2575 357 2613 valido
375 2587 540 2624 corpore
557 2574 678 2609 animi
696 2573 773 2609 vir—

64 2641 186 2672 tutem
204 2633 429 2686 prodentes,
449 2622 505 2660 .‘-
528 2644 622 2679 772.
652 2633 769 2681 Lege·

64 2690 179 2728 batur
204 2693 336 2742 Atque
355 2690 538 2727 umbrata
555 2697 701 2739 gerunt
722 2687 771 2724 ci-

66 2746 132 2784 uili
149 2755 326 2799 tempora
356 2761 512 2799 quercu.
543 2745 598 2784 Hi
619 2744 690 2783 tibi
715 2746 767 2783 N.

850 1028 942 1075 Quo
962 1039 1078 1063 versu
1102 1026 1202 1063 nihil
1219 1034 1347 1076 potest
1366 1039 1448 1063 esse
1463 1027 1565 1074 jeju-

850 1085 952 1121 nius.
985 1105 1042 1112 --
1079 1085 1160 1133 Qui
1200 1085 1404 1121 memorati
1438 1084 1565 1121 adhue

850 1141 1025 1188 fuerant,
1048 1149 1160 1178 erant
1182 1141 1300 1178 rebus
1320 1141 1425 1178 bello
1448 1144 1565 1193 gestis

849 1198 973 1245 clari;
1012 1199 1082 1249 qni
1122 1207 1375 1248 sequuntur,
1411 1200 1560 1237 artibus

847 1258 954 1305 pacis
976 1269 984 1294 :
1014 1268 1101 1305 quae
1121 1255 1373 1293 declarantur
1394 1269 1466 1306 per
1495 1270 1561 1294 co-

847 1313 972 1349 lonias
1000 1312 1188 1349 deductas
1224 1322 1263 1349 et
1292 1325 1414 1349 novas
1443 1314 1561 1352 urbes

848 1369 1038 1407 conditas.
1068 1372 1206 1420 Itaque
1239 1371 1397 1407 coronis
1424 1372 1559 1408 civicis

846 1427 903 1464 illi
925 1429 1096 1478 insignes
1119 1427 1333 1478 prodeunt.
1363 1428 1561 1466 Coronam

846 1485 1032 1529 civicam,
1066 1484 1108 1522 h.
1147 1499 1180 1522 e.
1218 1498 1445 1535 querceam,
1480 1499 1563 1537 ges-

845 1551 953 1588 tant,
984 1542 1068 1580 scil.
1093 1542 1147 1580 ob
1176 1543 1280 1579 cives
1303 1552 1500 1590 servatos,
1523 1555 1561 1582 et

844 1600 892 1637 de
914 1613 997 1650 rep.
1027 1600 1128 1637 bene
1160 1601 1303 1638 meriti.
1340 1601 1560 1647 Umbram,-

844 1659 1049 1708 praeiverat
1077 1660 1234 1696 Lucret.
1267 1660 1327 1703 ΙΙ,
1360 1659 1442 1695 628
1474 1659 1561 1696 nin-

839 1726 1019 1765 guntque
1048 1728 1224 1752 rosarum
1249 1715 1448 1760 Floribus,
1473 1730 1559 1753 um-

844 1773 1189 1809 b1·antes.Mucrc1n
1213 1772 1477 1824 comitumque
1495 1788 1558 1810 ca-

844 1839 981 1867 cervas.

905 1888 1000 1933 773.
1040 1888 1285 1923 Numentum
1330 1887 1412 1925 duo
1452 1890 1555 1938 apud

842 1945 994 1988 Burm.;
1011 1956 1117 1980 unus
1141 1945 1400 1982 Numanemn.
1433 1948 1556 1983 Porro

841 2003 1009 2050 primam
1027 2002 1070 2036 in
1087 2000 1260 2046 Ft'demz,
1283 2014 1401 2051 quam
1420 2006 1556 2053 exqui-

840 2059 912 2093 site
932 2057 1033 2093 dixit
1060 2070 1133 2106 pro
1160 2057 1318 2095 Fidenis
1347 2072 1397 2096 ex
1426 2061 1551 2098 Graec.

840 2110 1007 2158 ‹bid-rhem,
1033 2127 1053 2150 a
1070 2116 1238 2166 Virgilio
1266 2118 1437 2167 corripi,
1466 2131 1555 2168 quae

841 2172 889 2208 ab
910 2172 1076 2209 Horatio
1099 2173 1262 2222 aliisque
1285 2173 1551 2224 producatur.

839 2238 1018 2266 notatum
1050 2242 1071 2265 a
1102 2230 1377 2268 Grammaticis
1402 2241 1472 2270 est.
1497 2255 1554 2261 -—

843 2300 860 2333 7
871 2300 889 2333 7
902 2288 1005 2332 3-7
1016 2288 1151 2333 77.Ab
1169 2287 1271 2325 Alba
1287 2291 1419 2341 Longa
1433 2292 1552 2329 XXX

839 2344 1010 2381 colonias
1026 2345 1070 2380 in
1087 2346 1196 2382 Latio
1215 2354 1253 2382 et
1269 2355 1379 2383 extra
1397 2348 1551 2384 Latium

839 2400 1027 2438 deductas
1044 2414 1125 2440 esse
1146 2415 1196 2439 ex
1219 2404 1417 2454 Dionysio
1437 2407 1550 2442 novi-

840 2471 927 2495 mus
943 2459 1011 2496 lib.
1031 2460 1113 2507 111,
1139 2461 1205 2507 31,
1225 2474 1264 2510 p.
1290 2474 1390 2508 172;
1409 2462 1553 2512 pleras-

838 2529 914 2566 que
927 2516 1060 2553 saltem
1076 2519 1191 2555 novis
1204 2519 1357 2555 colonis
1371 2519 1549 2569 frequen·

838 2581 951 2619 tatas,
980 2582 1026 2610 ut
1054 2574 1255 2626 Ryckium
1282 2589 1443 2627 quoque
1465 2589 1548 2614 mo-

836 2632 968 2668 nuisse
987 2631 1104 2669 video
1122 2633 1161 2670 in
1190 2634 1292 2671 Diss.
1310 2632 1358 2670 de
1378 2647 1438 2684 pr.
1459 2634 1543 2671 Ital.

837 2688 912 2726 col.
933 2701 972 2739 p.
999 2689 1103 2735 455,
1134 2703 1253 2740 quem
1277 2690 1379 2728 vide.
1399 2692 1483 2728 Liv.
1502 2694 1518 2727 1
1535 2719 1545 2734 ‚

840 2746 861 2783 3
884 2746 972 2783 :Ab
991 2759 1037 2784 eo
1052 2746 1209 2799 (Latino
1221 2746 1360 2799 Silvio)
1380 2747 1548 2786 colonia·
