1767 3054
737 178 888 215 LIBER
922 178 971 212 Y.
1560 177 1607 211 :33

110 252 244 300 Alter
266 258 404 314 Atys,
426 266 572 314 genus
597 250 722 296 unde
742 250 839 296 Atii
860 249 1039 294 duxere
1060 248 1236 304 Latini3

112 331 287 374 Parvus
311 330 451 389 Atys,
476 340 720 388 pueroque
742 341 862 389 puer
881 324 1079 370 dilectus
1106 323 1225 369 Iulo.

111 406 380 460 Extremus,
408 403 653 466 formaque
675 414 781 449 ante
806 401 957 448 omnis
979 400 1202 463 pulcher,
1229 398 1360 445 Iulus

112 478 307 526 Sidonio
332 489 401 525 est
425 480 637 526 invectus
664 495 812 542 equo,
837 494 978 540 quem
1001 475 1202 524 candida
1223 475 1349 521 Dido

111 557 223 601 Esse
245 557 318 602 sui
343 555 536 602 dederat
560 566 919 601 monumentum
946 565 991 600 et
1012 554 1180 616 pignus
1204 552 1392 598 amoris.

111 631 279 675 Cetera
301 629 556 676 Trinacriis
578 629 729 692 pubes
754 629 952 676 senioris
978 633 1160 675 Acestae

112 705 284 749 Fertur
308 704 456 765 equis.

113 777 367 839 Excipiunt
389 779 558 841 plausu
584 778 807 841 pavidos,
833 776 1135 840 gaudentque
1160 786 1345 822 tuentes
1554 786 1618 824 ⁵75

113 850 421 910 Dardanidae,
445 865 758 914 veterumque
779 853 1072 914 adgnoscunt
1095 865 1179 896 ora
1204 860 1468 912 parentum.

114 930 367 989 Postquam
389 943 575 974 omnem
596 929 691 975 laeti
716 943 987 974 consessum
1009 926 1267 988 oculosque
1289 940 1484 972 suorum

115 1157 268 1193 ratione
290 1184 300 1202 ‚
326 1154 455 1206 primi
485 1153 662 1205 vestigia
685 1153 802 1204 pedis
819 1183 829 1197 ,

115 1214 218 1251 dixit
232 1241 241 1259 ,
267 1222 306 1251 et
324 1214 366 1250 in
390 1213 533 1250 fronte.
554 1215 656 1250 Sunt
674 1213 744 1262 qui
761 1225 833 1262 pu-

114 1280 221 1317 tent,
250 1274 469 1310 Homerum
512 1269 622 1307 Iliad.
662 1266 711 1319 ψ,
750 1271 829 1313 453

115 1338 242 1380 poetae
260 1329 508 1387 anteuoculos
525 1328 724 1365 fuisse.—
735 1328 830 1365 568.

115 1390 164 1425 In
193 1390 316 1437 Atys,
343 1391 465 1432 Ατυς,
496 1386 699 1423 aberratur
720 1385 830 1432 Acis,

115 1444 246 1489 Attis,
277 1453 315 1483 et
343 1446 387 1482 in
414 1444 524 1483 Gud.
557 1446 682 1489 Atus;
718 1452 757 1481 et
790 1445 833 1481 in

114 1503 237 1541 altero
268 1502 356 1541 Acii
398 1503 596 1549 variatur,
628 1504 671 1539 iu
713 1505 830 1541 Rom.

113 1561 260 1600 Medic.
283 1574 304 1599 a
328 1574 381 1600 m.
411 1574 489 1599 sec.
518 1574 562 1598 ac
588 1563 684 1612 Reg.
707 1560 828 1609 Acyi,

114 1621 157 1657 in
199 1619 246 1657 al.
286 1619 411 1665 Accii,
448 1619 559 1663 Acci,
597 1618 692 1663 Ati,
729 1618 828 1663 Aci,

112 1687 152 1716 et
178 1679 222 1715 in
249 1678 373 1716 Goth.
401 1691 478 1715 sec.
510 1677 610 1715 Alii.
641 1679 717 1715 Pro
745 1677 837 1714 Atti

113 1736 154 1775 h.
180 1750 214 1774 e.
240 1735 346 1773 Ateii
358 1744 510 1787 pugnat
533 1736 706 1782 Pierius,
726 1734 833 1773 codi-

115 1808 207 1832 cum
232 1803 271 1831 et
306 1807 550 1832 marmorum
575 1794 831 1832 auctoritate:

114 1853 381 1903 antiquiorem
437 1854 708 1891 auctoritatem
758 1865 832 1902 pro

115 1910 215 1947 Atia
231 1919 373 1961 gente,
387 1921 467 1946 una
484 1922 657 1948 consona
674 1911 832 1959 scripta,

115 1967 247 2004 attulit
275 1968 411 2005 Heius.
440 1966 488 2003 ad
515 1967 556 2005 h.
584 1967 612 2005 l.
645 1969 749 2004 Nota
768 1968 834 2004 illa

114 2038 231 2077 gens,
253 2038 303 2062 ex
330 2037 408 2075 qua
438 2025 599 2062 Caesaris
626 2025 835 2063 Octaviani

114 2092 240 2120 mater
258 2082 428 2120 oriunda
448 2082 536 2121 fuit.
567 2082 616 2120 cf.
644 2081 691 2118 ad
712 2084 832 2121 Dion.

115 2143 226 2180 XLV
247 2155 306 2192 pr.
330 2141 534 2178 Praeferam
548 2149 678 2177 tamen
687 2139 728 2178 h.
744 2141 769 2178 l.
784 2155 835 2178 ex

115 2207 247 2237 vetere
263 2212 373 2237 more
390 2195 478 2237 Atf.
493 2199 645 2236 Dixere
657 2199 834 2236 emenda-

115 2265 199 2295 tum
218 2258 260 2295 in
278 2254 443 2303 Medic„
463 2266 509 2294 ut
530 2256 833 2294 alibi.—Atiam

113 2323 271 2366 gentem
307 2317 542 2353 memoravit
574 2324 738 2366 propter
777 2319 833 2354 A-

113 2375 231 2420 tiam,
256 2375 429 2426 Augusti
457 2382 635 2410 matrem.
662 2387 699 2410 v,
723 2376 832 2412 Serv.

115 2440 155 2469 et
182 2431 231 2469 ad
253 2444 346 2469 eum
376 2433 509 2469 Burm.
538 2434 582 2469 it.
614 2432 752 2470 Heius.
785 2432 834 2469 ad

114 2489 201 2528 h.1.
230 2489 279 2528 cf.
299 2489 363 2527 vel
383 2493 492 2529 Suet.
518 2492 656 2528 octav,
689 2497 727 2535 4.
759 2491 834 2526 La-

114 2547 194 2584 tim·
233 2548 365 2598 simpl.
404 2561 480 2598 pro
526 2549 716 2587 Romanis
733 2577 742 2593 ‚
787 2557 832 2585 ut

112 2618 215 2656 saepe
233 2605 282 2643 al.
300 2606 488 2643 Heinsius
503 2619 551 2644 eo
570 2606 702 2651 refert,
720 2605 831 2657 quod

113 2665 198 2702 Atii
214 2665 351 2701 Aricia
368 2672 479 2701 erant
499 2663 674 2702 oriundi.
692 2667 831 2715 Neque

113 2720 179 2758 illa
221 2730 366 2760 temere
410 2720 583 2769 adjecta:
630 2735 831 2773 pueroque

108 2791 212 2827 puer
232 2779 400 2818 dilectus
428 2780 517 2817 1qu
533 2794 547 2817 .·
571 2789 615 2818 ut
635 2782 712 2829 jam
747 2790 830 2818 tum

113 2837 336 2876 concordiae
350 2839 456 2876 iuter
473 2839 606 2876 At'ram
627 2847 666 2877 et
681 2841 705 2879 J
712 2840 828 2878 uliam

898 1160 1054 1204 gentem
1085 1161 1273 1203 tanquam
1305 1151 1432 1201 prima
1471 1153 1618 1189 semina

896 1213 998 1258 jacta
1022 1212 1100 1248 sint
1124 1223 1134 1248 :
1165 1209 1215 1247 cf.
1245 1208 1396 1247 Eckhel
1426 1211 1617 1247 Doctrina

898 1281 1056 1306 numor.
1077 1269 1157 1306 vol.
1177 1269 1227 1313 V,
1249 1281 1289 1318 p.
1315 1267 1392 1311 145
1414 1267 1462 1304 de
1486 1269 1619 1304 numis

898 1328 1025 1379 gentis
1066 1327 1183 1363 Atiae.
1203 1347 1262 1354 ——-
1283 1326 1332 1372 57
1346 1338 1379 1364 1.
1410 1325 1619 1364 Sidonium

900 1398 1043 1435 equum
1073 1384 1203 1421 dicere
1234 1385 1369 1435 potuit
1402 1384 1519 1421 etiarn
1551 1388 1621 1435 qm'

899 1456 950 1480 ex
971 1443 1104 1481 Africa
1125 1450 1237 1480 esset.
1268 1443 1369 1480 Nam
1394 1442 1620 1480 Phoenicios

899 1514 1022 1551 equos
1049 1515 1133 1539 non
1153 1501 1318 1538 memini
1343 1502 1519 1546 narrari;
1546 1515 1621 1538 nec

901 1561 999 1596 tanti
1032 1573 1094 1597 res
1127 1568 1232 1607 erat,
1269 1567 1316 1596 ut
1351 1560 1547 1596 curiosius
1579 1561 1620 1597 iu

900 1630 985 1654 eam
1012 1619 1279 1669 inquirerem,
1309 1630 1382 1654 nec
1405 1617 1622 1656 Phoeniciae

900 1675 1031 1713 solum
1054 1677 1166 1726 equis
1189 1675 1337 1714 alendis
1356 1675 1623 1715 idoneum.—

903 1735 952 1782 57
963 1747 999 1772 2.
1022 1736 1120 1772 Esse
1140 1747 1160 1771 e
1180 1735 1398 1772 Graecismo
1418 1734 1619 1772 abundat:

900 1787 1006 1830 δῶκε
1020 1789 1177 1838 ξεινήϊον
1194 1787 1391 1831 sivetu—5
1398 1806 1416 1840 7
1427 1794 1465 1830 3.
1486 1792 1622 1830 Trina-

900 1850 994 1888 criae
1005 1851 1131 1901 pubes
1156 1851 1338 1902 plerique
1364 1853 1467 1889 Pier.
1498 1859 1537 1887 et
1568 1853 1622 1889 sic

900 1909 1050 1946 Medic.
1071 1922 1164 1946 cum
1182 1910 1231 1947 al.
1254 1910 1392 1946 Heius.
1414 1922 1457 1945 ac
1485 1910 1619 1946 Burm.

901 1967 984 2003 Erf.
1022 1966 1205 2016 binisque
1251 1966 1373 2004 Goth.
1426 1965 1626 2003 Trinacrii

901 2026 1018 2062 Rom.
1037 2037 1127 2061 cum
1139 2026 1300 2076 Menag.
1315 2037 1374 2075 pr.
1393 2033 1432 2061 et
1449 2036 1511 2075 pr.
1526 2026 1624 2062 Rot-

902 2080 1010 2120 tend.
1029 2082 1105 2121 Sed
1118 2082 1228 2134 equis
1246 2082 1383 2119 deberi
1399 2082 1619 2133 epitheton,

901 2152 985 2177 non
1003 2141 1184 2192 estquod
1199 2140 1371 2179 dubites.
1385 2163 1443 2169 —
1456 2141 1621 2178 Curiose

900 2199 985 2235 haec
1012 2198 1161 2247 adjecta
1192 2208 1311 2245 sunt;
1333 2199 1483 2250 alioqui
1514 2201 1618 2236 enini

901 2257 1025 2307 quaeri
1063 2266 1218 2308 poterat
1236 2286 1246 2304 ,
1287 2255 1394 2295 unde
1438 2258 1620 2305 Trojanis

902 2315 1021 2352 classe
1064 2315 1240 2354 advectis
1257 2344 1267 2362 ,
1315 2316 1498 2366 inprimis
1547 2317 1619 2352 ista

901 2381 1014 2411 aetate
1027 2402 1038 2421 ,
1058 2382 1118 2411 tot
1135 2375 1230 2425 equi
1248 2382 1459 2425 suppetere
1482 2382 1620 2424 potue·

900 2433 993 2469 rint.

961 2490 1056 2537 575.
1076 2489 1261 2528 Pavidos.
1281 2489 1463 2528 Servius:
1481 2489 1616 2540 gloriae

900 2547 1115 2598 cupiditate
1145 2547 1359 2593 sollicitos,
1380 2556 1426 2584 ut
1454 2547 1525 2586 lib.
1556 2549 1616 2584 111

899 2605 1043 2658 Georg.
1079 2619 1180 2644 vers.
1219 2607 1297 2644 106
1331 2605 1463 2644 Corda
1491 2619 1619 2656 pavor

891 2664 1075 2714 pulsans.
1108 2664 1156 2702 cf.
1179 2664 1298 2703 Silius
1322 2663 1507 2710 Italicus,
1538 2666 1614 2701 Pu-

898 2723 977 2761 nic.
997 2722 1068 2761 lib.
1094 2723 1217 2770 XVI,
1249 2724 1354 2768 432,
1380 2721 1488 2766 480,
1516 2721 1611 2758 515.

897 2781 980 2818 Nec
1016 2789 1144 2819 tamen
1186 2779 1405 2829 injucunda
1450 2793 1511 2816 res
1529 2807 1539 2821 ‚
1582 2779 1614 2814 si

897 2839 1061 2888 puerilis
1095 2840 1217 2876 aetatis
1253 2839 1465 2890 ingenuam
1503 2848 1611 2873 vere-
