1767 3054
641 151 789 189 LIBER
820 153 912 188 vu.
1445 155 1510 190 23.

36 228 253 274 AEneadae
278 225 478 289 possint,
500 223 701 268 Italosve
725 222 944 269 obsidere
970 224 1086 270 linis.

35 306 106 349 Tu
133 312 263 364 potes
288 298 530 344 unanimos
555 313 737 343 armare
761 299 807 343 in
831 299 992 361 praelia
1014 301 1203 356 fratres,
1464 313 1520 342 335

36 382 191 439 Atque
215 374 334 421 odiis
357 389 547 419 versare
569 372 754 431 domos;
782 386 833 420 tu
858 374 1058 420 verbera
1085 375 1218 421 tectis

36 455 363 510 Funereasque
389 448 562 494 inferre
585 449 730 507 saccs3
752 447 838 494 tibi
859 448 1048 494 nomina
1073 449 1220 506 mille,

35 524 165 569 Mille
190 521 390 568 nocendi
414 533 537 569 artes
559 542 567 568 :
595 523 846 570 fecundum
870 535 1068 570 concute
1094 536 1282 586 pectus,

34 598 208 659 Disjice
228 598 534 659 compositam
554 614 741 659 pacem,
767 615 869 645 sere
892 599 1088 644 crimina
1109 598 1243 656 belli;

37 676 181 718 Arma
203 673 340 729 velit,
366 685 622 734 poscatque
646 673 806 730 simul,
832 674 1079 736 rapiatque
1098 675 1338 736 juventus.
1363 693 1380 712 »
1470 683 1528 718 3⁴¹0

101 747 222 793 Exin
247 747 510 808 Gorgoneis
535 747 715 794 Allecto
735 747 908 794 infecta
931 747 1124 793 venenis

38 822 274 883 Principio
295 821 480 867 Latium
504 833 549 868 ct
575 822 821 868 Laurentis
842 832 963 868 tecta
986 824 1172 883 tyranni

42 1011 169 1047 monis
187 1010 303 1061 genio
323 1009 480 1047 videtur
496 1011 754 1060 interpretum

40 1067 107 1104 illa
122 1069 244 1113 ratio,
268 1075 312 1103 ut
337 1067 488 1104 ambire
509 1069 559 1104 sit
586 1069 755 1104 circum—

41 1125 189 1162 venire.
224 1125 389 1161 Versat-e
424 1125 534 1161 aliter
562 1124 639 1161 hoc
666 1125 755 1162 loco

42 1180 193 1218 dictum
212 1194 332 1230 quam
348 1195 435 1231 sup.
458 1183 494 1218 11
509 1211 519 1226 ,
542 1182 610 1219 G2.
633 1182 756 1218 Italos

32 1239 143 1291 fines
163 1238 359 1282 obsidere,
382 1240 424 1275 in
441 1239 552 1275 Italia
571 1240 757 1275 consiste-

45 1309 108 1342 re,
139 1295 355 1334 considere.
382 1317 440 1324 ——
466 1296 562 1334 336.
593 1299 760 1333 Versare

44 1353 170 1390 dolos.
191 1354 308 1391 Nunc
324 1361 382 1390 est
399 1355 594 1404 exagitare
607 1382 618 1399 ,
639 1366 758 1390 vexa-

45 1423 100 1448 re.
124 1413 247 1448 Porro
267 1422 277 1447 :
298 1419 342 1447 tu
359 1412 401 1447 in
418 1412 512 1461 ipsis
532 1410 674 1448 aedium
691 1424 759 1460 pe-

46 1466 263 1504 netralibus
292 1466 424 1518 flagris
453 1475 492 1504 et
526 1467 679 1504 facibus
699 1469 760 1504 in-

45 1524 220 1574 sequeris
238 1524 457 1562 sceleratos.
479 1526 567 1562 Hoc
595 1533 652 1561 est
666 1553 677 1571 ,
703 1524 761 1560 in-

33 1579 148 1631 ferre
169 1580 336 1617 verbera
355 1580 453 1631 (pro
474 1581 606 1631 flagris
623 1595 763 1632 perpe-

46 1645 159 1674 tuum
178 1639 327 1687 poetis,
346 1639 462 1675 etiam
479 1638 527 1676 de
545 1640 674 1676 Furiis
687 1667 698 1685 ,
717 1646 763 1675 ut

45 1702 85 1731 et
101 1694 174 1731 inf.
190 1694 296 1745 451)
315 1696 478 1746 etfaces
490 1696 601 1733 tectis
611 1709 624 1732 .·
641 1708 763 1745 quan-

46 1750 261 1800 doquidem
291 1753 411 1789 semel
431 1755 474 1790 in
494 1765 612 1790 usum
628 1754 738 1789 venit
751 1781 762 1798 ‚

45 1807 238 1844 scelerum
265 1810 566 1846 commissorum
595 1816 764 1846 terrores

46 1870 85 1900 et
110 1865 362 1902 conscientiae
391 1865 572 1901 stimulos
601 1879 673 1914 per
704 1865 766 1900 fu-

48 1920 194 1957 riarum
217 1920 318 1957 faces
347 1930 387 1957 et
410 1921 531 1971 flagra
551 1921 762 1957 declarare.

54 1975 141 2013 Tibi
157 1976 324 2013 nomina
346 1976 480 2022 mille,
502 1975 762 2028 πολυώνυμος.

49 2034 225 2070 Deorum
258 2041 491 2084 potestates,
519 2035 645 2079 vires,
678 2046 767 2083 pro-

49 2091 232 2140 prietates
246 2118 257 2135 ,
280 2091 379 2127 facta
393 2117 404 2135 ,
428 2103 499 2140 per
518 2090 685 2127 nomina
701 2090 767 2128 de-

50 2147 187 2184 clarari
200 2175 210 2191 ‚
235 2160 344 2184 nunc
381 2155 475 2184 nota
513 2161 573 2185 res
609 2156 679 2185 est.
710 2169 767 2177 —--

54 2205 149 2253 339.
176 2203 329 2241 Dissice
342 2204 463 2254 vulgo
483 2217 620 2242 omnes
636 2205 768 2252 codd.,

50 2274 97 2297 ex
120 2274 253 2305 more;
276 2262 611 2312 pronuntiationis
641 2270 770 2300 tamen

50 2319 170 2369 magis
183 2319 281 2355 vitio
294 2347 305 2364 ‚
323 2318 496 2356 arbitror
509 2348 520 2365 ,
542 2333 658 2370 quam
676 2320 769 2358 doc-

51 2376 164 2412 u-inae
179 2376 397 2413 subtilitate
410 2404 422 2422 ‚
442 2389 487 2413 ac
499 2378 531 2413 si
550 2379 599 2413 sit
615 2376 771 2415 dissice-

52 2428 101 2470 κ’
111 2445 186 2483 pro
201 2432 417 2481 dissecare;
439 2442 482 2470 ut
503 2436 578 2471 viri
597 2434 705 2472 docti
724 2437 771 2473 si-

51 2488 94 2526 bi
106 2490 344 2541 persuadent
357 2491 463 2542 apud
482 2492 613 2530 Guell.
632 2501 669 2529 et
682 2494 772 2532 Cer-

53 2544 157 2585 dam.
170 2569 227 2576 —
244 2547 438 2599 Disjicere
466 2549 607 2586 fortius
621 2578 631 2596 ‚
653 2563 772 2600 quam

54 2601 259 2651 dirimere,
281 2618 487 2656 rumpere3
512 2615 551 2644 et
573 2607 766 2653 crimina,

56 2672 174 2709 quam
184 2674 342 2701 eaussae.
361 2665 411 2701 Et
426 2665 562 2714 paullo
575 2674 664 2702 ante
684 2679 774 2703 con-

57 2725 144 2754 cute
163 2726 224 2763 te,
250 2719 352 2765 fere,
369 2729 416 2758 ut
437 2722 544 2773 apud
564 2722 769 2774 Aristoph.

58 2771 164 2812 Nub.
185 2787 263 2822 701
294 2774 431 2817 niwrat
456 2777 598 2833 τρόπον
618 2794 661 2819 τε
681 2794 772 2820 σαυ-

821 1007 883 1046 τὸν
918 1007 1075 1062 Στρόβει
1108 1007 1327 1052 πυκνώσας.
1361 1011 1538 1046 Ductum

822 1067 870 1103 ab
890 1080 937 1103 eo
965 1066 1156 1116 loquendi
1184 1079 1282 1112 usu,
1307 1080 1433 1116 quum
1451 1080 1538 1103 ver-

823 1132 955 1169 satur,
978 1125 1168 1175 agitatur,
1190 1125 1344 1160 animus
1370 1132 1409 1160 et
1432 1126 1537 1175 cogi-

822 1182 932 1218 tatio.
952 1182 1040 1219 Non
1063 1181 1239 1218 absimile
1256 1182 1516 1219 Horatianum
1531 1209 1541 1227 ,

825 1241 842 1274 1
864 1241 985 1276 Serm.
1013 1239 1034 1275 3
1050 1266 1061 1284 ‚
1100 1240 1152 1283 34
1178 1250 1187 1275 :
1222 1238 1406 1288 Denique
1426 1247 1464 1275 te
1483 1238 1542 1288 ip-

825 1309 911 1332 sum
936 1304 1257 1345 concute--pro
1292 1296 1446 1347 vulgari
1476 1309 1544 1333 ex-

825 1361 928 1391 cute.

887 1411 984 1455 341.
1006 1412 1154 1448 Omnes
1175 1410 1253 1448 hoc
1272 1419 1410 1461 poetas
1428 1413 1541 1460 sequi

827 1466 983 1514 videas,
1023 1475 1069 1503 ut
1097 1467 1290 1505 mandatis
1323 1467 1445 1513 datis,
1481 1468 1544 1503 in-

827 1526 965 1574 primis
984 1537 1005 1560 a
1027 1526 1253 1574 potentiore
1267 1552 1278 1571 ,
1300 1538 1385 1562 non
1404 1523 1546 1570 verba,

829 1581 897 1618 sed
922 1583 1006 1632 ipsa
1031 1594 1094 1618 res
1123 1584 1258 1619 statim
1293 1581 1545 1629 subjiciatur.

828 1641 878 1676 Et
898 1640 1039 1676 merito
1053 1652 1063 1684 ;
1079 1640 1170 1688 quis
1187 1638 1342 1676 dubitet
1356 1640 1373 1675 Ρ
1389 1640 1438 1674 In
1455 1639 1546 1674 Vir-

829 1696 924 1747 gilio
956 1697 1080 1747 igitur
1107 1694 1185 1733 boc
1212 1695 1314 1733 nihil
1342 1707 1546 1746 magnum.

834 1751 1056 1804 Gorgoneis
1087 1752 1247 1789 Allecto
1288 1751 1439 1802 insecta
1478 1765 1547 1789 ve·

832 1809 944 1845 nenis
978 1810 1180 1859 accipiunt
1216 1810 1297 1853 sic,
1346 1817 1390 1844 ut
1427 1820 1546 1844 vene-

831 1878 881 1901 na
910 1877 1043 1900 secum
1070 1865 1228 1909 afferat3
1259 1863 1463 1914 quomodo
1483 1877 1545 1914 ap.

831 1920 1022 1958 Ovidium
1059 1922 1103 1957 in
1140 1921 1259 1958 simili
1300 1921 1391 1958 loco
1424 1922 1550 1958 Meta-

832 1977 988 2027 morph.
1026 1978 1097 2022 IV,
1126 1984 1206 2027 499
1229 1978 1461 2015 :Attulerat
1492 1992 1548 2014 se-

833 2047 921 2070 cum
942 2033 1088 2084 liquidi
1103 2047 1258 2084 quoque
1279 2045 1452 2072 monstra
1474 2049 1549 2072 ve-

835 2090 932 2128 neni
958 2100 1030 2128 etc.
1051 2090 1126 2128 Sed
1149 2093 1205 2129 sic
1234 2091 1385 2143 insecta
1406 2105 1548 2143 parum

834 2148 987 2199 placere
1003 2156 1156 2198 potest,
1185 2158 1223 2186 et
1244 2151 1286 2186 in
1303 2158 1440 2187 nostro
1458 2150 1550 2188 loco

836 2218 1035 2243 venenum
1063 2218 1145 2243 non
1171 2208 1255 2257 ipsa
1286 2207 1357 2244 dea
1386 2209 1548 2253 miscet,

836 2263 905 2301 sed
938 2277 975 2300 v.
1008 2264 1088 2308 354
1113 2277 1163 2301 ex
1193 2263 1327 2302 afflatu
1358 2267 1551 2316 serpentis

836 2320 937 2358 illud
965 2323 1124 2371 corpori
1154 2335 1194 2359 se
1221 2322 1409 2360 insinuat.
1434 2325 1490 2360 At
1512 2337 1550 2360 v.

840 2378 921 2423 346
953 2390 1122 2429 anguem
1149 2379 1217 2416 illa
1248 2378 1297 2416 de
1329 2381 1455 2431 capite
1485 2380 1553 2417 de-

838 2444 1007 2473 tractum
1041 2436 1218 2474 immittit
1247 2439 1424 2485 Amatae3
1459 2451 1553 2489 ergo

837 2492 905 2530 illa
951 2493 1168 2545 Gorgoneis
1205 2495 1399 2546 anguibus
1434 2503 1553 2546 caput

838 2552 1012 2588 cinctum
1024 2550 1195 2590 habebat
1208 2564 1218 2590 :
1231 2553 1380 2591 scilicet
1396 2567 1446 2591 ex
1459 2566 1551 2604 poe-

840 2609 915 2645 tica
938 2609 1089 2647 ratione
1111 2623 1277 2648 venena
1300 2624 1374 2661 pro
1394 2623 1552 2661 serpen-

839 2666 947 2703 tibus
969 2665 1094 2713 dicta,
1116 2667 1264 2718 quibus
1281 2669 1399 2706 Furia
1421 2680 1552 2706 comas

836 2722 956 2761 habet
974 2724 1188 2776 implexas3
1208 2739 1333 2777 quum
1350 2725 1469 2763 semel
1484 2737 1549 2761 ve-

840 2794 945 2820 nena
972 2784 1188 2834 posuisset,
1214 2782 1366 2836 infecta
1391 2794 1533 2835 quoqu*
