1767 3054
668 111 820 150 Lmen
852 114 902 149 V.
1489 122 1537 169 37

39 188 143 232 Hoc
159 187 385 249 juvenem
408 182 651 246 egregium
678 183 921 244 praestanti
947 199 1144 232 munere
1169 190 1327 238 donat.

106 265 239 320 Post,
260 260 343 307 ubi
367 259 570 306 confecti
593 275 785 324 cursus,
812 271 858 305 et
883 258 1008 307 dona
1033 263 1215 325 peregit
1241 283 1250 308 :

39 358 56 376 «
83 339 243 394 Nunc,
268 335 307 383 si
329 335 407 381 cui
430 335 607 391 virtus,
629 335 910 397 animusque
934 335 983 381 in
1009 348 1204 400 pectore
1229 356 1458 403 praesens,

38 412 197 470 Adsit,
222 421 268 458 et
288 410 487 457 evinctis
509 410 703 457 adtollat
729 410 927 459 brachia
952 413 1133 475 palmis.
1159 436 1177 456 υ

38 488 116 535 Sic
139 487 225 545 ait,
250 498 296 533 et
320 487 560 550 geminum
584 504 756 550 pugnae
779 490 1006 552 proponit
1032 490 1286 550 honorcm3
1490 507 1547 537 365

35 563 218 610 Victori
241 563 448 610 velatum
471 580 589 610 auro
611 563 836 626 vittisque
850 565 1130 627 juvenetum

37 641 233 696 Ensem,
259 650 402 701 atque
428 640 658 702 insignem
681 640 885 703 galeam,
911 642 1077 689 solatia
1098 643 1241 690 victo.

37 718 136 762 Nec
158 729 314 773 mora;
338 716 567 761 continuo
587 715 732 762 vastis
757 732 864 762 cum
890 716 1075 764 viribus
1101 717 1241 765 essert

38 793 138 837 Ora
161 794 335 848 Dares,
359 807 627 853 magnoque
651 792 807 837 virum
831 808 881 839 se
904 809 1150 840 murmure
1177 795 1321 854 tollit;

39 865 179 912 Solus
202 866 285 928 qui
307 866 523 913 Paridem
550 867 716 914 solitus
744 866 1032 914 contendere
1051 881 1240 928 contra,
1491 883 1551 925 370

30 1099 110 1147 p'er
142 1095 342 1133 Helenum
378 1095 393 1146 (
411 1107 500 1144 sup.
545 1095 605 1130 III
626 1121 636 1139 ‚
681 1093 763 1137 465

40 1168 125 1205 sqq.
144 1154 173 1205 ).
201 1155 269 1193 Nil
288 1154 409 1190 refert
429 1165 438 1189 :
463 1151 530 1188 sed
555 1159 593 1188 et
623 1153 765 1188 AEneas

39 1226 90 1249 ex
111 1213 262 1263 templo
282 1213 416 1261 aliquo
443 1211 678 1247 Graecorum
701 1211 762 1246 in-

39 1278 98 1307 ter
110 1270 283 1321 praedam
305 1270 461 1307 auferre
476 1269 624 1318 potuit,
643 1275 689 1303 ut
702 1280 765 1304 co-

39 1329 102 1366 lor
119 1330 169 1365 sit
187 1329 324 1365 similis
341 1341 388 1364 ac
413 1329 487 1371 111,
503 1325 764 1363 286.—288.

102 1386 362 1430 362—484.
385 1385 511 1422 Etiam
534 1396 595 1434 ap.
617 1385 766 1420 Home-

41 1457 133 1482 rum
150 1440 368 1500 πυγμαχία.
387 1442 433 1479 fit
461 1441 575 1480 Iliad.
599 1438 649 1492 ψ,
679 1441 759 1479 651

39 1503 210 1554 -699.
232 1503 408 1541 Certavit
432 1514 524 1538 cum
551 1493 761 1551 poetarum

37 1570 150 1618 patre
174 1561 370 1614 Virgilius
388 1559 469 1597 fere
499 1561 543 1597 in
564 1558 732 1610 singulis
750 1587 760 1604 ‚

38 1629 85 1657 ut
107 1619 375 1672 comparando
393 1618 508 1657 facile
525 1617 761 1669 intelligent,

37 1678 185 1729 quibus
209 1678 295 1716 haec
326 1690 565 1729 cognoscere
585 1676 760 1713 lubitum

38 1745 117 1783 est,
137 1737 259 1775 modo
276 1738 477 1783 varietate,
498 1734 622 1773 modo
644 1747 762 1772 orna-

39 1803 96 1834 tu.
118 1797 298 1834 Omnino
327 1795 523 1846 placuisse
552 1793 628 1831 sibi
653 1793 764 1830 vide-

38 1861 106 1890 tur
124 1862 239 1904 poeta
259 1855 301 1890 in
322 1852 401 1890 hoc
426 1853 516 1890 loco
530 1881 541 1899 ‚
567 1853 684 1888 etiam
712 1850 763 1888 ab

37 1910 259 1961 Apollonio
269 1910 341 1948 lib.
364 1912 402 1947 11
419 1923 480 1960 pr.
498 1918 539 1947 et
558 1911 592 1947 T
594 1908 762 1948 heom-it.

40 1968 159 2020 ldyll.
187 1969 309 2006 xxn
335 1975 516 2004 tractato.
547 1967 763 2017 Virgilium

40 2028 155 2064 unice
173 2027 354 2075 sequitur
369 2026 515 2062 Statius
534 2022 661 2061 Theb.
679 2026 737 2060 VI
749 2052 761 2070 ,

42 2091 124 2134 249
148 2097 233 2134 sqq.
257 2086 387 2121 Poetae
404 2081 582 2119 studium
603 2082 647 2117 in
675 2093 763 2118 ora-

39 2143 148 2180 tione
165 2140 349 2179 varianda
367 2152 563 2191 cognosce
583 2140 702 2176 etiam
718 2140 763 2176 in

38 2199 110 2238 illo
123 2229 134 2246 ‚
154 2199 267 2251 quod
292 2198 422 2235 dicere
442 2197 573 2234 noluit
590 2196 765 2248 conficti

38 2271 173 2295 cursus
190 2267 230 2295 et
248 2257 360 2293 dona
372 2263 556 2306 peracta.
586 2259 626 2292 A
631 2255 761 2292 nimus

31 2328 213 2366 proesens
242 2316 404 2366 proprie
430 2314 473 2350 in
503 2313 730 2350 discrimine
747 2341 758 2359 ‚

37 2375 111 2424 qui
131 2375 216 2411 sine
241 2371 544 2424 perturbatione
557 2400 568 2417 ‚
589 2384 758 2421 quomo-

38 2431 93 2469 do
107 2431 289 2484 periculo
299 2438 498 2474 occurrat,
516 2438 585 2466 aut
604 2429 757 2466 hostem

39 2491 228 2528 sustineat
241 2518 252 2537 ‚
300 2488 422 2526 videt.
465 2487 595 2526 Debet
637 2488 759 2538 igitur

38 2559 134 2586 mox
151 2549 319 2586 omnino
337 2546 468 2584 dictus
494 2559 576 2583 esse
592 2559 666 2596 pro
683 2545 758 2583 for-

39 2605 103 2645 tia.
120 2605 237 2643 Adsit
264 2607 298 2643 is
320 2613 358 2643 et
389 2612 497 2642 cestu
516 2612 668 2656 pugnet
689 2615 699 2642 :
721 2611 759 2640 at

38 2675 156 2714 quam
184 2672 321 2702 ornate
354 2665 362 2700 !
395 2661 575 2701 Evinctis
603 2660 757 2713 palmis

39 2720 126 2760 scil.
163 2730 295 2769 cestu,
327 2720 477 2758 attolat
491 2749 502 2768 ‚
535 2728 581 2757 ut
615 2716 755 2773 ἀείρειν

40 2790 131 2818 voc.
159 2793 298 2831 propr.
330 2778 404 2817 bac
427 2780 472 2817 in
501 2791 556 2816 re.
578 2800 637 2808 —-
659 2779 756 2817 365.

273 2860 362 2904 111.

833 1093 1040 1144 Praepom't
1079 1095 1230 1146 aliquot
1272 1096 1379 1146 apud
1416 1098 1555 1139 Burm.

832 1151 1211 1191 male.—Honorem
1240 1168 1278 1192 v.
1305 1154 1426 1193 modo
1448 1156 1496 1193 ad
1516 1172 1555 1196 v.

836 1210 932 1259 349.
966 1211 1178 1256 Velamm,
1216 1222 1403 1250 ornatum
1435 1214 1554 1266 (sup.

832 1266 881 1301 ad
912 1281 950 1305 v,
986 1282 1035 1315 72
1055 1269 1090 1319 )‚
1116 1283 1215 1306 auro
1245 1271 1459 1322 vittisque,
1486 1287 1557 1310 seu

831 1325 929 1360 vitta
964 1325 1130 1363 lamellis
1165 1329 1293 1364 aureis
1338 1329 1524 1368 distincta
1547 1360 1558 1377 ,

833 1394 901 1418 seu
923 1390 967 1418 ut
989 1396 1140 1420 cornua
1161 1394 1295 1422 aurata
1315 1387 1422 1433 sint3
1448 1389 1558 1426 vittis

835 1452 919 1476 ceri
930 1441 982 1478 ici
997 1443 1194 1493 impositis
1208 1471 1218 1489 ‚
1245 1445 1324 1480 ritu
1345 1445 1530 1497 religioso
1545 1475 1556 1492 ,

831 1499 949 1535 etiam
973 1502 1017 1538 in
1038 1504 1313 1539 monumentis
1336 1502 1483 1551 obvio,
1513 1514 1559 1542 ut

829 1557 872 1592 in
891 1569 986 1595 arcu
1004 1561 1097 1598 Titi.
1121 1560 1171 1598 cf.
1197 1563 1306 1598 Serv.
1326 1569 1365 1598 et
1389 1562 1460 1600 inf.
1481 1564 1556 1608 lx,

829 1614 928 1662 627.

899 1677 998 1714 368.
1023 1676 1119 1714 Cum
1144 1678 1360 1714 erasnmin
1381 1679 1554 1717 Dorvill.

829 1737 970 1789 Asserc
980 1737 1139 1786 Hugen.
1160 1735 1281 1787 offert
1297 1735 1467 1774 Oudart.
1483 1739 1553 1774 Vi-

829 1795 879 1832 de
905 1793 1026 1832 modo
1052 1807 1090 1831 v.
1119 1794 1217 1843 359.
1253 1793 1329 1832 Sed
1359 1807 1455 1839 ora,
1482 1807 1549 1840 se,

831 1853 947 1906 effert
957 1882 970 1899 ‚
990 1853 1130 1903 ingens
1149 1853 1225 1888 viri
1246 1865 1394 1902 corpus
1412 1853 1554 1890 melius

830 1912 1026 1955 declarat;
1061 1917 1107 1946 ut
1144 1923 1241 1946 mox
1278 1923 1319 1946 se
1354 1910 1470 1948 tollit.
1495 1932 1554 1941 --

833 1970 1076 2013 368—377.
1093 1968 1258 2004 Homer.
1280 1966 1306 2003 l.
1330 1979 1363 2004 c.
1391 1968 1475 2012 664
1492 1981 1552 2018 sq.

830 2028 990 2074 -370.
1009 2024 1131 2069 Paris,
1149 2024 1271 2075 vulgo
1287 2037 1362 2074 pro
1377 2024 1551 2072 imbelli,

830 2086 975 2135 ignavo
997 2090 1034 2120 et
1063 2081 1277 2119 mulieroso
1297 2080 1460 2120 homine
1482 2083 1552 2120 ha-

830 2142 916 2178 beri
949 2140 1111 2185 solitus,
1147 2152 1221 2176 nec
1260 2139 1367 2190 apud
1400 2142 1552 2178 Home-

829 2213 918 2236 rum
936 2199 1045 2236 omni
1068 2197 1216 2234 xirtute
1232 2206 1350 2243 caret,
1371 2207 1417 2235 ut
1434 2198 1550 2237 Iliad.

828 2271 870 2311 γ,
888 2259 930 2295 in
950 2256 1162 2293 certamine
1181 2268 1273 2292 cum
1287 2255 1494 2303 Menelao,
1507 2271 1525 2294 ν
1537 2286 1549 2304 ,

830 2315 910 2362 765
944 2327 1029 2365 sqq.
1049 2317 1096 2359 λ,
1121 2314 1202 2350 580
1226 2321 1264 2350 et
1299 2314 1348 2352 al.
1374 2327 1394 2351 a
1420 2317 1550 2365 poetis

827 2383 957 2410 tamen
979 2381 1070 2423 post
1087 2373 1308 2409 Homerum
1325 2372 1455 2410 multo
1473 2386 1552 2410 ma-

822 2433 909 2479 j0re
950 2431 1097 2467 virtute
1134 2431 1347 2481 insignitus
1375 2439 1462 2477 est3
1503 2432 1547 2468 in

824 2489 970 2540 praeliis
985 2489 1090 2525 enim
1108 2496 1198 2538 post
1215 2489 1401 2525 Hectoris
1422 2487 1546 2525 farum

824 2547 937 2584 factis
947 2574 959 2594 ,
973 2546 1159 2596 frequens
1176 2547 1259 2594 ejus
1270 2554 1328 2583 est
1340 2547 1542 2585 memoria.

826 2604 1119 2643 certaminibus
1139 2612 1270 2642 autem
1285 2603 1447 2642 inclitus
1470 2605 1544 2642 fao-

824 2671 887 2700 tus
914 2671 973 2701 est
1000 2661 1065 2700 rel
1094 2675 1146 2700 ex
1174 2675 1221 2700 eo
1239 2691 1250 2710 ,
1274 2661 1409 2713 quod,
1437 2663 1544 2700 inter

823 2728 999 2771 pastores
1035 2721 1209 2758 nutritus
1247 2733 1373 2771 quum
1410 2729 1510 2758 esset
1527 2749 1539 2766 ‚

823 2780 1035 2817 certamine
1055 2792 1075 2815 a
1102 2780 1257 2818 Priamo
1275 2780 1460 2816 instituto
1477 2791 1539 2829 ag-

1305 2864 1330 2911 [ρ
