1767 3054
156 147 208 190 64
783 139 1027 177 AENEIDOS

154 223 316 277 Quum
341 215 429 262 dea
452 230 500 262 se
521 212 716 276 paribus
741 228 827 275 per
853 211 1022 257 coelum
1047 212 1235 258 sustulit
1257 213 1362 271 alis,

151 298 491 356 lugentemque
518 291 629 353 fuga
652 289 801 335 secuit
822 286 912 333 sub
936 287 1145 335 nubibus
1167 305 1343 336 arcum.

153 376 274 420 Tum
298 385 414 417 vero
437 367 660 414 adtonitae
683 365 928 421 monstris,
955 375 1164 427 actaeque
1190 367 1376 424 furore,

152 446 478 501 Conclamant,
500 442 786 504 rapiuntque
813 439 928 486 focis
950 441 1271 501 penetralibus
1296 442 1477 504 ignem3

1597 453 1659 483 660

152 525 265 568 Pars
289 520 491 583 spoliant
516 533 644 572 aras,
670 514 887 561 frondem
907 531 960 560 ac
983 515 1191 576 virgulta
1211 516 1430 579 facesque

153 595 422 658 Conjiciunt
445 612 454 638 ε
483 591 598 638 furit
617 590 820 636 inmissis
844 590 1085 636 Volcanus
1111 589 1310 638 habenis

154 674 381 716 Transtra
401 684 502 731 per,
526 678 572 712 et
592 680 771 722 remos,
797 674 843 710 ct
870 664 1019 726 pictas
1045 663 1200 710 abiete
1222 665 1410 728 puppis.

218 744 426 791 Nuntius
449 740 668 787 Anchisae
693 739 753 785 ad
774 739 1009 785 tumulum
1034 755 1304 801 cuneosque
1325 740 1497 786 theatri

155 823 375 865 Incensas
395 816 575 879 perfert
594 817 725 861 navis
747 814 991 873 Eumelus;
1018 826 1064 860 et
1084 814 1176 876 ipsi
1599 824 1660 855 665

156 894 435 957 Respiciunt
461 902 611 938 atram
634 891 684 937 in
703 890 866 936 nimbo
887 890 1087 936 volitare
1111 890 1333 938 favillam.

158 969 343 1015 Primus
367 979 414 1012 et
436 966 689 1023 Ascanius,
714 982 880 1012 cursus
905 976 957 1011 ut
978 965 1110 1012 laetus
1136 965 1368 1027 equestris

158 1042 399 1099 Ducebat,
425 1041 491 1088 sic
514 1057 621 1086 acer
647 1055 771 1102 equo
797 1039 987 1086 turbata
1012 1039 1182 1103 petivit

161 1120 347 1175 Castra,
370 1132 457 1161 nec
481 1116 720 1161 exanimes
744 1125 942 1177 possunt
964 1115 1169 1160 retinere
1193 1114 1419 1176 magistri.

1600 1124 1663 1164 669

164 1213 184 1234 «
211 1193 330 1249 Quis
360 1191 494 1237 furor
515 1189 603 1236 iste
632 1190 814 1236 novus?
834 1204 930 1250 quo
954 1204 1102 1246 nune,
1125 1203 1221 1250 quo
1245 1187 1458 1245 tenditis,
1483 1187 1662 1249 inquit,

163 1270 272 1313 Heu
290 1266 474 1313 miserae
494 1266 648 1312 cives?
668 1281 765 1310 non
783 1264 990 1325 hostem,
1011 1264 1296 1326 inimicaque
1315 1273 1468 1310 castra

165 1474 264 1500 num
282 1474 363 1497 esse
381 1461 522 1496 solent.
547 1459 658 1494 Facis
683 1461 883 1495 'vocantia

166 1531 315 1571 regna,
350 1525 397 1553 ut
419 1515 520 1567 saca
558 1524 735 1560 vocant,
767 1525 882 1553 τεν-ηε

165 1585 323 1614 vocant
340 1587 427 1624 sup.
447 1575 486 1619 1,
501 1573 608 1618 6103
623 1575 675 1609 ita
690 1586 800 1610 nunc
818 1587 885 1610 ex-

168 1634 354 1686 quisitius
392 1645 456 1683 reD
440 1644 521 1667 σηα,
565 1639 723 1667 vocant
750 1629 855 1681 satis
867 1659 879 1677 ,

167 1691 362 1738 oraculis,
382 1690 449 1727 vel
468 1703 518 1726 ex
541 1688 712 1725 fatorum
730 1688 883 1726 ordine.

167 1770 223 1779 —-·
236 1748 407 1787 Paribus
418 1776 429 1794 ,
446 1748 594 1797 pariter
611 1746 763 1782 libratis
776 1774 787 1792 ,
809 1745 887 1782 alls

167 1821 206 1845 v.
232 1818 322 1856 sup.
347 1807 421 1850 IV,
448 1805 545 1841 252.
575 1803 682 1840 conf.
705 1803 816 1841 Iliad.
845 1816 884 1849 ε,

171 1864 339 1912 778.—
359 1862 457 1900 658.
484 1860 618 1898 Secuit
643 1873 804 1906 arcum,
829 1875 886 1898 se-

169 1920 297 1958 cando
333 1933 463 1957 aerem
492 1919 586 1956 fecit
612 1931 773 1965 arcum,
794 1927 881 1964 aut,

165 1978 277 2030 quod
296 1978 453 2024 malim,
475 1977 644 2014 ductum
667 1991 718 2015 ex
737 1975 885 2030 τέμνειν

169 2032 285 2083 ὁδὸν,
312 2033 532 2082 θάλασσαν,
561 2031 685 2088 ἀέρα,
717 2037 887 2085 petitum

168 2094 219 2131 ab
242 2107 428 2147 agrorum
446 2093 564 2130 sulcis
573 2106 584 2139 ;
606 2101 652 2129 ut
671 2093 743 2139 sit,
765 2092 889 2129 inces-

167 2153 226 2192 sic,
234 2165 313 2202 per
331 2165 481 2189 arcum.
510 2153 610 2190 Nam
629 2164 701 2201 per
728 2163 884 2198 arcum,

168 2218 358 2259 tanquam
384 2210 605 2255 tramitem,
639 2208 796 2246 evolare
824 2209 887 2246 de-

169 2267 272 2304 hait.
294 2267 344 2303 cf.
365 2279 452 2316 sup.
477 2267 559 2316 609
574 2294 585 2310 ‚
611 2266 709 2304 610.

229 2324 312 2373 659
325 2345 384 2351 ——
398 2325 495 2361 663.
532 2323 646 2360 Focis
665 2324 888 2373 penetrali-

169 2382 260 2426 bus,
287 2382 399 2419 focos
425 2380 644 2430 penetrales
670 2381 794 2428 dixit,
817 2383 888 2432 qui

168 2441 212 2476 in
231 2438 502 2489 penetralibus
522 2438 646 2489 (locis
668 2452 737 2475 seu
762 2452 888 2476 sacra-

168 2496 252 2547 riis)
266 2505 383 2543 sunt3
403 2504 508 2533 recte
528 2497 735 2534 Donatus:
757 2509 807 2533 ex
827 2499 888 2533 in-

169 2554 382 2591 terioribus
423 2553 604 2603 partibus
647 2552 886 2602 (domorum

167 2611 460 2661 proximarum)
471 2610 652 2647 incendia
667 2611 885 2660 rapiebant.

168 2670 274 2718 Opp.
296 2681 380 2704 arce
403 2676 578 2717 quatuor
596 2682 633 2705 v.
655 2669 758 2716 639,
786 2669 883 2707 662.

168 2727 377 2763 Praetverat
396 2726 476 2771 jam
503 2727 659 2762 Lucret.
685 2728 745 2771 V,

170 2783 253 2831 785

777 2727 858 2770 „84

287 2795 296 2821 ἰ
328 2782 620 2833 Arboribusque
654 2751 792 2820 damni
828 2755 887 2821 es}

954 1459 1165 1496 Crescendi
1181 1471 1373 1510 magnum
1386 1458 1572 1496 immissis
1587 1472 1665 1497 cer-

951 1526 1087 1552 tamen
1108 1515 1276 1552 habenis
1285 1530 1302 1560 ;
1320 1517 1496 1553 imitatus
1510 1516 1588 1554 hoc
1608 1519 1666 1556 Si-

949 1573 1026 1610 lius
1043 1575 1116 1620 IV,
1137 1573 1220 1609 682
1236 1601 1247 1620 ‚
1274 1574 1355 1610 683
1372 1601 1382 1620 ‚
1403 1573 1502 1610 adde
1521 1576 1640 1612 XVII
1656 1603 1667 1620 ,

954 1631 1022 1680 96.
1044 1629 1138 1682 (Ex)
1156 1631 1285 1668 abiete
1298 1644 1469 1682 puppes,
1489 1630 1504 1682 (
1515 1628 1554 1677 ἐξ
1579 1629 1667 1670 ἐλαί-

952 1700 1018 1731 τ-ής
1033 1701 1108 1738 pro
1127 1690 1210 1732 νῆες
1230 1687 1428 1740 ἐλά-τιναι)
1438 1689 1561 1739 piccae
1575 1717 1585 1735 ,
1604 1691 1671 1728 vel

955 1746 1088 1782 colore
1113 1745 1309 1792 inductae,
1341 1755 1386 1783 ut
1411 1759 1473 1797 ap.
1503 1748 1668 1785 Homer.

953 1800 1235 1856 μιλτοπάρῃοι,
1252 1804 1316 1841 vel
1340 1813 1505 1854 propter
1521 1805 1670 1854 pictam

953 1860 1117 1897 tutelam
1145 1863 1189 1898 in
1222 1864 1372 1912 puppi,
1409 1869 1478 1899 aut
1522 1874 1671 1912 parase-

953 1931 1048 1955 mon
1070 1920 1114 1955 in
1132 1932 1252 1970 prora
1269 1921 1437 1970 pictum.
1470 1918 1520 1956 cf.
1543 1920 1668 1958 Cerda

954 1985 992 2013 et
1009 1978 1147 2015 Heins.
1752 2006 1753 2010 ,

1013 2034 1110 2079 664.
1133 2035 1341 2073 cumulum
1355 2035 1451 2073 alter
1462 2035 1668 2073 Hamb.--
1735 2028 1752 2058 ’Δ

955 2092 1038 2138 664
1054 2114 1114 2122 -
1131 2093 1228 2143 669.
1255 2092 1407 2130 Cuneo-5
1422 2092 1594 2130 theatri:
1613 2093 1672 2131 lo-

954 2163 1047 2187 cum
1064 2163 1293 2198 consessus;
1315 2165 1353 2189 v.
1374 2164 1462 2202 sup.
1485 2151 1563 2199 287
1584 2164 1669 2202 sqq.

953 2230 1011 2237 ——-
1042 2209 1140 2246 666.
1173 2209 1423 2259 Perspiciunc
1448 2208 1570 2248 Goth.
1603 2209 1670 2246 alt.

954 2268 1005 2303 In
1037 2266 1180 2304 nubem
1203 2268 1332 2318 Bigot.
1364 2280 1386 2303 a
1415 2280 1468 2304 m.
1496 2279 1597 2311 sec.‚
1619 2279 1670 2303 ex

951 2325 1291 2375 interpretatione.
1312 2326 1430 2362 Forte
1458 2322 1499 2360 in
1517 2323 1670 2375 elegan-
1726 2371 1727 2374 Ἰ

953 2383 1033 2419 tius
1067 2382 1193 2429 absit3
1211 2381 1281 2418 sed
1313 2383 1357 2418 in
1388 2380 1533 2418 talibus
1566 2381 1670 2418 nihil

952 2439 1184 2476 novandum
1211 2451 1221 2476 :
1250 2437 1573 2489 quandoquidem
1598 2440 1670 2476 rix
1728 2437 1741 2481 ,ι’
1766 2447 1767 2460 ¹

954 2504 1100 2534 certam
1130 2497 1300 2547 aliquam
1327 2497 1520 2533 rationem
1547 2504 1669 2534 tenes.
1715 2541 1725 2552 v

952 2575 1010 2582 -—
1023 2554 1121 2601 667.
1150 2555 1343 2592 Ascanius
1357 2583 1367 2600 ‚
1387 2563 1432 2591 ut
1453 2563 1558 2601 erat,
1584 2567 1670 2591 cur·
1709 2554 1739 2635 ὲ

952 2624 1042 2648 sum
1061 2611 1112 2647 ad
1141 2611 1278 2648 navale
1300 2614 1522 2659 convertit3
1543 2611 1670 2649 turba-
1712 2614 1743 2659 ‚i

954 2676 998 2704 ta
1015 2677 1171 2715 castra,
1194 2669 1376 2716 classem,
1396 2683 1434 2708 v.
1454 2683 1543 2720 sup.
1575 2670 1666 2716 III,
1706 2658 1747 2728 ἐξ

956 2726 1050 2775 519.
1077 2725 1263 2778 Blagistri
1292 2727 1403 2774 546,
1430 2728 1526 2765 562.
1545 2728 1668 2763 Asca·
1711 2723 1740 2768 ἓ

950 2784 1019 2820 nio
1039 2792 1170 2821 autem
1197 2786 1350 2837 egregie
1377 2785 1518 2835 aliquae
1540 2792 1670 2834 partes
1704 2777 1729 2862 -ξῖ

1712 2863 1726 2894 3

1715 2956 1722 2976 l

1715 2988 1721 3005 ο
