1767 3054
700 114 854 153 LIBER
885 116 1000 152 VIII.

1522 119 1603 168 309

101 192 407 253 Prospectum
429 185 634 249 eripiens
657 186 831 243 oculis,
857 186 1182 248 glomeratque
1204 187 1293 234 sub
1315 200 1451 237 antro

100 265 387 313 Fumiferam
408 274 595 309 noctem
621 263 872 309 conmixtis
895 262 1003 324 igne
1029 261 1254 309 tenebris.
1543 277 1601 306 235

101 342 210 387 Non
234 339 339 385 tulit
362 338 550 384 Alcides
576 337 764 395 animis,
791 354 934 400 seque
959 338 1060 399 ipse
1086 354 1171 400 per
1194 337 1352 400 ignem

99 412 334 475 Praecipiti
358 413 518 475 injecit
538 413 684 470 saltu,
713 430 808 475 qua
830 412 1062 476 plurimus
1087 413 1264 459 undam

97 489 135 534 F
137 502 274 534 umus
301 487 420 549 agit,
446 487 716 551 nebulaque
741 489 904 552 ingens
926 504 1094 550 specus
1121 499 1288 535 aestuat
1313 498 1428 535 atra.

97 561 188 608 Hic
212 564 389 609 Cacum
413 563 462 609 in
486 563 694 611 tenebris
718 564 935 610 incendia
956 580 1079 611 vana
1098 578 1371 613 vomentem

97 637 315 700 Conripit
339 638 387 683 in
408 638 588 686 nodum
611 640 910 704 complexus,
939 649 986 686 et
1010 641 1140 702 angit
1165 641 1400 688 inhaerens
1541 652 1600 681 ²⁶0

97 709 249 758 Elisos
274 713 461 770 oculos,
486 724 531 759 et
555 714 733 760 siccum
757 716 984 777 sanguine
1009 725 1190 777 guttur.

98 785 328 833 Panditur
348 789 588 850 extemplo
617 789 801 836 foribus
827 790 996 836 domus
1022 801 1126 837 atra
1151 789 1374 849 revolsis;

98 860 458 924 Abstractaeque
480 862 652 922 boves,
679 864 1004 928 abjurataeque
1027 865 1206 928 rapinae

99 935 229 982 Coelo
254 936 593 995 ostenduntur,
619 938 919 1001 pedibusque
944 940 1146 986 informe
1169 939 1372 986 cadaver

100 1011 403 1058 Protrahitur
425 1030 435 1057 :
461 1026 706 1076 nequeunt
728 1016 910 1077 expleri
935 1015 1080 1061 corda
1104 1014 1281 1061 tuendo
1549 1024 1610 1053 ²6⁵

99 1085 349 1152 Terribilis
374 1090 560 1147 oculos,
585 1092 789 1148 voltum,
815 1092 1077 1153 villosaque
1103 1092 1213 1137 setis

101 1165 301 1209 Pectora
323 1165 555 1223 semiferi,
581 1178 723 1229 atque
745 1168 1001 1214 exstinctos
1027 1166 1244 1214 faucibus
1267 1166 1402 1229 ignis.

103 1239 176 1283 Ex
200 1237 281 1284 illo
305 1238 571 1287 celebratus
596 1241 772 1300 honos,
797 1243 988 1305 laetique
1012 1243 1220 1289 minores

169 1432 266 1470 256.
296 1432 482 1477 Animis,
517 1445 600 1483 prae
630 1434 702 1472 ira.
747 1437 826 1472 Un-

108 1494 205 1530 dam
236 1506 250 1528 .·
271 1492 420 1540 Georg.
455 1492 497 1537 I,
533 1498 614 1537 47²
650 1491 829 1528 Vidimus

109 1550 332 1587 undantem
356 1548 479 1598 ruptis
485 1547 724 1599 fornacibus
741 1551 829 1587 AEc-

111 1622 283 1647 nam.—
295 1610 444 1645 Ornate
457 1607 589 1644 omnia
607 1620 617 1645 z
639 1607 827 1658 nebulaq-

108 1667 135 1705 ι’.
156 1680 253 1718 pro,
279 1679 357 1717 qua
377 1674 487 1717 parte
508 1678 650 1714 specus
681 1665 830 1702 densis-

110 1727 235 1762 simus
253 1733 311 1761 est
327 1724 482 1769 fumus3
501 1731 546 1758 ut
558 1736 689 1769 mare,
707 1723 824 1775 ignis,

114 1790 274 1828 aestuat,
292 1783 349 1818 sic
366 1779 643 1831 nuncfumus.
658 1805 715 1810 —
732 1782 829 1830 259.

116 1840 181 1876 Sic
223 1839 305 1877 duo
347 1840 564 1876 Burmann.
605 1841 830 1875 stloventem

116 1896 239 1935 Goth.
269 1904 358 1932 tert.
387 1908 479 1931 cum
511 1903 599 1932 tert.
634 1896 801 1933 Mentel.
821 1924 831 1941 ,

114 1953 226 2005 quod
263 1954 362 1989 mire
403 1951 578 1988 blandiri
615 1953 699 1989 vidi
745 1954 833 1989 viro

117 2013 259 2056 docto,
277 2011 348 2060 qui
363 2017 468 2046 recte
486 2008 742 2056 observabat,
763 2024 835 2046 νο-

118 2082 225 2106 mere
234 2070 314 2116 jam
326 2067 575 2104 antecessisse
585 2094 594 2111 ‚
614 2077 833 2104 moventem

117 2136 252 2165 autem
287 2138 369 2162 esse
405 2126 641 2174 exquisitius
673 2134 712 2161 et
743 2138 834 2175 pro-

118 2186 252 2236 prium
279 2185 324 2220 iu
345 2183 413 2219 tali
444 2196 486 2219 re
518 2191 724 2232 poetarum
746 2196 832 2219 ver-

119 2244 229 2280 bum.
253 2243 478 2279 Novarum
497 2240 594 2277 alter
611 2240 832 2291 Hamburg.

120 2301 297 2345 —260‚
324 2299 421 2336 261.
443 2297 561 2335 Elidit
587 2298 719 2334 fauces
743 2300 835 2336 Caci

120 2368 204 2396 arto
223 2357 478 2395 brachiorum
492 2355 600 2393 nodo
612 2356 835 2394 constricti:

119 2419 175 2454 ita
193 2424 240 2454 ut
255 2414 452 2453 elidantur
465 2414 570 2451 oculi
584 2427 594 2459 ;
616 2426 726 2450 more
740 2415 839 2451 Her-

121 2475 244 2520 culis,
279 2487 365 2525 quo
386 2473 450 2509 leo
478 2480 516 2509 et
540 2474 706 2509 Antaeus
729 2472 838 2508 fuere

121 2532 245 2570 occisi
265 2543 275 2569 :
295 2544 415 2582 quem
447 2529 621 2567 deseruit
659 2532 838 2579 Propert.

124 2592 197 2638 lv,
223 2603 270 2639 9,
307 2589 355 2626 15
389 2587 485 2639 (ubi
509 2600 670 2638 quoque
694 2589 839 2637 triceps

127 2647 282 2699 Cacus)
301 2659 395 2684 cum
417 2645 535 2685 Ovid.
562 2648 580 2683 1
609 2648 709 2683 Fast.
735 2646 837 2692 576,

126 2705 199 2743 ubi
214 2705 324 2743 clava
338 2705 584 2741 interimitur
603 2704 744 2741 Cacus.
768 2703 835 2753 (cf.

128 2763 322 2814 Spencius
343 2762 538 2813 Polymet.
563 2775 603 2813 p.
630 2762 754 2813 123.)
788 2762 836 2798 In

897 1434 1046 1470 nodum
1071 1433 1230 1470 doctius
1249 1445 1369 1482 qnam
1389 1431 1498 1470 nodo
1512 1462 1522 1480 ‚
1546 1447 1615 1484 por

894 1491 1061 1530 nodum.
1096 1490 1336 1540 Complexus
1366 1491 1525 1542 corripit
1555 1506 1618 1530 or-

896 1559 987 1587 nate
1017 1562 1091 1598 pro
1125 1549 1418 1599 complectitur.
1441 1570 1499 1577 ·-
1518 1550 1614 1587 263.

898 1608 1109 1659 Abjuratce
1138 1606 1291 1656 rapinas
1303 1622 1320 1652 ;
1348 1608 1510 1657 respicit
1532 1610 1615 1659 epi-

897 1665 1039 1702 theton
1063 1678 1146 1701 rem
1166 1678 1286 1714 supra
1310 1678 1394 1702 non
1425 1678 1617 1703 memora—

897 1732 977 1760 tam
990 1752 1000 1770 ‚
1029 1722 1097 1759 sed
1118 1723 1322 1760 intellectu
1341 1723 1494 1760 facilem
1512 1736 1520 1761 ε
1544 1724 1616 1762 Ca-

899 1794 993 1817 cum
1016 1781 1194 1830 perjurio
1225 1793 1386 1830 negasse
1418 1794 1458 1816 se
1493 1780 1617 1818 hoves

899 1837 1006 1888 apud
1035 1851 1075 1874 se
1107 1837 1266 1874 habere.
1291 1859 1349 1865 ——
1380 1838 1476 1874 265.
1500 1839 1615 1876 Conf.

900 1895 1014 1931 Iliad.
1046 1908 1096 1942 χ,
1132 1895 1212 1943 369
1240 1907 1324 1944 sqq.
1357 1893 1406 1930 de
1429 1897 1615 1934 Hectore.

902 1951 1106 1989 Exliibent
1126 1964 1208 1988 rein
1229 1951 1311 1988 duo
1330 1954 1443 1989 numi
1455 1955 1620 1991 maximi

901 2009 1056 2046 moduli
1073 2022 1121 2045 ex
1146 2022 1221 2045 aere
1239 2008 1502 2048 nobilissimi:
1519 2012 1619 2049 alter

901 2067 1100 2104 Antonini
1116 2068 1186 2112 Pii,
1201 2066 1297 2103 alter
1309 2069 1366 2105 M.
1380 2069 1548 2107 Aurelii.
1559 2072 1619 2108 Pii

901 2138 1048 2161 numus
1068 2124 1168 2160 alius
1186 2133 1257 2170 est,
1269 2126 1311 2162 in
1331 2138 1412 2175 quo
1425 2127 1619 2165 Hercules

901 2183 984 2232 ipse
994 2182 1042 2220 ad
1051 2194 1157 2218 aram
1170 2184 1380 2219 maximam
1393 2183 1620 2222 sacrificans

903 2240 1130 2285 exhibetur;
1141 2248 1178 2276 et
1192 2242 1331 2277 tertius
1343 2255 1433 2278 cum
1446 2243 1619 2281 Hercule

903 2298 1092 2347 epulum,
1125 2296 1235 2347 quod
1257 2299 1496 2345 instituerat,
1520 2301 1618 2338 cele-

905 2355 1058 2393 brante.
1084 2357 1314 2393 Occurrunt
1343 2357 1449 2407 apud
1476 2371 1619 2396 numo-

905 2413 1089 2465 graphos,
1110 2421 1194 2450 tum
1206 2427 1267 2464 ap.
1282 2414 1442 2453 Eckhel.
1456 2418 1500 2454 iu
1517 2419 1625 2454 Doc-

907 2472 1008 2507 trina
1026 2484 1138 2509 num.
1159 2471 1239 2509 vol.
1257 2474 1350 2519 VII,
1371 2487 1411 2523 p.
1431 2487 1484 2524 29
1502 2488 1560 2525 sq.

967 2529 1064 2567 268.
1101 2528 1332 2567 celebratur
1356 2544 1447 2581 pars
1482 2534 1620 2570 Heius.

907 2586 1024 2625 codd.
1063 2597 1239 2624 servatur
1276 2590 1405 2639 Bigot.
1445 2599 1620 2627 servatus

907 2645 1027 2683 Goth.
1041 2654 1128 2684 tert.
1138 2647 1277 2683 Honor
1287 2660 1338 2684 ex
1347 2648 1468 2686 Prisc.
1483 2650 1619 2686 Burni.

906 2724 962 2731 -
975 2705 1079 2741 Hinc
1094 2716 1250 2741 sacmm
1267 2705 1457 2743 celebrari
1476 2708 1596 2756 coepit
1610 2734 1621 2751 ‚

905 2760 1015 2812 quod
1030 2763 1180 2813 posteri
1195 2762 1386 2801 traditum
1402 2773 1623 2809 servarunt,
