1767 3054
704 111 858 150 LIBER
889 112 1002 149 VIII.

1520 115 1601 151 335

113 183 412 245 Suspiciunt3
436 181 608 226 iterum
637 190 778 243 atquc
803 181 976 228 iterum
1007 181 1167 244 fragor
1189 180 1400 245 increpat
1424 183 1601 248 ingens.

113 261 259 303 Arma
281 258 403 303 inter
422 253 620 323 pubem,
644 255 748 302 coeli
772 255 819 301 in
840 256 1033 318 regione
1057 272 1243 316 serena,

114 335 202 378 Per
225 331 394 378 sudum
421 330 617 376 rutilare
638 330 827 388 vident,
851 343 897 378 ct
920 331 1055 393 pulsa
1080 342 1259 377 tonare.

113 405 415 468 Obstupuere
438 405 604 452 animis
629 406 731 464 alii3
757 406 838 452 scd
858 406 1029 452 Troius
1053 405 1195 452 heros

1544 419 1604 448 530

111 481 319 543 Agnovit
341 481 546 527 sonitum
570 493 616 528 et
639 482 761 528 divae
785 482 1014 544 promissa
1037 480 1259 543 parentis.

110 558 231 602 Tum
254 566 484 602 memorat
509 574 519 601 :
543 578 561 598 α
581 560 653 604 Ne
677 572 817 614 vcro,
842 556 1035 617 hospes,
1060 572 1120 601 ne
1144 571 1304 617 quaere
1330 555 1567 618 profecto,

111 632 267 687 Quem
293 646 452 677 casum
473 642 692 694 portenta
718 632 890 689 ferant3
917 646 1004 693 ego
1029 645 1200 692 poscor
1228 631 1448 693 Olympo.

109 707 216 751 Hoc
238 706 423 768 signum
447 707 615 752 cecinit
639 707 885 753 missuram
912 705 1020 752 diva
1041 706 1270 764 creatrix,
1305 755 1308 758 ,

113 779 163 826 Si
186 779 363 825 bellum
386 780 651 841 ingrueret,
671 781 991 844 Volcaniaque
1015 795 1144 826 arma
1167 796 1253 842 per
1274 794 1411 826 auras

113 859 337 901 Laturam
361 854 551 900 auxilio.

117 1031 227 1083 nica)
245 1031 338 1069 tuba
350 1060 361 1077 ,
385 1045 405 1069 a
422 1029 641 1082 Tyrrhenis
657 1059 667 1077 ,
692 1040 738 1069 ut
758 1045 829 1069 no-

115 1099 200 1128 tum
242 1098 323 1136 est,
357 1091 542 1134 inventa3
579 1097 619 1125 et
649 1088 827 1126 doctius:

120 1147 344 1197 Tyrrhenus
354 1146 645 1198 clangortuboe.
662 1169 719 1174 —
734 1148 830 1194 527.

118 1207 319 1255 Increpat.
355 1206 618 1244 Consentiunt
649 1206 692 1241 in
730 1204 832 1241 hanc

117 1263 328 1300 lectionem
360 1262 409 1298 ab
428 1263 591 1299 Heinsio
615 1261 761 1298 illatam
776 1290 786 1307 ,
812 1274 833 1298 a

118 1322 347 1358 Burmanno
364 1332 474 1366 vero,
487 1320 655 1365 incuria,
674 1328 717 1356 ut
734 1319 833 1356 arbi-

119 1387 228 1424 tror,
270 1379 414 1414 iterum
453 1378 636 1414 omissam
651 1405 660 1423 ,
697 1368 833 1414 omnes

119 1436 410 1486 praestantiores
426 1435 580 1472 Heinsii
594 1443 631 1471 et
641 1435 759 1472 Pierii
773 1447 835 1471 co-

119 1493 225 1530 dices
243 1505 335 1530 cum
358 1494 384 1531 J
388 1492 469 1530 ulio
495 1491 662 1538 Sabino,
686 1505 775 1542 quae
795 1500 834 1528 et

118 1552 201 1602 ipsa
229 1550 363 1600 paullo
393 1549 549 1587 doctior
571 1557 648 1595 est,
675 1562 750 1599 pro
770 1561 831 1585 so-

120 1618 210 1653 nat,
234 1615 279 1644 ut
301 1607 373 1646 inf.
392 1609 469 1654 IX,
493 1608 573 1652 504
591 1606 638 1643 de
656 1606 758 1643 tubae
774 1619 833 1642 so-

121 1665 204 1703 nitu
217 1680 232 1709 ,·
252 1673 291 1702 et
311 1664 444 1702 Iocum
473 1665 563 1701 facit
585 1665 715 1701 versui
736 1663 831 1701 hinc

119 1724 260 1769 tertio,
288 1723 369 1772 529
399 1721 493 1759 hinc
520 1722 641 1772 pulsa
679 1730 830 1759 tonare.

121 1783 290 1818 Intonat
298 1788 452 1817 tantum
465 1780 702 1817 recentiores
714 1778 831 1816 codd.

120 1837 283 1882 insidet,
320 1845 359 1873 et
397 1836 486 1874 edd.
529 1844 699 1881 veteres,
738 1848 834 1886 quas

122 1895 278 1939 evolvi,
296 1892 416 1930 Aldd.
445 1900 483 1929 et
498 1891 595 1928 hinc
611 1893 808 1941 profectas
822 1919 832 1937 ,

121 1964 272 1989 omues.
287 1952 477 2000 Agnoscit
491 1962 650 1998 quoque
662 1951 832 1986 Servius

126 2011 251 2045 Sonus
279 2007 438 2044 intonat
471 2006 581 2044 Gud.
615 2019 637 2042 a
668 2019 720 2044 m.
754 2019 833 2044 see.

126 2066 291 2103 insonae
317 2064 486 2102 Dorx'ill.
533 2063 692 2100 intonat
722 2076 836 2100 aures

126 2121 338 2161 admodum
382 2123 526 2159 vetusti
567 2120 683 2158 codd.
731 2121 836 2171 apud

126 2183 227 2220 Pier.
250 2202 307 2209 —
325 2181 422 2229 529.
460 2179 604 2222 Pulsa,
644 2178 835 2228 impulsa,

127 2239 232 2275 allisa
260 2238 335 2274 sibi
361 2238 554 2283 invicem,
576 2245 740 2280 tonare,
763 2248 837 2286 pro

125 2297 295 2346 simplici
309 2308 460 2332 sonare.

187 2355 238 2391 53
250 2367 284 2391 1.
306 2355 363 2390 Ec
376 2350 534 2403 agnovit
548 2350 648 2387 dc'voe
664 2348 836 2400 promis-

127 2423 172 2447 sa
185 2411 389 2461 parentis,
419 2418 457 2446 et
476 2423 514 2447 ν.
538 2409 619 2452 534
651 2410 735 2445 Hoc
760 2407 837 2458 sig-

128 2481 220 2505 num
248 2477 322 2506 etc.
356 2469 461 2504 Bene
490 2467 674 2504 Servius:
703 2461 839 2502 urar&

127 2523 170 2562 τὸ
201 2522 448 2577 σιωπώμενον
481 2523 735 2572 intelligimus
761 2526 839 2559 Ve-

127 2595 262 2620 nerem
277 2585 312 2620 ei
328 2583 565 2633 promisisse.
577 2599 596 2613 »
610 2581 761 2618 Clarior
780 2593 840 2616 res

129 2640 236 2690 apud
254 2643 413 2678 Homer.
435 2639 516 2677 vid.
540 2638 652 2676 Iliad.
672 2651 717 2683 σ,
746 2638 838 2687 189.

131 2695 315 2735 Ceterum
352 2706 509 2747 poetam
539 2697 603 2734 hic
626 2697 667 2732 in
692 2695 840 2731 malum

130 2752 263 2791 locum
288 2755 467 2793 intulisse
497 2753 638 2806 pedem
667 2761 840 2804 apparet.

1546 790 1606 820 535

895 1033 1105 1071 Debebant
1131 1034 1236 1070 enim
1249 1061 1258 1079 ,
1277 1041 1324 1070 ut
1349 1034 1408 1070 vis
1427 1033 1609 1070 carminis

897 1099 996 1127 esset
1024 1092 1114 1128 satis
1141 1103 1302 1140 magna,
1331 1103 1374 1126 ea
1398 1103 1507 1127 nunc
1524 1103 1608 1127 om-

898 1149 964 1184 nia
989 1148 1156 1194 subjici,
1175 1160 1264 1198 quae
1285 1161 1342 1185 vs.
1374 1148 1453 1184 608
1484 1160 1608 1197 usque

900 1205 949 1242 ad
979 1206 1005 1242 f.
1031 1205 1123 1242 libri
1141 1213 1379 1254 sequuntur,
1397 1206 1475 1242 Hic
1492 1207 1609 1241 etiam

899 1263 1025 1300 multo
1050 1263 1171 1312 magis
1196 1270 1368 1299 vacasset
1389 1263 1543 1298 animus
1562 1263 1611 1297 iis

898 1320 1017 1357 rebus
1046 1319 1354 1370 cognoscendis,
1371 1332 1460 1370 quae
1479 1319 1526 1355 de
1548 1319 1614 1355 cli-

898 1383 962 1429 pei
988 1385 1221 1427 argumento
1241 1386 1472 1423 narrantur,
1494 1389 1612 1426 quam

897 1434 1112 1486 cupiditate
1143 1447 1214 1484 per
1245 1434 1334 1479 illa,
1361 1447 1450 1483 quae
1490 1436 1612 1470 inter-

895 1495 998 1541 jecta
1030 1500 1142 1537 sunt,
1166 1503 1340 1541 repressa
1376 1499 1415 1527 et
1440 1491 1580 1528 obtusa
1601 1501 1609 1526 :

899 1550 989 1596 sed,
1010 1550 1043 1586 si
1067 1548 1171 1585 hanc
1199 1550 1393 1585 rationem
1422 1547 1612 1598 sequeba-

899 1616 966 1645 tur
977 1614 1110 1657 poeta,
1125 1606 1198 1642 alia
1217 1606 1318 1643 forte
1334 1606 1613 1651 occurrebant,

898 1665 1045 1716 quibus
1059 1677 1099 1700 se
1116 1665 1242 1713 premi
1257 1663 1450 1700 sentiebat
1461 1691 1472 1708 ,
1485 1672 1530 1700 ut
1547 1663 1614 1699 ad-

898 1736 944 1760 eo
962 1722 1128 1759 alterum
1143 1721 1359 1771 praeferret.
1382 1723 1495 1758 Unus
1513 1720 1614 1757 forta

899 1788 955 1816 est
985 1778 1126 1816 modus
1139 1805 1148 1822 ,
1170 1790 1252 1827 quo
1268 1786 1394 1828 poetae
1409 1777 1615 1814 subveniri

898 1837 1045 1886 possit,
1074 1836 1107 1870 si
1131 1834 1298 1880 dixeris,
1319 1846 1429 1870 nuuc
1459 1841 1614 1869 tantum

898 1892 1128 1942 prodigium
1145 1893 1296 1927 narrari
1307 1892 1350 1927 in
1361 1889 1539 1927 nubibus
1555 1903 1619 1927 or-

902 1958 985 1986 tum
1011 1949 1133 1986 subiti
1155 1949 1349 1999 clangoris
1369 1960 1378 1985 :
1402 1947 1518 1998 quale
1538 1961 1616 1984 me-

902 2014 1055 2043 teorum
1074 2005 1174 2042 illud
1192 2014 1272 2052 est,
1290 2004 1401 2055 quod
1418 2017 1519 2055 saepe
1532 2005 1616 2041 vul-

902 2077 972 2114 gus
999 2063 1218 2100 terroribus
1251 2063 1510 2108 exanimavit,
1539 2061 1614 2098 fra-

902 2123 1009 2171 goris
1019 2123 1060 2158 in
1077 2133 1165 2157 aere
1177 2149 1187 2166 ,
1204 2120 1527 2170 procurrentium
1539 2119 1615 2156 ful-

902 2191 1059 2229 gurum,
1072 2178 1542 2229 micantiumignium.Qu
1550 2189 1617 2213 um

903 2236 1105 2273 Arcadum
1137 2236 1256 2272 animi
1296 2243 1451 2272 ostento
1488 2243 1617 2271 essent

902 2295 1102 2343 percussi,
1141 2295 1279 2330 AEneas
1318 2290 1502 2342 portendi
1540 2291 1616 2328 sibi

904 2363 1007 2388 nova
1039 2363 1145 2387 arma
1179 2358 1310 2397 ratus,
1341 2349 1488 2399 quippe
1524 2361 1616 2399 pro-

904 2410 1112 2446 missorum
1154 2408 1287 2444 matris
1327 2419 1478 2444 memor
1495 2435 1506 2452 ,
1554 2419 1615 2442 os-

907 2475 1061 2502 tentum
1089 2464 1137 2501 de
1172 2477 1213 2502 se
1246 2465 1549 2514 interpretatur,
1578 2471 1616 2499 et

906 2536 1021 2560 omen
1043 2523 1198 2573 accipit.
1219 2523 1309 2573 Ego
1323 2533 1469 2571 poscor
1484 2520 1616 2568 Olym·

899 2594 955 2630 po
970 2609 980 2626 ,
1005 2581 1120 2617 tertio
1147 2592 1238 2616 casu
1251 2607 1262 2626 ,
1281 2592 1356 2630 pro
1384 2578 1434 2615 ab
1454 2579 1500 2616 Ο.
1518 2606 1530 2622 ,
1554 2591 1617 2614 me

906 2638 1102 2688 Olympus
1117 2638 1245 2688 poscit
1257 2665 1268 2683 ,
1283 2650 1344 2674 me
1361 2636 1449 2674 vult
1462 2664 1472 2681 ‚
1495 2637 1614 2684 respi-

906 2697 957 2732 cit
971 2723 981 2741 ,
1019 2695 1059 2733 h.
1097 2695 1146 2732 ad
1182 2707 1244 2731 me
1283 2701 1482 2731 ostentum
1521 2694 1618 2728 acris

907 2760 1079 2804 spectat3
1099 2752 1200 2791 nihil
1227 2761 1305 2800 est,
1327 2749 1436 2802 quod
1456 2763 1524 2788 vos
1546 2757 1618 2785 ter·
