1767 3054
233 134 313 181 354
796 123 1070 164 Exccnscs
1102 124 1162 160 111

231 208 339 247 unde
360 217 495 244 omnes
515 202 637 241 Italiae
657 199 768 238 fluvii
789 200 1012 251 prodeant?
1032 201 1122 236 Fuit
1138 206 1269 236 autem
1287 206 1395 236 totus
1417 197 1482 236 hic
1504 207 1650 238 tractus
1672 199 1728 253 ig-

224 276 344 313 nibus
363 270 628 311 subterraneis
641 297 652 315 ,
672 270 814 318 passim
831 267 1131 316 erumpentibus
1143 294 1154 313 ,
1173 265 1384 316 aliquando
1404 267 1594 315 infestus3
1612 270 1727 317 cujus

225 343 284 380 rei
308 340 469 390 vestigia
499 345 592 375 sunt
618 335 818 372 manifesta
839 334 1035 383 plurima:
1061 346 1223 383 specus,
1243 334 1444 381 colliculi,
1460 344 1647 382 crateres,
1669 335 1726 373 la-

227 422 298 446 cus
312 437 322 455 ,
341 407 414 444 alia
433 419 442 444 :
465 420 503 442 v.
529 401 732 441 Hamilton
752 401 794 436 in
816 399 975 448 Campis
992 398 1210 451 Phlegraeis
1237 415 1328 438 cum
1347 402 1430 439 aliis
1444 431 1453 449 ,
1472 404 1541 454 qui
1560 401 1609 440 de
1630 403 1727 441 focis

223 474 429 516 ,Vulcaniis
446 471 647 520 scripsere.
659 470 788 505 Scatet
807 473 914 502 totus
936 478 1026 515 ager
1045 467 1151 502 inter
1168 468 1311 505 Cumas
1331 477 1369 506 et
1385 471 1495 506 Baias
1513 469 1725 515 bitumine,

226 541 440 593 sulphure,
463 546 500 574 et
519 536 654 573 calidis
678 535 802 584 aquis.
825 531 891 584 (v.
916 532 1058 572 Strabo
1078 534 1105 570 l.
1137 547 1170 571 c.
1188 547 1228 584 p.
1252 537 1332 580 245
1355 538 1399 583 C,
1419 536 1528 588 quod
1545 537 1646 574 bene
1669 539 1726 576 Si-

224 611 303 647 lius
333 605 524 656 expressit
541 615 663 640 verss.
689 602 770 637 suis
790 600 862 637 lib.
885 602 943 644 X,
971 601 1049 644 134
1074 615 1158 651 sqq.
1177 598 1192 650 )
1216 604 1340 652 Super
1359 605 1544 642 Puteolos
1564 618 1725 655 campus

225 686 283 715 est
299 674 492 725 sulphure
512 669 720 708 abundans
733 697 743 715 ,
763 668 933 705 collibus
954 669 1150 717 inclusus,
1169 670 1317 720 quibus
1335 673 1478 722 passim
1502 673 1577 711 soli
1602 675 1726 724 spira-

226 743 326 780 culis
342 741 474 778 fumus
495 746 534 776 et
550 737 657 775 calor
672 735 819 787 prodit.
841 737 993 774 Notum
1010 745 1067 774 est
1087 751 1234 775 nomen
1254 739 1358 776 inter
1373 748 1524 777 veteres
1531 740 1670 791 jbrum
1688 749 1726 779 et

224 810 308 847 olla
327 805 523 850 Vulcani,
546 817 657 842 nunc
679 804 886 855 Solfiztara
904 817 974 840 seu
998 804 1270 855 Sulphuraria.
1290 805 1394 843 Vide
1413 806 1477 844 vel
1496 807 1726 845 Mazzeuam

225 872 434 917 Antz'clzita
452 873 495 910 di
513 871 717 909 Pozzuolo
732 884 766 908 c.
789 884 825 919 7.
847 874 983 922 Itaque
996 873 1142 909 mirum
1165 886 1250 910 non
1269 881 1328 910 est
1341 901 1351 920 ,
1370 872 1491 911 modo
1515 874 1724 925 Cyclopas,

222 945 344 984 modo
364 945 551 995 Gigantes
571 940 806 977 fulminibus
822 953 1030 991 percussos
1048 941 1192 991 passim
1212 942 1262 979 ad
1283 940 1367 978 haec
1381 941 1470 979 loca
1487 942 1622 979 referri
1636 969 1648 988 ,
1663 942 1725 978 in·

222 1013 440 1065 primisque
460 1021 617 1059 campos
635 1007 870 1058 Phlegraeos,
890 1008 1186 1058 Gigantumque
1206 1010 1250 1045 in
1267 1010 1316 1045 iis
1332 1021 1516 1060 ppgnam.
1535 1010 1607 1046 His
1623 1008 1726 1059 ignis

219 1079 468 1119 subterranei
489 1076 662 1126 vestigiis
693 1075 960 1111 accensendus
989 1076 1071 1125 ipse
1099 1076 1208 1113 lacus
1235 1077 1445 1124 Avernus,
1473 1076 1568 1114 olim
1600 1085 1726 1113 crater

221 1147 394 1185 Vulcani
414 1143 602 1196 (Hamilt.
636 1142 663 1179 l.
694 1155 729 1179 e.
760 1141 817 1191 pl.
846 1144 985 1179 XXIX
999 1141 1026 1192 ).
1048 1143 1141 1180 Non
1171 1144 1290 1194 longe
1319 1156 1339 1180 a
1366 1144 1499 1181 Cumis
1519 1144 1643 1195 palus
1669 1150 1729 1181 est

219 1211 444 1253 Acherusia
468 1210 594 1261 (Plin.
621 1211 681 1246 III
695 1237 705 1255 ,
731 1208 755 1244 6
773 1206 995 1245 Acherusia
1010 1209 1132 1259 palus
1162 1209 1296 1247 Cumis
1322 1209 1516 1261 vicina),
1537 1223 1655 1261 quam
1674 1211 1730 1249 Si·

220 1283 298 1320 lius
315 1284 355 1319 X
368 1309 378 1326 ‚
406 1280 485 1316 126
501 1301 559 1307 —
576 1291 655 1327 129
681 1285 719 1313 et
736 1278 838 1314 XIII
851 1304 861 1323 ,
890 1278 968 1326 397
1006 1276 1159 1314 aditum
1177 1277 1225 1314 ad
1243 1277 1391 1315 inferos
1414 1292 1495 1316 esse
1522 1277 1701 1329 prodidit
1713 1306 1724 1325 ‚

224 1362 342 1402 aquas
360 1348 512 1386 habens
528 1346 770 1396 ferrugineas
784 1372 795 1390 ,
812 1346 857 1381 in
872 1344 957 1382 solo
975 1345 1097 1381 sterili
1113 1346 1273 1396 populis
1290 1348 1433 1396 passim
1453 1348 1619 1384 consito.
1634 1349 1726 1386 Om-

222 1419 321 1455 nino
344 1417 434 1453 loca
438 1413 553 1466 freta
572 1411 810 1463 palustribus
830 1411 947 1457 ulvis,
978 1411 1117 1449 Litora
1140 1413 1352 1450 Cumarum
1375 1416 1609 1464 pronuntiat
1627 1416 1724 1453 Ovi-

222 1483 311 1520 dius
321 1484 420 1520 Met.
433 1483 545 1526 XIV,
561 1481 654 1517 103.
674 1478 969 1529 Phlegethontis
982 1487 1021 1515 et
1032 1480 1174 1530 Cocyti
1185 1481 1392 1518 notionem
1408 1482 1548 1518 animis
1558 1481 1724 1518 attulere

223 1549 340 1587 calidi
359 1550 502 1599 passim
525 1546 666 1583 fontes.
693 1544 742 1580 cf.
774 1545 915 1582 Strabo
939 1545 966 1581 l.
997 1558 1031 1582 c.
1060 1560 1100 1595 p.
1133 1553 1214 1590 244
1234 1549 1288 1592 C,
1317 1539 1543 1598 qui'Stygis
1563 1559 1724 1597 quoque

224 1630 365 1668 aquam
379 1643 390 1662 ,
412 1614 462 1651 ad
481 1625 599 1662 quam
621 1610 825 1647 oraculum
858 1609 1067 1646 conditum
1087 1620 1169 1647 erat
1187 1608 1280 1662 (καὶ
1299 1610 1341 1649 τὸ
1359 1612 1537 1664 μαντεῖε-ι
1557 1610 1722 1650 ἐνταῦθά

221 1697 297 1722 πευ
330 1679 531 1735 ἵδρυται),
550 1679 608 1715 ibi
629 1678 745 1713 fuisse
765 1690 816 1713 ex
835 1676 997 1726 Ephoro
1021 1677 1153 1714 tradit.
1175 1677 1224 1715 cf.
1250 1677 1393 1729 Odyss.
1414 1692 1437 1715 κ
1451 1707 1461 1725 ,
1484 1679 1564 1716 513
1579 1707 1589 1726 ,
1612 1679 1694 1723 514
1709 1707 1720 1726 ‚

224 1751 305 1788 515
312 1779 321 1788 .
343 1745 570 1786 Accedebat
599 1757 735 1794 specus
764 1742 815 1779 ab
842 1744 1006 1781 Averno
1024 1757 1095 1794 per
1111 1744 1253 1781 collem
1277 1744 1467 1782 demissus
1481 1774 1491 1791 ‚
1514 1758 1632 1795 quem
1650 1747 1721 1796 qui

222 1830 403 1856 emensus
430 1823 512 1852 erat
525 1842 535 1859 ‚
556 1813 598 1849 in
627 1811 769 1847 vallem
795 1810 1001 1860 prodibat,
1018 1812 1061 1847 in
1080 1824 1157 1861 qua
1176 1812 1284 1848 lacus
1307 1821 1388 1849 erat
1401 1840 1411 1859 ,
1433 1812 1620 1850 Acheron
1637 1813 1719 1850 dic-

221 1894 284 1922 tus
315 1884 399 1935 (1);
422 1896 473 1920 ex
493 1881 571 1918 hoc
598 1880 674 1915 iter
708 1877 880 1914 ducebat
913 1877 961 1914 ad
992 1877 1163 1928 Campos
1201 1878 1377 1927 Elysios,
1411 1881 1719 1918 amoenissimmn

221 1952 377 1997 locum,
401 1947 592 1999 sepulcris
609 1947 752 1998 passim
768 1946 980 1982 consitum.

278 2031 383 2066 Tota
398 2027 478 2064 loci
502 2025 617 2062 facies
644 2036 752 2060 nunc
774 2022 934 2074 quidem
955 2035 1072 2073 quam
1092 2023 1260 2060 maxime
1284 2031 1343 2060 est
1356 2032 1506 2062 mutata
1523 2022 1539 2075 (
1557 2024 1607 2062 cf.
1632 2025 1719 2062 Ad-

219 2094 369 2132 dison's
388 2093 580 2132 Remarlrs
598 2105 638 2141 p.
668 2091 743 2139 167
764 2089 791 2141 ).
809 2093 911 2129 Nam
928 2092 1103 2141 primum
1123 2104 1247 2141 quum
1265 2091 1442 2143 Agrippa
1461 2100 1624 2142 portum
1641 2094 1669 2131 J
1671 2106 1717 2130 u-

218 2164 317 2199 lium
350 2159 506 2199 efficere
537 2159 656 2196 vellet
669 2187 679 2205 ‚
708 2166 753 2194 ut
784 2159 993 2195 Avernum
1029 2160 1201 2197 Lucrino
1228 2159 1334 2213 lacui
1352 2160 1556 2210 jungeret,
1580 2160 1718 2198 silvam

220 2230 402 2268 excidere
441 2229 569 2276 jussit.
598 2227 703 2264 conf.
734 2225 887 2264 Strabo.
906 2228 958 2272 V,
985 2239 1073 2277 pag.
1104 2227 1188 2271 245
1206 2227 1256 2264 A.
1282 2229 1387 2264 Tum
1410 2240 1516 2265 anno
1550 2240 1572 2263 a
1601 2227 1645 2264 C.
1662 2228 1715 2267 N.

220 2296 527 2334 MDXXXVIII
542 2302 656 2331 motu
679 2301 793 2330 terrae
807 2320 817 2339 ,
839 2291 970 2330 medio
997 2293 1077 2330 fere
1092 2293 1197 2331 inter
1214 2294 1433 2331 Lucrinum
1450 2303 1489 2332 et
1506 2295 1714 2332 Avernum

220 2363 345 2411 spatio
361 2389 371 2407 ,
392 2362 543 2398 exstitit
560 2372 681 2397 novus
700 2372 813 2395 mons
836 2358 1036 2396 cinericius
1048 2388 1059 2405 ‚
1085 2358 1133 2396 de
1156 2372 1238 2410 quo
1256 2373 1294 2398 v.
1315 2361 1476 2411 Capacc.
1489 2358 1652 2397 Antich.
1671 2359 1716 2397 di

221 2429 442 2472 Pozzzwlo,
471 2442 503 2466 c.
527 2441 593 2465 20.
615 2427 745 2472 Olim,
769 2434 815 2463 ut
836 2440 886 2463 ex
911 2427 1102 2465 Strabone
1119 2429 1372 2479 cognoscitur
1389 2427 1459 2464 lib.
1478 2429 1537 2473 V,
1557 2440 1596 2477 p.
1629 2435 1711 2472 244

220 2496 256 2532 Α
267 2521 277 2539 ,
298 2507 366 2531 ora
381 2496 574 2531 maritima
588 2495 642 2531 ita
657 2494 718 2531 his
734 2493 902 2530 lacubus
921 2503 1003 2531 erat
1023 2496 1260 2545 intercepta,
1277 2502 1323 2546 ut
1339 2494 1539 2531 Misenum
1557 2493 1599 2530 in
1618 2505 1713 2543 pen-

275 2688 336 2741 (1)
356 2687 621 2726 Acherontem
650 2691 715 2728 alii
733 2705 824 2729 eum
844 2705 924 2729 esse
991 2699 1060 2729 est.
1074 2691 1157 2728 Alii
1169 2689 1217 2726 ad
1230 2703 1340 2728 mare
1351 2692 1547 2732 Mortuum
1561 2705 1707 2732 nomen

220 2747 381 2795 volunt,
399 2747 467 2798 qui
479 2759 585 2784 nunc
599 2749 704 2785 Laco
723 2749 767 2786 di
776 2752 925 2787 Fusaro
991 2747 1242 2805 transferunt.
