1767 3054
223 168 302 205 338
804 167 1076 207 ExCUnSL‘S
1107 171 1125 204 I

221 253 365 277 norum
384 240 545 290 quidem
562 253 750 277 numerus
767 253 849 276 non
867 239 963 276 adeo
982 253 1144 291 magnus
1164 253 1243 278 esse
1270 241 1402 291 potuit
1428 238 1477 276 ab
1498 236 1636 286 initio,
1657 241 1709 277 si-

217 309 376 359 quidem
401 310 448 347 iis
475 311 540 355 Io,
566 309 650 353 vel,
671 317 716 344 ut
743 308 807 343 alii
832 306 1095 354 tradiderant,
1120 308 1230 347 IoCC
1253 310 1385 360 jugera
1413 308 1503 346 satis
1526 308 1636 345 fuere
1659 308 1709 345 ad

218 376 408 414 arandum
427 388 436 413 :
459 390 496 414 v.
516 375 588 412 inf.
615 374 663 410 ad
689 373 758 410 lib.
786 376 867 418 XI,
889 374 970 410 316
998 387 1055 423 sq.
1077 376 1205 411 Duxit
1223 376 1329 412 enim
1351 389 1401 412 ex
1421 388 1462 412 ea
1483 375 1707 411 narratione

216 445 330 480 Maro
350 456 485 493 agrum
501 454 618 478 suum
636 452 655 475 a
675 441 813 476 Latino
833 452 920 490 rege
935 468 944 485 ‚
963 448 1008 476 ut
1025 441 1205 488 Trojanis
1224 443 1484 493 assignaretur
1496 439 1706 486 colendus,

214 512 461 560 propositum
476 536 486 554 ‚
519 516 565 544 ut
594 507 652 542 ibi
687 505 924 543 videbimus.
962 509 1119 545 Nomen
1150 506 1242 543 urbi
1275 520 1296 543 a
1325 507 1492 544 Lavinia
1533 506 1707 543 inditum

215 586 397 613 constans
419 575 496 611 fuit
515 574 614 610 fama
633 587 653 610 a
673 573 888 621 majoribus
910 582 1066 622 accepta
1080 600 1090 618 ‚
1113 574 1208 618 etsi,
1228 585 1316 621 quae
1334 574 1400 609 illa
1420 574 1575 617 fuisset,
1600 573 1705 610 varie

161 665 165 668 ·
213 653 293 680 erat
310 643 497 680 traditum
519 655 528 680 :
554 656 592 680 v.
621 642 788 690 Dionys.
809 642 851 686 Ι,
876 640 942 688 59.
974 640 1182 676 Lavinium
1206 652 1366 690 quoque
1392 642 1521 678 Latini
1545 640 1705 677 fratrem

209 710 394 748 videntur
412 709 630 761 prodidisse
648 708 742 746 olim
759 706 937 757 quidam,
955 715 1000 742 ut
1016 720 1036 743 e
1054 708 1191 744 Servio
1205 706 1364 757 colligas
1381 707 1429 744 ad
1445 707 1516 745 lib.
1529 709 1622 755 VII,
1636 708 1704 757 59.

209 777 284 815 Sed
297 777 344 815 de
361 778 421 814 his
433 805 443 824 ‚
462 777 623 826 aliisque
638 803 647 821 ‚
665 787 752 824 quae
770 774 819 810 ad
837 773 1047 811 consilium
1063 782 1249 811 nostrum
1260 787 1344 812 non
1356 775 1506 811 faciunt
1517 802 1528 821 ,
1541 773 1701 811 videndi

209 846 418 883 Cluverius
435 854 472 881 et
492 844 664 893 Vulpius
684 846 764 879 Lat.
787 851 867 881 ant.
886 851 982 879 tom.
1001 844 1083 888 VI;
1111 842 1198 880 add.
1212 842 1403 880 Lucatelli
1417 842 1520 880 Diss.
1539 843 1584 879 in
1596 841 1701 878 Diss.

208 913 304 949 dell'
321 911 569 950 Accademia
589 910 632 947 di
649 911 822 948 Cortona
847 918 940 948 tom.
960 911 1062 956 V113
1088 924 1127 960 p.
1157 923 1249 959 109.
1272 913 1361 947 Hoc
1378 917 1506 946 unum
1526 909 1702 946 monebi-

207 991 292 1013 mus
308 1005 317 1022 ‚
348 975 624 1014 Laurolavim'i
658 989 805 1013 nomen
837 975 885 1012 ad
914 977 1059 1013 seriora
1090 984 1267 1026 tempora
1298 984 1388 1026 post
1416 975 1701 1024 Vespasianum

206 1053 380 1094 spectare
396 1058 406 1090 3
424 1045 579 1080 colonia
592 1043 692 1080 forte
710 1055 760 1079 ex
776 1043 1038 1079 Laurentibus
1055 1052 1092 1080 et
1107 1043 1360 1080 Lavinatibus
1371 1043 1414 1079 in
1429 1054 1550 1078 unam
1560 1042 1701 1079 urbem

208 1113 442 1162 conscripta.
470 1114 610 1149 Peccat
627 1111 671 1146 in
694 1109 770 1147 hoc
795 1111 950 1147 Servius
968 1109 1014 1146 ad
1035 1111 1114 1147 VII
1127 1139 1138 1157 ,
1165 1111 1216 1160 59
1237 1118 1276 1147 et
1290 1111 1386 1148 alibi
1405 1123 1496 1147 cum
1515 1109 1610 1148 31115.

263 1178 389 1216 Nobis
410 1177 616 1216 Numicius
635 1176 765 1213 adhuc
788 1176 910 1214 verbo
930 1176 1297 1215 commemorandus
1313 1186 1390 1224 est,
1408 1178 1513 1213 inter
1528 1178 1699 1213 Lauren-

208 1255 290 1282 tum
315 1258 358 1281 ac
377 1246 584 1282 Lavinium
610 1243 788 1280 defluens
815 1246 940 1280 amnis
954 1272 963 1289 ,
983 1244 1095 1280 alteri
1123 1244 1217 1280 huic
1247 1253 1380 1280 tamen
1397 1244 1573 1293 propior.
1594 1244 1696 1279 Eum

206 1311 280 1348 sub
304 1320 440 1348 monte
456 1313 494 1349 S.
518 1310 750 1348 Petronellae
771 1324 822 1347 ex
838 1319 950 1347 antro
966 1311 1010 1346 iu
1025 1310 1220 1359 subjectos
1238 1321 1539 1361 agrospronum
1557 1307 1696 1345 decur-

206 1393 289 1416 rere
309 1387 440 1415 narrat
458 1378 616 1417 Cluver.
637 1378 723 1416 Ital.
745 1387 823 1416 ant.
843 1392 883 1429 p.
905 1379 1000 1429 894.
1020 1380 1075 1415 At
1093 1391 1143 1415 ex
1160 1379 1249 1415 lacu
1264 1379 1497 1417 Nemorensi
1511 1375 1670 1426 prodire
1684 1403 1695 1421 ,

207 1454 244 1483 et
268 1458 376 1481 nunc
394 1445 469 1481 sub
489 1446 650 1482 nomine
669 1445 763 1482 Rivo
785 1444 834 1481 de
857 1444 980 1482 Nemi
996 1445 1116 1481 latere
1137 1444 1315 1495 Ligorius
1330 1442 1502 1480 tradidit.
1523 1441 1605 1480 Sub
1624 1453 1696 1490 op-

203 1511 300 1561 pido
331 1512 482 1549 Patriea
512 1512 577 1548 alii
604 1525 693 1547 eum
723 1513 1010 1561 investigarunt
1031 1524 1040 1550 :
1073 1511 1182 1562 quod
1207 1521 1337 1549 tamen
1365 1510 1414 1547 ad
1442 1509 1577 1547 eadem
1607 1508 1696 1546 loca

204 1587 353 1629 spectat
367 1590 375 1615 :
389 1579 432 1614 in
453 1579 609 1623 Castro,
634 1579 854 1615 Messirano
872 1580 915 1615 111
934 1581 968 1613 V
971 1578 1038 1615 ille
1056 1579 1100 1615 di
1113 1579 1262 1617 Plinio.
1279 1579 1362 1617 Alii
1373 1590 1481 1615 1111110
1497 1577 1695 1615 exaruisse

203 1659 294 1683 eum
313 1645 509 1682 affirmant
522 1659 531 1691 ;
550 1654 589 1682 et
600 1646 862 1694 interceptum
875 1658 1027 1681 amnem
1037 1646 1116 1692 jam
1128 1646 1286 1682 Servius
1297 1646 1450 1682 notavit
1460 1644 1508 1680 ad
1519 1643 1589 1681 lib.
1602 1644 1696 1689 VII,

209 1716 300 1752 150.
331 1717 379 1750 In
405 1714 483 1750 hoc
506 1711 631 1750 fluvio
663 1714 826 1757 AEneas‚
850 1724 983 1761 pugna
1011 1710 1058 1746 ad
1081 1723 1172 1747 eum
1195 1723 1265 1747 seu
1284 1723 1376 1746 cum
1393 1711 1588 1756 Etruscis,
1624 1721 1693 1746 seu

202 1794 292 1817 cum
312 1780 471 1816 Rutulis
490 1779 588 1811 faeta
604 1806 614 1820 ‚
632 1778 824 1810 interiisse
837 1802 847 1820 ‚
863 1783 967 1810 certe
984 1776 1111 1811 oculis
1126 1776 1305 1812 sublatus
1323 1790 1404 1813 esse
1423 1776 1594 1814 creditus
1611 1784 1691 1812 est:

204 1848 350 1883 factum
369 1845 404 1879 ei
422 1841 470 1879 ad
482 1842 585 1891 ripas
602 1839 786 1876 sacellum
799 1867 810 1886 ‚
829 1853 920 1876 cum
938 1839 1029 1877 luco
1040 1867 1050 1886 ‚
1071 1840 1178 1876 Jovz's
1195 1840 1260 1877 vel
1275 1840 1408 1877 Patris
1422 1840 1605 1892 indigetis
1618 1853 1692 1878 no-

203 1915 330 1957 mine3
359 1918 449 1954 aut,
473 1908 580 1959 quod
603 1907 762 1944 credere
791 1920 865 1957 par
891 1915 972 1954 est,
995 1908 1228 1957 antiquioris
1245 1909 1419 1945 numinis
1437 1909 1482 1946 in
1505 1908 1582 1946 hoc
1601 1909 1693 1946 1000

203 1995 223 2018 a
247 1979 385 2029 priscis
404 1977 551 2013 Latinis
571 1974 669 2011 culti
683 1986 790 2011 saera
808 1973 857 2010 ad
872 1976 1036 2010 AEneam
1058 1974 1226 2010 retulere
1246 1975 1410 2011 seriores
1429 1986 1439 2012 :
1458 1975 1518 2012 uti
1537 1981 1597 2011 tot
1617 1973 1692 2011 alia

200 2046 342 2083 veteris
369 2043 469 2080 Latii
491 2042 653 2078 numina
677 2053 727 2077 ex
754 2040 834 2076 suis
859 2039 1118 2090 opinionibus
1133 2040 1380 2090 interpretati
1393 2048 1489 2077 sunt
1508 2040 1690 2078 Romani.

201 2111 299 2149 Inde
315 2109 490 2149 Numicii
505 2108 660 2145 nomini
675 2106 811 2156 religio
828 2107 956 2155 aliqua
973 2107 1098 2143 inesse
1122 2106 1254 2155 coepit.
1273 2107 1410 2143 Utitur
1427 2119 1475 2143 eo
1489 2113 1604 2156 poeta
1623 2105 1691 2142 ali·

202 2180 355 2229 quoties
377 2177 541 2214 omnino
564 2174 612 2211 ad
641 2173 926 2225 designandum
948 2174 1103 2210 Latium
1124 2185 1134 2210 ε
1163 2187 1202 2211 ν.
1227 2186 1262 2211 0.
1283 2175 1383 2220 VII,
1409 2181 1505 2219 242.
1522 2175 1688 2212 Fontem

200 2245 313 2282 fluvii
325 2245 455 2281 lacum
471 2243 535 2280 vel
550 2251 732 2292 stagnum
746 2241 864 2278 fuisse
877 2240 1037 2277 tradunt
1055 2253 1105 2277 ex
1122 2243 1211 2279 AEn.
1224 2228 1304 2279 VII
1313 2270 1324 2289 ‚
1347 2241 1426 2279 150
1437 2269 1447 2288 ,
1469 2241 1687 2293 lzoecfhntis

201 2321 345 2361 stagna
354 2309 516 2347 Numici
531 2322 544 2345 .·
562 2308 629 2345 sed
646 2310 677 2345 si
689 2310 845 2359 gravior
864 2309 1075 2345 auctoritas
1091 2308 1164 2344 alia
1176 2308 1286 2345 nulla
1297 2317 1365 2355 est,
1379 2317 1534 2359 poetam
1549 2320 1685 2350 ornate

201 2389 272 2426 pro
286 2378 394 2414 fonte
407 2386 538 2428 stagna
558 2376 677 2413 fontis
694 2375 837 2412 dixisse
854 2375 1035 2412 arbitrari
1052 2375 1198 2413 malim.
1220 2377 1303 2413 Etsi
1319 2384 1402 2414 toto
1421 2388 1493 2413 suo
1513 2375 1685 2417 decursu

199 2444 387 2479 fluviolus
400 2443 566 2480 lacubus
585 2444 845 2492 interceptus,
867 2442 1056 2492 tardoque
1077 2455 1121 2479 ac
1134 2445 1252 2480 tacito
1268 2451 1381 2480 motu
1397 2442 1533 2479 similis
1544 2453 1682 2496 stagno

201 2512 316 2548 fuisse
335 2509 513 2555 videtur,
531 2523 621 2547 nam
634 2510 788 2547 alveum
802 2509 942 2546 habuit
964 2510 1150 2547 ulvosum
1165 2519 1204 2547 et
1217 2510 1400 2547 limosum
1418 2520 1429 2546 ε
1447 2510 1566 2548 Ovid.
1584 2515 1683 2550 XIV

199 2579 297 2614 Met.
329 2577 407 2625 598
424 2605 434 2622 ,
460 2578 540 2626 599
566 2577 673 2614 Litus
711 2577 798 2614 adit
832 2579 1010 2615 Laurens
1035 2591 1050 2614 .·
1087 2576 1153 2613 ubi
1183 2585 1306 2614 tectus
1335 2576 1533 2614 arundine
1556 2570 1684 2630 Serpit

200 2648 246 2682 In
255 2644 368 2695 freta
379 2643 587 2695 flumineis
609 2643 750 2681 vicina
773 2644 979 2682 Numicius
997 2643 1112 2681 undis
1136 2657 1150 2680 .·
1166 2652 1204 2680 et
1227 2656 1264 2681 v.
1288 2642 1367 2680 601
1384 2671 1395 2690 ,
1427 2644 1547 2682 tacito
1570 2660 1682 2685 cursu

200 2710 247 2748 de
269 2709 418 2747 eodem.

255 2774 373 2815 Haud
390 2774 506 2839 longe
527 2788 546 2811 a
565 2777 739 2814 Numicii
754 2777 880 2824 fonte,
900 2789 973 2814 1100
991 2777 1068 2814 11151
1084 2789 1155 2813 sex
1172 2777 1218 2813 M
1234 2788 1426 2831 passuum,
1445 2778 1654 2817 intervallo
1667 2807 1678 2826 ,
