1767 3054
201 172 282 221 350
783 175 1058 214 EXCERSL‘S
1090 176 1130 212 II

256 247 365 283 Dum
397 244 444 283 ad
474 245 652 284 Plutonis
682 247 826 296 regiam
855 247 1079 296 procedunt
1109 247 1220 298 (non
1247 254 1377 283 autem
1396 246 1574 285 intrant:
1596 245 1702 286 conf.

199 311 248 349 ad
271 326 328 350 vs.
350 312 486 364 573),
510 326 529 349 a
558 313 712 349 sinistra
747 314 957 349 Tartarum
984 321 1154 350 ostentat
1184 321 1223 349 et
1250 312 1437 350 describit
1466 311 1701 364 Deiphobe,

201 380 426 428 548—627
450 392 459 416 :
481 393 564 417 non
596 388 728 416 autem
757 379 905 416 intrat:
926 393 964 416 v.
993 379 1042 416 ad
1069 393 1125 418 vs.
1158 381 1252 429 573.
1285 383 1333 418 In
1366 380 1474 418 hunc
1502 380 1705 418 transtulit

199 448 332 485 omnia
354 455 469 497 poeta
484 475 493 492 ‚
516 458 602 495 quae
629 453 780 482 veteres
804 444 852 481 de
876 448 1039 483 Tartaro
1054 474 1064 493 ‚
1082 448 1124 483 in
1142 460 1261 498 quem
1278 449 1438 486 Titanes
1454 447 1611 485 fuerant
1633 447 1701 485 de-

199 515 323 561 trusi,
355 513 519 550 fabulati
550 520 684 557 erant3
708 525 747 549 v.
782 512 947 551 Hesiod.
978 513 1128 565 Theog.
1161 527 1240 561 720
1263 528 1370 566 seqq.
1392 515 1497 553 conf.
1521 513 1633 553 Iliad.
1657 513 1676 550 θ
1691 539 1700 557 ,

205 588 255 624 14
289 593 427 631 seqq.:
456 593 578 630 porro
612 579 810 617 nonnulla
840 593 890 616 ex
920 580 1121 618 Platonica
1149 582 1303 619 Tartari
1335 581 1625 633 descriptione,
1657 581 1702 617 in

198 649 332 687 Phaed.
362 662 449 701 pag.
475 649 526 685 83
542 678 552 696 ,
578 658 692 700 atque
711 649 828 685 etiam
850 661 901 685 ex
923 647 1184 698 sulphurariis
1205 648 1308 685 circa
1332 650 1497 694 Cumas,
1521 661 1618 700 quas
1646 648 1697 685 la-

197 717 275 753 tius
305 717 463 753 ornavit
486 718 645 753 Petron.
659 744 669 762 ,
688 729 721 753 c.
744 716 794 761 67
812 743 822 761 ‚
844 729 883 753 v.
914 727 1007 752 120.
1036 714 1258 752 Fatendum
1286 723 1442 762 tamen,
1460 715 1587 753 multo
1607 715 1702 753 infe·

196 784 302 821 riora
321 796 401 821 esse
419 783 503 820 haec
527 784 659 820 omnia
689 782 909 820 terroribus
937 783 1116 828 Tartari,
1134 795 1253 832 quem
1277 782 1474 820 Miltonus
1495 780 1704 832 descripsit

195 849 223 887 l.
247 850 266 885 Ι
285 858 324 886 et
340 851 380 885 ΙΙ
394 877 404 896 ,
430 857 469 886 et
491 851 718 886 Teutonum
740 848 961 894 Miltonm,
983 848 1190 886 Messiadis
1215 849 1424 895 conditor,
1439 848 1468 886 1.
1493 849 1557 895 Π,
1577 849 1701 885 varie-

195 927 272 956 tate
302 928 431 956 autem
457 931 591 955 rerum
611 931 654 955 ac
673 919 824 968 specie,
854 916 963 954 haud
986 916 1108 954 dubie
1135 919 1283 954 Dantes
1307 915 1547 954 admirabilis
1564 916 1608 953 in
1633 918 1701 955 Iu-

195 986 308 1023 ferno
332 999 427 1033 suo,
462 994 564 1023 cant.
593 987 655 1022 111
679 999 787 1036 seqq.
807 987 856 1022 In
875 985 1075 1023 vestibulo
1102 985 1258 1022 Tartari
1284 983 1501 1034 Tisiphone
1525 982 1635 1020 sedet
1660 995 1699 1019 v.

195 1052 243 1090 ad
264 1054 286 1091 5
294 1054 503 1103 73—579.
530 1053 706 1102 Subjecit
727 1052 811 1091 haec
835 1053 1000 1090 Miltoni
1020 1053 1182 1103 ingenio
1211 1051 1447 1102 praeclarum
1471 1048 1701 1101 phantasma

196 1122 245 1159 de
270 1121 502 1160 custodibus
520 1123 638 1168 Orci,
658 1125 824 1160 Peccato
839 1134 883 1159 ac
899 1123 1031 1159 Morte
1045 1149 1055 1168 ‚
1075 1121 1102 1158 1.
1124 1121 1164 1157 Π
1177 1148 1188 1167 ,
1211 1120 1294 1158 650
1311 1133 1397 1171 sqq.

256 1189 442 1227 Ceterum
476 1188 587 1240 quod
615 1192 824 1228 Tartarum
860 1189 1153 1240 suppliciorum
1184 1188 1321 1225 locum
1351 1185 1530 1238 prodidit
1558 1195 1697 1238 poeta,

195 1257 272 1295 hoc
301 1257 549 1309 philosophis
562 1287 572 1306 ,
592 1258 776 1309 inprimis
796 1257 952 1295 Platoni
965 1285 975 1304 ‚
997 1256 1150 1294 debuit.
1173 1257 1277 1295 Nam
1301 1255 1406 1306 apud
1425 1253 1646 1293 Hesiodum
1661 1263 1701 1292 et

195 1326 416 1364 Homerum
430 1355 440 1374 ,
459 1329 645 1366 Tartarus
664 1335 721 1363 est
742 1338 874 1363 carcer
891 1326 1081 1364 Titanum
1100 1332 1139 1362 et
1166 1324 1492 1363 Centimanorum
1506 1335 1599 1359 cum
1619 1322 1699 1372 Cy-

195 1393 402 1444 clopibus,
438 1397 510 1446 qui
542 1394 728 1434 L'ranidis
761 1402 1032 1432 accensentur.
1067 1392 1182 1431 Conf.
1212 1391 1402 1443 Apollod.
1434 1404 1496 1441 pr.
1527 1392 1584 1429 At
1611 1389 1700 1427 loca

192 1459 315 1497 infera
330 1490 340 1508 ,
365 1462 497 1499 Hades
511 1491 521 1508 ‚
546 1462 699 1500 Erebus
710 1490 721 1508 ,
743 1462 952 1499 continent
970 1462 1115 1498 animas
1133 1461 1293 1511 piorum
1314 1468 1354 1497 et
1377 1460 1593 1511 impiorum
1610 1471 1700 1510 pro·

193 1529 340 1566 misene
363 1539 436 1567 :ut
452 1543 503 1566 ex
521 1531 670 1579 Necyia
696 1530 862 1566 Homeri
885 1537 1065 1566 constat:
1084 1531 1126 1566 in
1157 1543 1236 1580 qua
1261 1528 1400 1566 iisdem
1429 1529 1529 1566 loeis
1555 1528 1696 1566 heroes

192 1592 391 1633 habentur
404 1625 414 1642 ,
436 1604 475 1632 et
493 1596 611 1632 simul
639 1596 766 1632 Orion
780 1623 790 1641 ,
816 1596 959 1644 Tityus
973 1623 983 1641 ‚
1001 1595 1190 1632 Tantalus
1202 1623 1213 1642 ,
1234 1596 1453 1646 Sisyphus,
1477 1603 1517 1632 et
1539 1607 1631 1631 cum
1647 1596 1696 1632 iis

192 1662 399 1700 Hercules.
420 1662 554 1699 Multo
574 1662 696 1711 magis
713 1663 860 1698 mirum
882 1662 926 1697 in
945 1661 1111 1699 modum
1134 1663 1294 1699 miscuit
1318 1675 1385 1708 ea,
1410 1674 1499 1712 quae
1521 1662 1565 1699 in
1585 1664 1694 1700 Orco

192 1728 476 1772 collocaverat,
497 1728 746 1780 Polygnotus
761 1729 806 1764 in
826 1727 960 1765 tabula
977 1728 1168 1778 Delphica
1181 1757 1191 1776 ‚
1208 1741 1272 1779 ap.
1290 1731 1458 1766 Pausan.
1477 1731 1540 1775 X,
1561 1728 1612 1765 28
1634 1740 1694 1779 sq.

192 1794 302 1832 Idem
326 1808 365 1832 v.
391 1808 425 1832 e.
442 1823 452 1841 ‚
470 1798 749 1846 Eurynomum
773 1795 946 1831 Genium
971 1804 1229 1845 apposuerat,
1258 1796 1330 1846 qui
1347 1803 1600 1832 mortuorum
1613 1807 1697 1831 car-

191 1875 261 1898 nes
289 1861 338 1898 ad
355 1874 440 1898 ossa
459 1875 586 1912 usque
606 1860 808 1899 arroderet
826 1873 836 1899 :
856 1868 903 1898 ut
922 1860 1019 1899 adeo
1033 1890 1044 1908 ‚
1077 1874 1128 1898 ex
1153 1862 1237 1909 ejus
1264 1862 1477 1911 opinione,
1501 1874 1586 1898 non
1608 1873 1696 1898 um-

192 1931 298 1976 brae,
334 1929 402 1967 sed
428 1944 544 1968 carne
575 1932 723 1968 vestitae
752 1931 891 1967 animae
914 1929 963 1966 ad
988 1929 1134 1967 inferos
1157 1928 1450 1968 descenderent.
1470 1930 1599 1968 Etiam
1618 1931 1695 1967 Oc-

191 2011 290 2036 num
310 2011 401 2035 cum
421 2000 530 2036 asino
546 1999 612 2036 ille
635 1998 776 2035 iisdem
801 1999 845 2035 in
864 1998 963 2035 locis
987 1999 1185 2048 pinxerat.
1205 1999 1302 2035 Tam
1318 2010 1461 2048 parum
1477 1997 1695 2035 subtilioris

188 2064 330 2111 judicii
366 2066 607 2116 antiquiores
642 2066 684 2102 in
715 2062 912 2114 fingendis
942 2063 1059 2101 rebus
1081 2063 1189 2102 hisce
1218 2062 1510 2111 adhibuerunt,
1547 2064 1694 2114 quibus

190 2134 282 2169 satis
300 2141 382 2169 erat
395 2161 405 2179 ,
425 2141 699 2170 monstrorum
718 2140 886 2170 terrores
907 2131 1122 2170 cumulare.
1141 2134 1300 2170 Mireris
1315 2133 1448 2183 ipsum
1465 2133 1692 2180 Horatium,

191 2197 263 2235 ubi
285 2198 372 2236 loca
396 2199 520 2236 infera
540 2201 704 2236 omnino
721 2198 965 2236 nominanda
987 2207 1097 2236 erant
1110 2227 1120 2246 ‚
1142 2199 1190 2236 ad
1208 2213 1302 2250 qnae
1315 2199 1502 2237 omnibus
1520 2199 1691 2249 migran—

190 2265 286 2302 dum
320 2275 400 2313 est,
437 2280 654 2304 memorare
694 2268 918 2320 Cocytum,
958 2268 1176 2315 Danaides,
1215 2267 1452 2318 Sisyphum,
1482 2276 1521 2304 et
1552 2268 1688 2318 paullo

192 2340 280 2368 ante
300 2333 531 2382 Geryonem
555 2346 647 2370 cum
671 2336 792 2385 Tityo
811 2348 820 2373 :
843 2336 972 2373 Carm.
997 2337 1037 2373 II
1050 2364 1060 2381 ‚
1089 2343 1140 2380 14
1154 2363 1164 2381 ‚
1187 2336 1231 2372 in
1250 2346 1425 2385 quorum
1444 2336 1690 2372 consortium

191 2400 327 2436 venire
353 2413 471 2437 nemo
501 2409 624 2451 optet.
654 2403 772 2440 Nunc
803 2402 957 2440 diversa
989 2403 1077 2441 loca
1110 2402 1290 2440 n’demus
1321 2415 1403 2439 esse
1438 2401 1618 2452 Elysium
1651 2412 1691 2440 et

191 2467 411 2504 Tartarum.
429 2468 556 2504 Etiam
578 2469 622 2505 in
640 2469 834 2506 scelerum
858 2483 1023 2508 recensu
1043 2470 1227 2508 disertior
1244 2478 1301 2507 est
1320 2476 1456 2519 poeta,
1478 2481 1598 2518 quam
1621 2483 1689 2507 an-

192 2535 393 2583 tiquiores,
415 2536 614 2582 Omnino,
635 2550 716 2587 quo
743 2539 864 2589 magis
890 2540 1058 2589 expoliti
1075 2536 1326 2588 philosophia
1350 2536 1460 2572 fuere
1478 2538 1620 2584 animi,
1640 2551 1688 2576 eo

190 2600 332 2637 melius
350 2599 598 2650 dispescuere
614 2613 768 2640 narrata
793 2603 842 2641 de
856 2604 975 2641 rebus
990 2604 1140 2642 inferis.
1159 2601 1466 2642 Accommodari
1482 2603 1588 2640 enim
1603 2602 1687 2640 haec

193 2667 321 2704 solent
344 2679 387 2703 ac
411 2665 557 2704 debent
579 2669 824 2719 populorum
836 2698 847 2718 ,
870 2678 1029 2708 aetatum
1042 2697 1052 2716 ,
1071 2678 1111 2706 et
1131 2667 1381 2719 singulorum
1398 2667 1608 2707 hominum
1625 2670 1686 2707 in-

193 2734 329 2786 geniis.

249 2801 275 2840 J
278 2813 338 2837 am
365 2798 413 2838 ad
431 2800 614 2839 Plutonis
642 2802 794 2854 regiam
825 2811 1060 2854 perventum
1084 2810 1153 2840 est.
1174 2802 1375 2853 Sapienter
1395 2801 1496 2840 hanc
1516 2802 1682 2840 omnino
