1767 3054
708 116 860 153 LIBER
891 116 963 152 w.

93 198 357 257 Ingentem,
382 203 428 239 et
447 204 629 238 summa
649 190 841 235 Danaos
865 204 925 234 ex
944 203 1053 233 arce
1076 188 1292 234 vocabat.

92 274 213 316 Tum
242 286 339 326 me,
363 266 630 313 consectum
653 264 779 311 curis
804 278 1065 326 somnoque
1090 274 1361 325 gravatum,

1530 277 1590 306 520

92 346 260 392 Infelix
283 342 451 390 habuit
471 341 726 399 thalamus,
748 340 1013 404 pressitque
1029 339 1263 402 jacentem

91 420 253 466 Dulcis
277 430 323 466 et
347 419 441 466 alta
463 417 620 481 quies,
647 417 936 480 placidaeque
957 415 1193 463 simillima
1215 415 1372 461 morti.

92 494 290 557 Egregia
312 494 494 541 interea
516 493 689 556 conjux
711 509 839 539 arma
863 492 1023 539 omnia
1046 491 1180 538 tectis

91 570 313 627 Emovet,
339 578 386 614 et
410 568 555 614 fidum
582 567 726 630 capiti
746 566 1041 614 subduxerat
1064 582 1246 625 ensem3

91 647 223 690 Intra
244 655 366 690 tecta
390 655 529 690 vocat
552 643 846 702 Menelaum,
865 653 911 689 et
934 641 1096 688 limina
1119 641 1286 705 pandit
1309 659 1319 685 :
1497 663 1499 667 ⁴
1534 652 1592 681 ⁵²5

91 719 281 767 Scilicet
303 719 352 764 id
376 736 597 781 magnum
621 736 813 781 sperans
838 719 940 765 fore
961 734 1134 764 munus
1159 717 1359 774 amanti,

91 796 150 840 Et
173 794 344 839 famam
364 794 601 856 exstingui
627 805 842 840 veterum
867 794 933 840 sic
955 809 1093 856 posse
1113 793 1362 838 malorum.

93 869 221 927 Quid
246 870 438 915 moror?
458 869 738 931 inrumpunt
757 869 965 916 thalamo
975 889 988 928 ;
1011 885 1167 916 comes
1190 868 1382 914 additur
1402 884 1496 914 una

93 945 324 989 Hortator
346 943 576 989 scelermn
601 943 824 991 AEolides.
849 944 935 1002 Di,
958 944 1069 990 talia
1093 943 1250 990 Graiis

91 1107 201 1138 runt.
218 1101 346 1137 Locus
368 1098 511 1150 Odyss.
538 1095 566 1136 ὃ
577 1127 587 1146 ,
624 1111 702 1147 277
726 1112 806 1150 seq.

92 1157 236 1195 frustra
253 1158 334 1195 huc
352 1166 533 1195 vocatur.
568 1159 732 1195 Summa
754 1171 809 1195 ex

92 1228 208 1259 arce,
232 1215 279 1253 ad
303 1215 496 1253 Helenam
518 1214 632 1252 refer.

153 1275 251 1312 520.
275 1273 372 1311 Cum
393 1287 456 1310 me
473 1273 554 1310 duo
573 1273 710 1310 Heius.
737 1272 808 1310 Cu-

91 1332 156 1371 n's.
176 1332 247 1370 ma
266 1340 385 1370 nocte
408 1332 571 1380 Trojani
590 1330 718 1380 epulis
743 1329 806 1367 lu-

90 1391 279 1441 sibusque
317 1398 553 1427 vacaverant
577 1401 587 1426 :
618 1389 682 1433 11,
723 1388 806 1425 265

92 1449 297 1488 Invadunt
316 1448 449 1485 urbem
470 1459 612 1484 somno
630 1444 808 1496 vinoque

88 1509 283 1558 sepultam
304 1519 319 1542 .·
336 1507 444 1543 inter
459 1504 546 1543 haee
564 1506 653 1556 quis
668 1503 784 1542 locus
795 1533 806 1553 ‚

88 1563 215 1612 dicas,
246 1576 329 1601 esse
348 1565 483 1615 potuit
508 1563 644 1601 curis?
667 1564 806 1613 Itaque

88 1624 155 1661 Jo.
173 1621 381 1662 Schrader.
398 1623 507 1659 notis
531 1635 602 1659 ms.
622 1621 806 1659 emendat

86 1680 312 1734 confectum
329 1678 480 1717 choreis
491 1694 508 1724 ;
525 1679 659 1717 mallet
674 1687 806 1716 tamen

89 1737 242 1784 thiasis,
262 1745 310 1776 ut
323 1737 433 1788 apud
447 1739 614 1776 Statium
633 1738 694 1773 ΙΙΙ
708 1738 805 1776 Silv.

90 1797 133 1843 1,
168 1805 218 1841 41
251 1797 454 1833 occurrit:
475 1794 676 1846 conjectus
702 1793 805 1831 thia-

89 1853 153 1892 sis.
171 1853 381 1904 Ingeniose
406 1853 602 1904 profecto.
634 1854 806 1889 Possunt

90 1920 220 1948 tamen
243 1909 326 1947 duo
353 1911 519 1947 moueri.
544 1912 677 1948 Primo
700 1923 806 1945 curce

89 1975 266 2020 spectant
282 1966 331 2004 ad
353 1966 458 2004 diem
470 1994 481 2011 ‚
513 1969 584 2016 qui
602 1979 806 2017 praecesse-

89 2034 172 2073 rat,
204 2038 331 2076 quum
360 2024 410 2062 de
436 2024 610 2062 discessu
631 2024 806 2062 Achivo-

88 2098 179 2122 rum
194 2083 375 2121 nondum
388 2084 575 2120 certiores
589 2090 717 2119 essent
732 2081 807 2118 sac-

89 2144 141 2188 u',
178 2154 376 2194 quemque
407 2140 505 2178 adeo
534 2141 638 2177 inter
659 2140 804 2178 sollici-

89 2198 248 2237 tudines
275 2207 314 2235 et
337 2200 441 2236 'nter
459 2199 614 2236 labores
628 2197 723 2237 belli
743 2213 806 2238 so—

86 2258 180 2296 litos
209 2266 391 2308 exegerat
422 2256 683 2308 Deiphobus;
719 2267 803 2297 tum

87 2329 205 2363 vero,
226 2314 390 2352 choreas
406 2315 608 2353 ducebant
624 2314 802 2358 feminae:

87 2385 171 2412 non
216 2373 313 2410 item
354 2375 431 2411 sin
470 2373 583 2410 bellis
620 2376 802 2424 operati;

86 2443 206 2482 quam
228 2444 368 2482 parum
386 2431 462 2469 hoc
495 2433 587 2468 siris
612 2433 804 2484 principi-

86 2487 164 2527 bus
185 2488 351 2541 dignum
381 2498 634 2527 memorasset
659 2501 801 2542 poeta,

87 2547 119 2583 si
153 2549 391 2594 Hectorem,
437 2551 599 2586 AEneam
612 2576 622 2594 ‚
668 2551 803 2600 eisque

86 2604 256 2652 similes,
290 2614 359 2644 aut
385 2620 494 2645 nunc
517 2607 775 2658 Deiphobum
790 2637 800 2655 ‚

89 2660 233 2702 choros
260 2663 499 2712 ducentem,
532 2665 800 2704 exhibuisset!

88 2740 146 2750 —·
165 2721 408 2762 520—530.
439 2723 671 2775 Confectum
703 2724 804 2761 curis

88 2789 305 2831 somnoque
317 2790 541 2832 gravatum,
562 2782 804 2833 Compar-'int

877 1102 1012 1152 Intpp.
1053 1099 1197 1150 Odyss.
1226 1097 1267 1144 ζ,
1311 1113 1333 1135 2
1371 1088 1486 1152 Ῠπνῳ
1526 1097 1593 1137 καὶ

876 1171 1046 1211 καματῳ
1064 1154 1111 1210 ἀρ
1115 1170 1189 1210 ‘cy-5
1183 1155 1250 1200 ’ςνο
1255 1156 1385 1195 ,Aliis
1402 1156 1502 1194 locis
1522 1169 1593 1195 κα·

876 1230 989 1270 μα’-ῳ
1022 1202 1195 1256 ὰδὸηκό.
1180 1228 1219 1242 -=
1206 1228 1240 1259 ες
1270 1210 1343 1256 ’ἠδὲ
1378 1211 1446 1252 καὶ
1485 1211 1592 1269 ὕπνῳ

875 1275 988 1313 Iliad.
1009 1288 1059 1322 κ,
1086 1274 1148 1311 18.
1174 1295 1232 1302 --
1259 1271 1519 1323 Placidoeque
1548 1259 1594 1310 51²·

875 1333 1045 1370 millima
1073 1331 1202 1369 morti.
1230 1329 1420 1374 ὕπνος-
1437 1329 1589 1385 Νήγρε·
1635 1349 1638 1351 >

874 1403 951 1437 τος,
970 1386 1106 1434 aiche-03
1119 1418 1129 1435 ‚
1150 1386 1306 1443 θανάτῳ
1327 1385 1505 1442 ἄγχιστα
1526 1388 1594 1426 ε’ῡι-

873 1446 1031 1492 κώς.-
1050 1448 1293 1486 523—525.
1312 1449 1468 1484 Locum
1485 1445 1593 1484 hunc

873 1520 1050 1559 pugnare
1070 1520 1162 1544 cum
1192 1519 1314 1544 verSS.
1338 1505 1418 1554 567
1443 1517 1528 1558 sqq.
1566 1505 1591 1546 i.

872 1567 912 1603 11
939 1566 1059 1603 multi
1085 1566 1162 1602 viri
1187 1563 1296 1602 docti
1315 1563 1592 1614 crediderunt,

875 1624 1031 1674 fuitque
1064 1624 1143 1661 hoc
1177 1625 1283 1660 inter
1305 1635 1484 1670 caussas,
1521 1637 1591 1662 cur

872 1683 968 1720 istos
986 1695 1122 1720 versus
1137 1681 1315 1718 sublatos
1333 1693 1414 1718 esse
1430 1681 1590 1720 vellent.

873 1739 950 1779 Sed
965 1740 1041 1777 fuit
1060 1739 1264 1790 Deiphobi
1284 1738 1426 1776 domus
1445 1740 1489 1776 in
1506 1741 1590 1791 ipsa

874 1810 985 1845 arce,
1024 1805 1064 1835 et
1098 1799 1233 1850 potuit
1261 1796 1414 1834 Helena
1445 1798 1590 1835 scelere

872 1856 917 1892 in
935 1857 1122 1893 maritum
1142 1856 1355 1892 commisso
1384 1862 1516 1892 tamen
1535 1856 1590 1893 la·

872 1912 1002 1949 tebras
1020 1926 1217 1962 quaerere,
1239 1925 1336 1962 quas
1353 1912 1476 1949 altero
1499 1913 1590 1951 loco

872 1972 1109 2008 memoravit
1123 1979 1253 2022 poeta.
1272 1991 1330 1998 ——-
1349 1970 1446 2014 524.
1466 1971 1587 2006 Emo-

873 2037 933 2064 νει
980 2035 1019 2064 et
1069 2029 1318 2066 subduxerat
1336 2054 1348 2073 ,
1392 2027 1465 2064 etsi
1506 2041 1588 2066 uon

871 2088 1146 2137 grammatice,
1180 2094 1310 2123 tamen
1348 2083 1398 2121 ad
1435 2093 1590 2124 senten·

871 2146 965 2182 tiam
1007 2145 1143 2183 saltem
1173 2146 1214 2181 vi
1244 2142 1399 2195 pollent
1432 2144 1584 2193 aequali.

870 2225 928 2232 —-
956 2203 1052 2249 527.
1084 2206 1264 2240 Veterem
1300 2203 1431 2251 Sprot.
1470 2203 1587 2239 Haud

870 2261 995 2298 dubie
1041 2261 1258 2313 elegantius
1298 2266 1416 2295 vetus
1461 2257 1585 2310 fama

870 2319 1066 2357 malornm
1081 2332 1156 2371 pro
1164 2318 1291 2370 fizma
1306 2324 1489 2354 veterum
1509 2331 1589 2355 ma-

871 2378 997 2415 lorum
1045 2377 1266 2423 diceretur;
1314 2382 1355 2412 et
1391 2384 1510 2413 vetus
1545 2389 1588 2414 ac

864 2434 1053 2486 pristinus
1090 2449 1165 2487 pro
1202 2435 1328 2486 priori
1364 2433 1445 2480 jam
1481 2435 1586 2485 apud

870 2502 1026 2545 poetam
1059 2494 1247 2532 vidimus.
1266 2514 1326 2521 —
1348 2491 1428 2529 528
1443 2520 1455 2538 ‚
1489 2493 1584 2542 529.

869 2554 997 2591 Suave
1023 2552 1105 2590 hoc
1135 2560 1174 2590 et
1205 2551 1488 2597 Homericum,
1523 2552 1586 2587 vel

870 2609 912 2646 in
927 2609 1002 2648 hac
1019 2611 1102 2662 ipsa
1120 2624 1161 2647 re
1178 2609 1244 2661 (v.
1263 2608 1406 2660 Odyss.
1424 2607 1444 2644 θ
1458 2636 1469 2655 ,
1490 2610 1536 2646 51
1549 2622 1585 2656 7.

873 2667 1006 2719 518),
1026 2668 1135 2720 quod
1154 2681 1229 2706 nec
1247 2667 1296 2704 ab
1313 2667 1391 2704 hoc
1412 2666 1586 2704 facinore

870 2725 1031 2777 Ulysses
1058 2727 1179 2765 abest.
1196 2748 1255 2755 —
1285 2726 1381 2775 529.
1422 2723 1586 2761 OElides

869 2783 1017 2824 Medic.
1040 2798 1133 2823 cum
1152 2784 1258 2822 binis
1283 2784 1421 2821 Heius.
1450 2782 1512 2819 sic
1543 2782 1587 2817 in
