1767 3054
214 162 295 201 326

830 156 1070 195 AENEIDOS

219 233 462 282 Stricturae
484 228 758 290 chalybum,
785 238 830 274 et
855 228 1123 274 fornacibus
1147 227 1266 290 ignis
1287 227 1471 276 anhelat
1481 247 1494 289 3

219 308 414 354 Volcani
437 305 625 361 domus,
652 315 697 350 et
719 302 945 348 Volcania
969 304 1156 348 nominc
1180 303 1326 350 tellus.

219 385 323 429 Hoc
345 393 455 427 tunc
478 379 740 441 ignipotens
764 377 880 421 coelo
903 376 1141 422 descendit
1165 375 1223 421 ab
1250 377 1358 422 alto.

218 458 418 502 Ferrum
442 450 724 499 exercebant
746 458 879 495 vasto
903 448 1128 510 Cyclopes
1151 451 1200 495 in
1225 460 1383 507 antro,

220 533 536 588 Brontesque,
569 528 908 584 Steropesque,
934 531 980 566 et
1003 521 1156 568 nudus
1187 523 1396 570 membra
1425 527 1699 587 Pyracmon.

217 604 303 650 His
327 602 629 646 informatum
652 595 868 642 manibus
883 631 895 654 ,
915 595 1011 657 jam
1032 607 1164 657 parte
1189 597 1360 657 polita,

1638 608 1701 646 426

218 678 412 724 Fulmen
438 685 560 732 erat3
583 683 682 719 toto
703 672 886 734 genitor
909 686 1013 732 quae
1039 671 1240 732 plurima
1262 673 1379 718 eoelo

219 751 391 814 Dejicit
411 751 461 796 in
484 760 656 806 terras;
682 763 789 808 pars
811 746 1070 807 inperfecta
1092 745 1325 793 manebat.

218 827 324 873 Tris
348 822 512 870 imbris
537 822 650 868 torti
673 820 851 878 radios,
877 820 960 866 tris
982 819 1120 866 nubis
1145 836 1332 883 aquosae

222 898 536 956 Addiderant,
559 896 690 942 rutili
712 895 796 940 tris
822 893 962 956 ignis,
986 904 1031 940 et
1056 894 1176 942 alitis
1200 895 1345 942 austri
1367 913 1377 939 :

219 1077 359 1109 sonant
378 1080 447 1119 per
466 1075 576 1104 antra
596 1067 700 1104 ictus
717 1064 925 1104 incudum.

216 1127 429 1171 Stricturae,
453 1138 549 1175 quas
566 1132 702 1162 ornate
720 1123 928 1172 chalybum

218 1185 320 1221 dixit
336 1183 403 1233 (V.
426 1183 498 1219 Ge.
523 1184 566 1228 Ι,
597 1180 697 1232 58),
725 1193 808 1218 non
837 1189 930 1217 sunt

217 1243 258 1280 h.
282 1242 309 1279 l.
329 1240 547 1292 σπινθῆρες,
564 1251 638 1275 nec
658 1240 930 1288 quae-proprie

217 1299 372 1336 metalla
402 1296 614 1342 dicuntur,
635 1295 743 1332 unde
776 1308 826 1332 aes
860 1308 929 1332 ex-

219 1357 404 1406 coquitur
417 1383 427 1401 ,
446 1353 515 1391 sed
533 1348 692 1406 μύδρῦι,
709 1365 844 1390 massae
859 1352 934 1389 fer-

217 1416 273 1460 ri,
296 1426 385 1462 quae
413 1411 695 1462 procuduntur
712 1424 722 1456 ;
741 1410 815 1447 inf.
846 1409 927 1455 450

218 1469 426 1508 stridentia
451 1481 535 1506 cera
566 1481 655 1518 quae
686 1468 751 1504 alii
774 1467 932 1518 tingunt

217 1529 330 1571 lacu,
353 1535 391 1563 et
417 1527 496 1570 453
522 1537 668 1562 massa.
691 1525 750 1562 Cf.
770 1525 930 1562 Schnei-

219 1585 288 1621 der
311 1583 362 1620 ad
390 1585 538 1620 Histor.
565 1581 758 1619 metallor.
785 1595 826 1631 p.
860 1583 927 1618 32.

219 1664 276 1671 --
291 1641 386 1685 423.
412 1641 498 1677 Hoc
520 1639 680 1687 antique
703 1651 777 1688 pro
796 1637 882 1675 lucc.

279 1705 360 1743 424
372 1725 383 1743 ,
406 1697 500 1741 425.
518 1696 658 1733 Libera
675 1693 835 1744 quidem
849 1702 931 1730 erat

218 1757 427 1794 nominum
446 1752 673 1789 informatio
688 1779 699 1797 ,
719 1751 787 1789 sed
806 1753 931 1788 Bron-

218 1823 287 1850 ten
303 1822 340 1849 et
352 1813 542 1859 Steropen
554 1811 669 1846 etiam
682 1808 747 1845 ah'i
762 1808 931 1846 habent:

219 1868 382 1908 Hesiod.
407 1866 658 1917 Theogonia,
682 1873 786 1912 1403
815 1865 931 1903 Calli·

219 1927 346 1965 mach.
367 1927 411 1962 in
435 1925 553 1962 Dian.
577 1923 628 1960 68
647 1938 656 1971 3
687 1923 788 1961 Plin.
808 1925 858 1961 H.
881 1925 931 1961 N.

220 1986 403 2028 XXXV,
431 1995 495 2029 10,
514 1994 545 2018 s,
577 1981 628 2018 36
644 2009 654 2028 ‚
682 1994 745 2027 17.
768 1982 932 2019 Statium

219 2052 258 2080 et
281 2039 544 2080 Claudianum
563 2052 601 2076 v.
627 2038 734 2088 apud
753 2037 932 2077 Cerdam.

219 2103 506 2150 Pyracmonem
555 2095 713 2133 aliunde
767 2097 932 2146 accepit.

222 2160 356 2207 Argen
387 2160 578 2191 memorat
605 2151 794 2203 Apollod.
816 2156 834 2190 Ῑ
851 2181 862 2199 ,
887 2165 926 2198 1,

223 2228 246 2251 2
262 2242 272 2261 ‚
294 2212 366 2249 ubi
383 2225 420 2249 v.
440 2212 482 2247 in
497 2211 591 2248 Not.
609 2223 649 2260 p.
669 2223 694 2259 9
713 2209 761 2246 de
778 2209 933 2249 diverso

220 2271 299 2308 hoc
327 2268 554 2320 Cyclopum
582 2280 722 2318 genere
757 2267 805 2303 ab
833 2269 931 2304 anti-

224 2329 312 2377 quis
336 2325 602 2376 Cyclopibus,
619 2325 691 2374 qui
708 2325 751 2360 in
769 2325 931 2375 theogo-

221 2385 298 2420 niis
318 2390 599 2418 memorantur.
611 2382 752 2426 -426
764 2403 822 2412 --
835 2383 931 2426 428.

222 2441 325 2478 Nota
362 2440 556 2475 inversam
594 2439 810 2476 orationem
836 2451 931 2489 pro,

224 2504 334 2545 parte
366 2497 444 2542 jam
480 2496 622 2545 polita,
657 2504 767 2546 parte
805 2496 933 2533 adhue

223 2552 461 2602 imperfecta.
482 2553 792 2602 Fulmen—quae
803 2553 932 2603 pluri-

226 2621 318 2652 ma,
345 2607 451 2658 quod
476 2622 598 2659 genus
628 2609 861 2658 fulminum,
882 2624 932 2648 ex

226 2678 308 2716 quo
340 2677 482 2715 genere
513 2666 683 2715 plurima
710 2679 720 2703 :
750 2667 932 2723 frequens

226 2730 430 2784 poetarum
452 2719 605 2770 figura:
627 2724 699 2763 zi?
725 2722 876 2765 ς-οἰα
889 2737 930 2761 τε

228 2791 278 2817 πε
283 2776 355 2818 λλὸι
390 2776 519 2830 τρέφει
555 2777 686 2823 κλυτὲ,
674 2770 883 2834 Ᾰυφτρῖ
872 2794 930 2823 ιτη

1641 908 1702 944 430

993 1066 1136 1116 Odyss.
1159 1079 1197 1113 ε,
1225 1074 1305 1111 422
1326 1073 1363 1103 et
1383 1078 1484 1116 saepe
1510 1065 1603 1103 alibi
1618 1077 1634 1103 ,ε
1651 1066 1702 1104 cf.

995 1124 1126 1161 Guell.
1144 1125 1310 1161 Variant
1333 1123 1417 1160 haee
1438 1125 1655 1160 orationem
1668 1132 1706 1160 et

994 1180 1506 1231 delectant.-—429—432.
1519 1183 1700 1231 Ingenio-

993 1252 1033 1275 se
1054 1240 1096 1275 in
1106 1238 1282 1276 fulminis
1294 1239 1496 1275 materiam
1507 1239 1624 1275 vertit
1636 1250 1677 1275 ea
1692 1265 1703 1284 ,

994 1310 1044 1333 ex
1056 1309 1227 1346 quorum
1246 1295 1435 1334 conflictu
1451 1295 1602 1333 fulmen
1617 1307 1703 1332 nas-

998 1355 1113 1401 citur,
1138 1353 1367 1404 grandinem
1386 1352 1535 1404 (imber
1555 1361 1699 1397 corcus,

996 1410 1036 1448 h.
1053 1413 1287 1448 constrictus
1304 1419 1343 1449 et
1358 1419 1517 1448 coactus
1531 1411 1575 1447 in
1591 1422 1705 1461 gran·
1750 1430 1754 1433 v

995 1467 1126 1505 dinem
1147 1480 1158 1507 ε
1174 1469 1244 1506 inf.
1269 1471 1329 1507 IX
1341 1496 1352 1515 ‚
1370 1468 1420 1516 67
1433 1481 1450 1504 1
1469 1481 1591 1518 quam
1610 1467 1706 1504 mul-

996 1534 1038 1563 ta
1055 1525 1244 1576 grandine
1267 1525 1390 1562 nimbi
1410 1527 1458 1562 In
1473 1525 1588 1562 vada
1598 1537 1703 1574 prae-

995 1582 1182 1631 cipitata,
1207 1596 1326 1632 quum
1349 1582 1503 1632 Jupiter
1525 1581 1705 1618 horridus

997 1639 1138 1675 austris
1180 1642 1358 1690 Torquet
1393 1651 1577 1688 aquosam
1621 1638 1704 1675 hie-

997 1709 1098 1732 mem
1112 1723 1122 1742 ,
1140 1705 1180 1733 ec
1197 1696 1295 1732 eoelo
1315 1708 1412 1732 cava
1437 1694 1575 1732 nubila
1599 1707 1705 1732 rum-

990 1752 1078 1803 pit)
1093 1781 1102 1799 ‚
1121 1752 1270 1790 nubem
1283 1780 1293 1800 ,
1312 1753 1444 1803 ignem
1467 1761 1506 1789 et
1527 1761 1704 1790 ventum.

997 1812 1092 1847 Haec
1130 1810 1210 1846 fere
1233 1823 1283 1847 ex
1315 1810 1509 1848 Servianis
1535 1809 1705 1859 amplec-

997 1875 1083 1912 tor3
1104 1874 1230 1904 cetera
1245 1874 1339 1904 sunt
1359 1866 1708 1916 respuenda.Facit

999 1933 1128 1961 autem
1159 1923 1312 1960 fulmen
1336 1922 1547 1960 duodecim
1579 1926 1706 1974 cuspi-

999 1981 1095 2018 dum
1107 2010 1116 2028 ‚
1138 1981 1340 2018 radiorum
1351 2009 1363 2026 ,
1387 1977 1552 2018 ἀκτίνων
1566 2009 1576 2027 ,
1592 1982 1706 2020 trinis

998 2040 1041 2077 in
1067 2046 1254 2090 quaterna
1268 2038 1388 2076 latera
1400 2066 1410 2085 ,
1432 2037 1562 2088 qualia
1577 2037 1707 2076 fulmi-

998 2110 1049 2134 na
1080 2097 1224 2146 passim
1255 2097 1300 2132 in
1332 2096 1601 2133 monumentis
1614 2123 1624 2142 ,
1645 2097 1705 2133 in-

997 2154 1136 2204 primis
1166 2154 1209 2191 in
1228 2154 1380 2199 numis,
1401 2160 1439 2190 et
1472 2154 1515 2189 in
1546 2152 1705 2203 anagly-

996 2211 1085 2261 phis
1105 2213 1147 2248 in
1173 2211 1319 2261 quibus
1341 2218 1451 2248 scuta
1468 2208 1706 2247 exhibentur

997 2268 1231 2305 fulminibus
1245 2264 1430 2320 insignita
1441 2295 1453 2314 ,
1466 2275 1683 2304 occurrunt
1692 2296 1703 2314 ,

998 2328 1070 2363 etsi
1102 2325 1197 2362 alibi
1236 2325 1309 2362 alia
1344 2326 1469 2362 forma
1502 2322 1703 2363 tribuitur.

1000 2382 1151 2420 Habuit
1168 2390 1298 2420 autem
1314 2390 1429 2433 poeta
1444 2388 1532 2418 aute
1550 2380 1701 2427 oculos,

999 2448 1038 2477 et
1063 2441 1238 2490 argutius
1263 2439 1456 2490 expolivit
1485 2437 1618 2473 locum
1647 2439 1703 2476 A·

997 2496 1167 2547 pollonii
1188 2498 1340 2547 Argon.
1361 2497 1379 2531 1
1392 2521 1402 2538 ‚
1430 2495 1510 2541 730
1522 2515 1578 2521 -—-
1594 2495 1676 2540 734
1689 2524 1700 2542 ,

997 2554 1068 2591 ubi
1090 2566 1169 2590 una
1192 2554 1323 2602 cuspis
1343 2550 1470 2588 adhuc
1498 2551 1705 2600 imperfec-

997 2619 1057 2657 ta,
1076 2622 1195 2660 quam
1222 2609 1415 2659 Cyclopes
1447 2607 1701 2657 procudunt,

997 2665 1176 2719 μαλεροῖο
1203 2663 1320 2717 πυρὸς
1343 2662 1512 2709 ζείουσαν
1539 2662 1699 2716 ἀϋτμῆν.

997 2726 1052 2761 Ut
1069 2735 1162 2760 vero
1176 2750 1186 2768 ‚
1203 2735 1327 2773 quum
1348 2722 1518 2760 Vulcani
1540 2720 1700 2759 officina

996 2788 1207 2818 memorata
1231 2788 1351 2829 esset,
1378 2792 1496 2831 opera
1521 2779 1703 2818 inchoata
