1767 3054
163 141 237 175 130

784 142 1024 182 AENEIDOS

156 209 296 254 Melle
322 220 590 271 soporatam
618 221 663 256 et
683 210 927 258 medicatis
950 212 1164 274 frugibus
1189 215 1331 260 offam
1588 229 1649 262 420

158 283 335 347 objicit
358 304 366 329 :
391 285 467 330 ille
488 285 607 331 fame
629 285 793 332 rabida
814 287 903 332 tria
928 299 1117 349 guttura
1138 289 1346 351 pandens

159 357 374 419 Conripit
394 357 651 420 objectam,
677 370 817 419 atque
843 359 1046 406 inmania
1071 372 1201 424 terga
1224 363 1437 420 resolvit,

161 438 312 481 Fusus
334 432 488 490 humi,
515 444 708 494 totoque
728 434 889 495 ingens
912 436 1181 483 extenditur
1207 451 1354 485 antro,

161 514 375 573 Occupat
399 513 568 555 AEueas
594 509 773 555 aditum
798 510 991 556 custode
1011 513 1218 574 sepulto,

159 586 422 646 Evaditque
450 585 572 630 celer
592 585 745 646 ripam
763 585 1081 631 inremeabilis
1106 588 1260 634 undae.
1591 601 1651 637 425

226 661 461 707 Continuo
488 659 659 705 auditae
680 676 839 717 voees,
864 661 1050 723 vagitus
1073 673 1117 708 et
1137 662 1321 724 ingens,

160 735 495 796 Infanuunque
522 735 686 779 animae
708 735 869 781 flentes
890 735 938 779 in
963 736 1121 781 limine
1146 737 1323 798 primo,

162 816 294 869 Quos
319 810 467 856 dulcis
489 810 598 855 vitae
619 811 843 868 exsortis‚
865 822 910 856 et
936 810 996 856 ab
1021 810 1169 856 ubere
1193 824 1353 874 raptos

161 885 369 932 Abstulit
389 897 491 930 atra
511 885 632 940 dies,
658 896 704 929 et
725 885 889 930 funere
910 886 1071 930 mersit
1093 885 1277 932 acerbo.

162 964 260 1007 Hos
276 962 412 1022 juxta
436 960 552 1005 salso
580 958 787 1019 damnati
811 960 1006 1006 crimine
1030 960 1207 1007 mortis.
1593 976 1654 1013 430

153 1173 248 1225 fam
282 1179 362 1216 420
386 1170 560 1222 intellige
587 1170 796 1221 globulum
826 1184 876 1207 ex

165 1230 274 1281 pulte
295 1230 442 1265 factum
455 1257 465 1274 ,
486 1228 554 1265 sed
570 1228 745 1265 admixto
763 1228 876 1264 melle

166 1297 204 1324 et
220 1300 432 1337 papavere,
454 1287 587 1323 aliisve
604 1286 818 1323 seminibus
839 1294 878 1322 et

167 1346 295 1382 succis
325 1346 379 1381 ita
411 1353 693 1393 temperatum,
727 1352 773 1380 ut
795 1344 877 1380 vim

167 1399 417 1452 soporificam
436 1401 622 1447 haberet3
656 1401 751 1437 hinc
770 1414 879 1450 sopo-

167 1469 260 1496 rata
283 1461 365 1509 ipsa
386 1459 464 1496 offa
478 1487 489 1506 ,
512 1459 628 1495 melle
646 1467 684 1495 et
689 1457 877 1509 frugibus

168 1516 374 1553 medicatis
393 1529 407 1552 .·
423 1516 493 1552 has
521 1516 569 1553 de
588 1529 780 1581 papavere
800 1516 878 1565 ple-

167 1587 339 1624 iamque
356 1573 489 1610 videas
508 1574 669 1624 exponi.
700 1575 801 1611 Sunt
826 1581 877 1609 ta-

168 1644 260 1668 men
293 1632 457 1668 omnino
486 1644 603 1682 grana
637 1639 676 1667 et
705 1630 875 1677 semina,

166 1689 294 1726 succis
328 1688 565 1735 herbarum,
599 1689 669 1738 qui
697 1688 778 1724 vim
809 1688 877 1724 ah·-

167 1758 311 1795 quam‚
342 1759 380 1784 v.
414 1759 447 1784 c.
479 1747 524 1782 in
546 1746 705 1795 magicis
732 1745 875 1790 rebus,

166 1802 327 1847 habent,
347 1803 515 1852 perfusa.
529 1804 772 1840 Μελιττοῦτσ.
789 1802 878 1839 Cer-

167 1858 264 1896 bero
293 1859 416 1907 objici
443 1859 579 1905 solita,
607 1869 699 1898 nota
730 1858 874 1896 reszef.

166 1916 291 1955 Cerda
311 1924 351 1953 et
368 1930 454 1966 sup.
477 1915 525 1952 ad
541 1918 619 1963 IV,
653 1917 748 1962 486.
773 1912 877 1953 Hinc

165 1972 370 2011 resolvitur
381 1979 521 2011 somno
541 1985 700 2024 corpus,
721 1970 878 2011 ἀναλύε-

166 2043 246 2078 ται,
268 2031 473 2081 utApoll.‚
492 2044 611 2080 quem
627 2033 669 2067 in
689 2040 774 2068 toto
787 2030 877 2067 loco

109 2093 119 2095 “
167 2097 256 2126 ante
287 2089 424 2126 oeulos
454 2088 595 2125 habuit
613 2090 753 2132 Maro,
792 2089 875 2134 IV,

173 2146 251 2183 150
285 2140 442 2195 δολιχὴν
471 2142 641 2184 ἀνελύετ’
679 2142 874 2192 ἄκανθανς

166 2211 206 2239 et
238 2216 277 2241 V.
314 2209 395 2248 424
426 2204 584 2240 custode
611 2204 784 2253 sepulto,
820 2215 873 2240 se.

167 2272 319 2297 somno.
349 2281 407 2290 —·
438 2268 534 2305 420.
561 2263 797 2310 Soporatam
825 2260 877 2296 al-

167 2325 226 2352 ter
248 2318 406 2367 Menag.
436 2327 475 2354 et
500 2332 576 2367 pro
597 2318 676 2356 div.
705 2318 794 2356 lect.
822 2317 875 2354 al-

167 2382 226 2410 ter
260 2374 403 2412 Hamb.
434 2383 472 2411 et
499 2375 594 2411 olim
620 2375 831 2413 Turnebus
856 2388 877 2411 e

169 2429 338 2477 Codice,
367 2433 438 2482 qui
469 2445 560 2468 eum
591 2432 739 2469 Alardo
776 2431 878 2468 illud

166 2487 392 2537 probabat:
424 2503 462 2526 v,
493 2491 629 2527 Heius.
659 2498 697 2526 et
728 2488 875 2536 Cerda,

167 2546 239 2593 qui
255 2554 360 2582 recte
379 2546 581 2583 vindicant
593 2547 788 2598 vulgatam
804 2547 878 2583 lec·

168 2603 341 2647 tionem,
382 2603 444 2639 vel
479 2618 529 2640 ex
557 2606 615 2641 IV
650 2607 738 2642 AEn.
770 2605 877 2650 4863

168 2661 231 2706 V,
270 2660 364 2697 855.
403 2661 646 2697 Medic-atam
674 2661 714 2711 s
750 2661 877 2712 ossam

168 2717 353 2754 nonnulli
376 2724 453 2753 vet.
478 2718 586 2768 apud
615 2719 800 2755 Pierium.
820 2740 878 2747 --

171 2775 266 2819 423.
301 2777 514 2826 Tutoquea
545 2788 596 2812 m.
625 2788 684 2825 pr.
707 2775 788 2813 Erf.
815 2774 878 2813 Ri-

939 1182 1038 1221 gens
1061 1170 1164 1218 conj.
1186 1172 1460 1218 Burmannus,
1484 1172 1549 1210 sed
1572 1174 1655 1224 ipse

943 1227 1124 1274 damnat,
1149 1237 1188 1265 et
1210 1237 1328 1267 reete.
1359 1232 1493 1280 Auget
1514 1230 1655 1282 ingens

944 1284 1110 1323 mirifice
1146 1287 1318 1336 speciem
1359 1288 1653 1339 magnitudinis«

943 1365 1001 1371 --
1043 1345 1218 1393 Totoque
1252 1343 1394 1395 ingens
1427 1345 1657 1383 extenditur

945 1410 1075 1438 antro.
1096 1402 1159 1440 Sic
1184 1415 1271 1452 sup.
1300 1404 1381 1449 111,
1418 1403 1497 1440 631
1510 1403 1656 1455 jacuit-

945 1472 1021 1509 que
1037 1471 1115 1508 per
1135 1468 1293 1496 antrum
1326 1462 1570 1507 Immensus,
1604 1461 1653 1498 de

945 1515 1204 1568 Polyphemo.
1235 1516 1412 1555 Tandem
1444 1519 1525 1561 425
1558 1518 1653 1555 irre-

945 1573 1152 1610 meabilem
1171 1573 1318 1611 undam
1333 1587 1380 1611 eo
1399 1574 1576 1613 referunt
1592 1577 1655 1613 In·

945 1639 1156 1681 terpreteS,
1186 1631 1296 1681 quod
1318 1644 1401 1668 non
1428 1631 1564 1669 eadem
1591 1634 1654 1670 via

945 1697 1028 1725 erat
1048 1687 1248 1725 rediturus
1266 1691 1406 1726 AEneas
1423 1701 1433 1727 ε
1458 1690 1565 1729 conf.
1580 1690 1651 1728 inf.

947 1746 1043 1794 899.
1065 1746 1256 1796 Argutius
1273 1745 1351 1783 hoc
1377 1759 1493 1796 quam
1518 1759 1652 1784 neces-

944 1815 997 1840 se.
1029 1803 1221 1840 Naturam
1241 1805 1371 1854 Stygis
1402 1815 1655 1841 communem

944 1860 1132 1909 exprimit
1153 1859 1370 1909 epitheton.

1005 1917 1086 1961 426
1110 1929 1195 1966 sqq.
1213 1918 1318 1954 Hinc
1337 1916 1387 1954 ad
1406 1918 1487 1962 540
1506 1916 1556 1954 de
1573 1919 1654 1967 pri—

944 1986 1007 2010 ma
1034 1974 1217 2011 locorum
1245 1974 1468 2012 inferorum
1495 1976 1655 2025 regione

945 2033 1088 2082 agitur.
1110 2032 1432 2082 ——426—429.
1455 2034 1654 2070 Versuum

944 2101 1083 2139 magna
1097 2088 1266 2126 dulcedo
1278 2088 1652 2136 est.--427.Wake-

944 2144 1052 2183 field.
1092 2145 1301 2196 distinguit
1325 2159 1335 2186 :
1370 2145 1655 2198 Infancumque

943 2202 1275 2256 animoeflences,
1305 2203 1347 2241 in
1374 2203 1511 2241 limine
1526 2203 1654 2255 primo

948 2263 1054 2310 Quos
1076 2261 1202 2298 dulcis
1219 2261 1318 2299 vitoe
1330 2290 1341 2307 ‚
1364 2260 1530 2299 εει-σοιτίς
1549 2269 1589 2298 et
1602 2261 1653 2297 ab

944 2318 1061 2354 ubere
1076 2327 1230 2368 raptos,
1260 2319 1436 2356 Abstulit
1451 2327 1542 2354 atra
1555 2316 1650 2356 dies.

944 2374 1069 2413 Valde
1088 2375 1235 2413 arridet
1259 2376 1457 2426 ingeniosi
1475 2375 1550 2412 viri
1566 2387 1654 2412 acu-

947 2446 1040 2470 men
1066 2444 1076 2470 :
1104 2434 1182 2471 nisi
1214 2433 1324 2483 quod
1352 2445 1448 2469 mox
1478 2441 1654 2469 exsortes

946 2492 1116 2528 otiosum
1134 2503 1215 2527 esse
1234 2490 1533 2534 sentim—428.
1553 2491 1655 2540 Rap-

945 2557 985 2584 to
1014 2548 1165 2596 aliquot
1195 2547 1296 2584 Pier.
1321 2545 1372 2582 ab
1399 2546 1515 2584 ubere
1541 2556 1654 2584 natos

943 2603 1113 2642 Dorvill.
1136 2615 1188 2640 m.
1216 2616 1278 2653 pr.
1308 2604 1352 2640 in
1373 2616 1494 2655 marg.
1521 2614 1656 2655 raptos

945 2661 996 2697 ab
1016 2660 1130 2696 ubere
1140 2659 1275 2709 primo
1296 2660 1485 2700 Rottend.
1506 2675 1582 2700 sec.
1603 2675 1652 2699 ex

944 2731 1032 2768 sup.
1052 2729 1181 2754 versu.
1664 2726 1666 2728 ’

1005 2775 1244 2819 430-433.
1274 2776 1382 2827 Quid
1421 2778 1465 2815 in
1497 2775 1655 2815 sedibus
