1767 3054
650 138 804 177 LIBER
836 139 887 174 V.
1108 146 1110 149 ’
1476 153 1521 182 ,41

19 215 325 279 Obstupuere
347 212 491 259 animi
513 229 522 255 2
549 220 789 256 tantorum
816 209 1023 272 ingentia
1045 223 1224 271 septem

18 294 173 353 Terga
197 290 342 337 boum
366 285 563 350 plumbo
588 285 747 331 insuto
770 285 993 347 ferroque
1015 284 1247 346 rigebant.
1466 297 1527 331 awa

17 369 140 411 Ante
165 363 315 411 omnis
339 372 497 424 stupet
518 361 618 424 ipse
638 363 788 406 Dares
804 394 817 417 ,
842 359 1077 422 longeque
1098 369 1309 417 recusat;

16 437 440 502 Magnanimusque
464 434 775 482 Anchisiades
801 445 848 480 et
872 433 1061 497 pondus
1086 445 1133 480 ct
1157 434 1259 496 ipsa

18 517 125 560 Huc
148 513 258 559 illuc
277 512 546 558 vinclorum
571 511 800 558 immensa
825 511 1069 557 volumina
1090 521 1260 557 versat.

15 592 136 636 Tum
160 588 319 636 senior
344 588 447 634 talis
476 586 715 633 referebat
736 598 930 649 pectore
950 602 1092 633 voces
1120 603 1130 630 :

19 688 37 708 «ι
65 664 192 724 Quid
208 701 221 724 ,
246 665 285 710 si
311 664 417 727 quis
438 675 604 710 caestus
630 663 778 726 ipsius
804 675 851 710 et
871 663 1091 710 Herculis
1113 678 1244 707 arma
1465 677 1524 708 410

17 740 246 798 Vidisset,
271 740 552 802 tristemque
580 738 674 785 hoc
700 739 804 801 ipso
829 738 878 783 in
902 738 1042 785 litore
1062 738 1299 800 pugnam?

18 821 132 865 Haec
152 833 403 880 germanus
427 820 558 878 Eryx
581 814 823 877 quondam
844 824 952 861 tuus
978 829 1109 860 arma
1131 811 1344 875 gerebat3

19 893 257 955 Sanguine
282 892 434 939 cernis
459 890 615 937 adhuc
634 891 882 952 fractoque
902 889 1077 936 infecta
1095 886 1309 936 cerebro.

22 1125 118 1155 tum.
132 1123 300 1162 -404,
338 1120 386 1154 111
418 1126 621 1154 tantorum
655 1117 734 1154 hae-

21 1183 110 1212 rent
131 1176 260 1225 intpp.
281 1174 421 1213 Faber.
443 1176 547 1223 conj.
568 1183 737 1211 totorum

22 1231 48 1270 i.
67 1246 97 1270 s.
130 1234 382 1270 Burmannus
411 1241 448 1269 et
494 1233 738 1270 emendatio-

24 1303 116 1328 nem
157 1298 195 1327 et
237 1292 365 1328 Servii
406 1290 713 1341 explicationem
728 1319 738 1337 ,

25 1356 225 1386 tantorum
240 1376 251 1391 ‚
274 1348 353 1385 hoc
372 1357 450 1395 est,
463 1348 643 1386 virorum
654 1348 743 1400 for-

25 1406 123 1444 tium
136 1434 148 1450 ‚
172 1414 276 1443 recte
305 1407 457 1454 rejicit;
476 1416 514 1444 at
537 1407 642 1444 idem
663 1420 743 1444 am-

23 1463 743 1516 plectimax-ultinterpolatamHamb.

25 1535 103 1561 sec.
139 1529 178 1559 et
206 1521 298 1560 edd.
320 1524 485 1561 Venetae
506 1524 743 1561 lectionem:

30 1581 272 1631 Obstupuere
319 1580 448 1618 animi
491 1584 743 1620 Teucrorum.

26 1638 219 1691 Ingentia
253 1648 402 1689 septem
452 1648 569 1692 terga
613 1640 744 1678 boum.

25 1698 148 1736 Parva
163 1706 220 1734 est
232 1696 457 1736 observatio
468 1700 721 1751 grammatica
735 1727 746 1744 ‚

26 1768 146 1806 quam
164 1764 295 1793 tamen
316 1764 450 1794 tenere
480 1770 564 1795 non
579 1757 743 1810 pigebit.

30 1814 182 1852 Tantus
201 1821 239 1851 et
258 1813 372 1859 calis,
407 1824 454 1853 ut
475 1815 575 1861 τοῖος
597 1816 662 1855 vel
684 1813 746 1854 τό·

26 1883 89 1915 σος
103 1899 114 1917 ,
134 1872 189 1908 ita
205 1881 438 1922 ponuntur,
464 1882 510 1911 ut
533 1875 747 1912 caussalem

28 1928 264 1980 particulam
283 1931 386 1966 intra
414 1944 454 1968 se
480 1933 746 1983 complectan-

28 1995 95 2024 tur
107 2015 119 2033 ‚
134 1985 412 2036 reddendaque
434 1990 513 2026 sint
530 2003 602 2041 per
621 2002 630 2027 :
651 2003 746 2026 nam

31 2058 226 2096 magnus,
257 2057 352 2081 nam
383 2047 539 2085 multus.
571 2050 629 2084 Ita
651 2047 693 2085 h.
718 2047 745 2085 l.

29 2116 105 2155 pro
123 2115 134 2141 :
157 2115 253 2140 nam
274 2112 421 2153 septem
435 2105 618 2156 ingentia
639 2119 749 2157 mag-

32 2173 173 2198 norum
193 2161 308 2198 boum
337 2164 476 2214 terga(
490 2162 623 2214 coria)
643 2163 744 2214 rige-

30 2218 130 2257 bant
146 2218 302 2271 (ornate
326 2232 400 2269 pro
425 2222 632 2271 erant).—
647 2223 747 2260 Nam

31 2287 162 2316 cestus
181 2277 274 2315 facti
289 2286 400 2315 erant
423 2292 444 2317 e
468 2281 579 2317 corio
598 2288 747 2331 septem

30 2348 270 2387 magnorum
288 2335 412 2373 boum
427 2365 439 2383 ‚
458 2338 594 2375 insuto
615 2338 747 2389 plum-

31 2391 86 2432 bo
111 2394 308 2445 ferroque.
338 2397 416 2434 Res
436 2408 532 2432 vero
561 2395 608 2433 ad
635 2397 749 2434 mira-

30 2451 169 2490 culum
203 2452 285 2490 fere
307 2462 424 2491 aucta
450 2454 493 2490 in
519 2452 580 2492 his
610 2456 749 2505 Erycis

34 2509 220 2548 cestibus.
233 2532 291 2539 —
302 2511 384 2556 406
396 2533 454 2540 -
468 2513 564 2557 408.
592 2514 750 2564 Longe-

33 2580 134 2623 que,
157 2567 292 2615 valde,
309 2577 356 2606 ut
379 2573 487 2610 Serv.
521 2569 678 2609 Scih'cet
704 2572 748 2608 in

35 2635 191 2665 recusat
219 2627 296 2665 late
334 2631 448 2668 notio
483 2630 551 2667 τοῦ
587 2627 746 2681 refitgit.

37 2683 267 2723 Vim-lorum
277 2686 363 2725 vol.
382 2688 466 2726 lora
478 2716 490 2735 ,
511 2685 658 2740 quibus
670 2701 746 2726 ces-

36 2750 102 2785 tus
127 2745 231 2783 circa
261 2743 470 2785 brachium
502 2748 745 2799 religaretur.

97 2808 336 2856 410—419.
354 2804 493 2857 Quid?
508 2807 542 2846 si
556 2805 749 2845 vidissetis

804 1118 928 1167 ipsius
954 1117 1138 1154 Herculis
1160 1124 1310 1154 cestum
1325 1143 1335 1161 ‚
1352 1122 1526 1166 quantus

805 1175 872 1213 ille
899 1182 981 1211 erat
1001 1187 1011 1212 :
1036 1184 1162 1212 cestus
1185 1184 1225 1212 et
1246 1187 1374 1211 arma.
1398 1176 1528 1210 Arma

807 1246 891 1270 non
912 1241 1080 1283 possunt
1100 1246 1181 1270 esse
1207 1232 1283 1269 alia
1306 1245 1426 1282 quam
1446 1232 1530 1281 ipse

810 1298 953 1328 cestus.
979 1291 1043 1328 Sic
1063 1298 1102 1326 et
1121 1303 1218 1327 mox
1236 1303 1275 1327 v,
1299 1297 1382 1334 424
1398 1317 1407 1335 ‚
1432 1291 1528 1333 425.

809 1350 894 1387 Nec
924 1347 1116 1386 Hercules
1151 1347 1286 1394 aliter,
1315 1359 1435 1398 quam
1457 1359 1531 1397 pu-

811 1406 958 1458 gilatu,
1005 1419 1096 1442 cum
1135 1407 1263 1457 Eryce
1308 1406 1504 1456 pugnavit
1522 1432 1532 1450 ‚

813 1465 878 1502 vel
897 1465 1028 1502 uumis
1047 1463 1226 1501 testibus,
1239 1485 1298 1492 —-
1312 1471 1409 1508 412.
1437 1463 1534 1500 Ger-

815 1536 959 1560 manus
1004 1524 1138 1560 AEneae
1152 1550 1162 1569 ‚
1209 1521 1347 1559 eadem
1394 1521 1534 1558 saltem

813 1591 937 1619 matre
979 1582 1136 1633 genitus
1174 1579 1258 1632 (cf.
1296 1579 1531 1631 VVesseling.

814 1640 930 1678 Obss.
950 1641 968 1676 I
982 1667 992 1686 ‚
1017 1637 1118 1690 13),
1136 1640 1286 1690 quippe
1297 1638 1465 1675 Veneris
1486 1650 1536 1674 ex

812 1699 914 1737 Buta
933 1697 1029 1750 (sed
1055 1698 1134 1736 alio
1161 1710 1280 1748 quam
1302 1697 1335 1733 is
1348 1724 1359 1743 ‚
1385 1695 1434 1733 de
1454 1708 1536 1746 quo

814 1771 853 1795 v.
887 1755 998 1808 372)
1018 1754 1139 1794 filius.
1167 1777 1225 1784 -—-
1255 1756 1352 1800 413.
1371 1756 1533 1792 Fracto-

814 1829 910 1866 que,
933 1814 1045 1866 quod
1075 1815 1242 1852 Heinsio
1267 1813 1368 1850 forte
1387 1813 1534 1850 rectius

813 1874 888 1925 legi
907 1874 1037 1911 visum
1066 1882 1149 1910 erat
1162 1901 1172 1919 ,
1194 1881 1233 1910 et
1260 1873 1512 1909 Burmannus
1525 1897 1536 1916 ,

816 1940 1009 1982 quantum
1043 1929 1185 1976 video,
1218 1931 1261 1966 in
1301 1935 1536 1965 contextum

814 1989 951 2026 intuh't
963 2016 974 2034 ,
993 1988 1131 2025 decem
1142 1986 1303 2037 quidem
1317 1984 1434 2022 codd.
1448 1996 1536 2021 auc-

815 2049 975 2084 toritate
998 2045 1239 2084 defenditur.
1265 2042 1536 2080 vetustissimi

816 2113 972 2150 tamen,
997 2112 1043 2141 ut
1070 2105 1154 2153 ipse
1178 2105 1316 2146 Rom.‚
1343 2109 1382 2138 et
1408 2099 1535 2138 Medi-

815 2175 932 2207 ceus,
954 2163 998 2199 in
1026 2161 1144 2199 altera
1168 2160 1339 2198 lectione
1370 2171 1535 2196 consen-

816 2222 952 2258 tiunt:
978 2231 1216 2271 sparsoque,
1247 2219 1290 2255 in
1325 2230 1407 2268 quo
1435 2215 1536 2254 nihil

815 2277 1101 2329 reprehendas3
1131 2290 1247 2323 nam,
1274 2273 1385 2326 quod
1417 2287 1535 2312 versu

816 2345 958 2387 quarto
997 2349 1138 2387 sparsa
1164 2350 1196 2375 s.
1239 2334 1431 2380 recurrit,
1475 2332 1535 2370 nil

816 2394 941 2433 obest.
961 2396 1040 2442 At,
1060 2395 1094 2431 si
1122 2396 1164 2432 in
1192 2405 1276 2431 uno
1306 2391 1397 2430 loco
1425 2389 1533 2429 codi-

817 2466 909 2492 cum
938 2454 1212 2491 auctoritatem
1249 2449 1314 2489 vel
1348 2448 1536 2486 adversus

814 2512 1010 2550 rationem
1047 2513 1271 2562 sequimur,
1305 2508 1390 2546 aliis
1428 2515 1534 2544 certe

815 2569 914 2607 locis
929 2581 1013 2607 non
1034 2570 1119 2607 sine
1148 2570 1301 2606 ratione
1322 2579 1408 2604 eam
1429 2564 1537 2602 dese·

814 2640 901 2665 rere
913 2626 1167 2666 debebamus.
1177 2628 1296 2666 Nunc
1308 2626 1452 2663 iterum
1464 2635 1536 2660 non

814 2699 907 2724 vare
923 2684 1119 2737 displicet.
1136 2688 1361 2735 Fractoque
1385 2681 1534 2733 insper-

813 2757 861 2781 sa
878 2744 1037 2797 Regius.
1057 2766 1116 2773 —
1137 2745 1266 2782 Etiam
1297 2742 1364 2780 hic
1395 2751 1533 2778 versus

816 2802 961 2842 nostris
986 2802 1168 2842 sensibus
1196 2798 1398 2840 fastidium
1417 2797 1531 2835 faciat

1327 2880 1377 2935 4.
