<?xml version="1.0" encoding="UTF-8"?>
<!DOCTYPE html PUBLIC "-//W3C//DTD XHTML 1.0 Transitional//EN"
    "http://www.w3.org/TR/xhtml1/DTD/xhtml1-transitional.dtd">
<html xmlns="http://www.w3.org/1999/xhtml" xml:lang="en" lang="en">
 <head>
  <title>
</title>
<meta http-equiv="Content-Type" content="text/html;charset=utf-8" />
  <meta name='ocr-system' content='tesseract 3.04.00' />
  <meta name='ocr-capabilities' content='ocr_page ocr_carea ocr_par ocr_line ocrx_word'/>
</head>
<body>
  <div class='ocr_page' id='page_1' title='image "./operahey03virguoft_0424.png"; bbox 0 0 1767 3054; ppageno 0'>
   <div class='ocr_carea' id='block_1_1' title="bbox 1699 0 1767 62">
    <p class='ocr_par' dir='ltr' id='par_1_1' title="bbox 1699 0 1767 62">
     <span class='ocr_line' id='line_1_1' title="bbox 1699 0 1767 62; baseline 0 0"><span class='ocrx_word' id='word_1_1' title='bbox 1699 0 1767 62; x_wconf 59' lang='grc' dir='ltr'>Ἣ</span> 
     </span>
    </p>
   </div>
   <div class='ocr_carea' id='block_1_2' title="bbox 214 145 1142 197">
    <p class='ocr_par' dir='ltr' id='par_1_2' title="bbox 214 145 1142 197">
     <span class='ocr_line' id='line_1_2' title="bbox 214 145 1142 197; baseline -0.009 -7"><span class='ocrx_word' id='word_1_2' title='bbox 214 159 237 197; x_wconf 78' lang='grc'>4</span> <span class='ocrx_word' id='word_1_3' title='bbox 247 165 261 190; x_wconf 87' lang='lat'>1</span> <span class='ocrx_word' id='word_1_4' title='bbox 272 165 294 189; x_wconf 81' lang='lat'><strong>2</strong></span> <span class='ocrx_word' id='word_1_5' title='bbox 792 145 1070 184; x_wconf 71' lang='lat' dir='ltr'><strong>EXCL‘RSUS</strong></span> <span class='ocrx_word' id='word_1_6' title='bbox 1101 145 1142 182; x_wconf 95' lang='grc' dir='ltr'><strong>ΙΙ</strong></span> 
     </span>
    </p>
   </div>
   <div class='ocr_carea' id='block_1_3' title="bbox 209 218 1767 1362">
    <p class='ocr_par' dir='ltr' id='par_1_3' title="bbox 209 218 1767 1362">
     <span class='ocr_line' id='line_1_3' title="bbox 209 218 1767 288; baseline -0.004 -22"><span class='ocrx_word' id='word_1_7' title='bbox 209 235 256 266; x_wconf 89' lang='lat' dir='ltr'><strong>ut</strong></span> <span class='ocrx_word' id='word_1_8' title='bbox 275 224 445 263; x_wconf 85' lang='lat' dir='ltr'><strong>civitatis</strong></span> <span class='ocrx_word' id='word_1_9' title='bbox 461 226 650 263; x_wconf 82' lang='lat' dir='ltr'><strong>Romanae</strong></span> <span class='ocrx_word' id='word_1_10' title='bbox 675 219 749 258; x_wconf 82' lang='lat' dir='ltr'><strong>fata</strong></span> <span class='ocrx_word' id='word_1_11' title='bbox 769 221 926 272; x_wconf 86' lang='lat' dir='ltr'><strong>potiora</strong></span> <span class='ocrx_word' id='word_1_12' title='bbox 945 221 988 257; x_wconf 89' lang='lat' dir='ltr'><strong>in</strong></span> <span class='ocrx_word' id='word_1_13' title='bbox 1005 220 1053 257; x_wconf 86' lang='lat' dir='ltr'><strong>iis</strong></span> <span class='ocrx_word' id='word_1_14' title='bbox 1073 218 1355 271; x_wconf 86' lang='lat' dir='ltr'><strong>comprehensa</strong></span> <span class='ocrx_word' id='word_1_15' title='bbox 1375 219 1468 259; x_wconf 87' lang='lat' dir='ltr'><strong>sint.</strong></span> <span class='ocrx_word' id='word_1_16' title='bbox 1488 219 1577 259; x_wconf 86' lang='lat' dir='ltr'><strong>Hoc</strong></span> <span class='ocrx_word' id='word_1_17' title='bbox 1594 221 1767 288; x_wconf 26' lang='lat' dir='ltr'><strong>igitur&amp;</strong></span> 
     </span>
     <span class='ocr_line' id='line_1_4' title="bbox 210 288 1767 347; baseline -0.003 -14"><span class='ocrx_word' id='word_1_18' title='bbox 210 297 342 347; x_wconf 88' lang='lat' dir='ltr'><strong>primo</strong></span> <span class='ocrx_word' id='word_1_19' title='bbox 372 294 463 332; x_wconf 91' lang='lat' dir='ltr'><strong>loco</strong></span> <span class='ocrx_word' id='word_1_20' title='bbox 499 301 580 330; x_wconf 85' lang='lat' dir='ltr'><strong>erat</strong></span> <span class='ocrx_word' id='word_1_21' title='bbox 607 289 858 336; x_wconf 85' lang='lat' dir='ltr'><strong>docendum,</strong></span> <span class='ocrx_word' id='word_1_22' title='bbox 885 289 1002 326; x_wconf 79' lang='lat' dir='ltr'><strong>talem</strong></span> <span class='ocrx_word' id='word_1_23' title='bbox 1034 289 1224 327; x_wconf 85' lang='lat' dir='ltr'><strong>dilectum</strong></span> <span class='ocrx_word' id='word_1_24' title='bbox 1256 303 1347 328; x_wconf 83' lang='lat' dir='ltr'><strong>vere</strong></span> <span class='ocrx_word' id='word_1_25' title='bbox 1375 303 1456 328; x_wconf 85' lang='lat' dir='ltr'><strong>esse</strong></span> <span class='ocrx_word' id='word_1_26' title='bbox 1486 288 1658 338; x_wconf 84' lang='lat' dir='ltr'><strong>factum,</strong></span> <span class='ocrx_word' id='word_1_27' title='bbox 1684 300 1726 329; x_wconf 86' lang='lat' dir='ltr'><strong>et</strong></span> <span class='ocrx_word' id='word_1_28' title='bbox 1759 291 1767 339; x_wconf 70' lang='grc'><strong>,5</strong></span> 
     </span>
     <span class='ocr_line' id='line_1_5' title="bbox 214 349 1767 419; baseline -0.004 -17"><span class='ocrx_word' id='word_1_29' title='bbox 214 365 383 402; x_wconf 88' lang='lat' dir='ltr'><strong>civitatis</strong></span> <span class='ocrx_word' id='word_1_30' title='bbox 402 366 592 401; x_wconf 80' lang='lat' dir='ltr'><strong>Romanae</strong></span> <span class='ocrx_word' id='word_1_31' title='bbox 611 361 811 397; x_wconf 83' lang='lat' dir='ltr'><strong>fortunam</strong></span> <span class='ocrx_word' id='word_1_32' title='bbox 828 371 900 409; x_wconf 91' lang='lat' dir='ltr'><strong>per</strong></span> <span class='ocrx_word' id='word_1_33' title='bbox 914 357 998 396; x_wconf 83' lang='lat' dir='ltr'><strong>haec</strong></span> <span class='ocrx_word' id='word_1_34' title='bbox 1015 359 1185 397; x_wconf 77' lang='lat' dir='ltr'>maxime</span> <span class='ocrx_word' id='word_1_35' title='bbox 1202 359 1303 397; x_wconf 83' lang='lat' dir='ltr'><strong>facta</strong></span> <span class='ocrx_word' id='word_1_36' title='bbox 1321 367 1360 397; x_wconf 91' lang='lat' dir='ltr'><strong>et</strong></span> <span class='ocrx_word' id='word_1_37' title='bbox 1376 367 1517 398; x_wconf 85' lang='lat' dir='ltr'><strong>eventa</strong></span> <span class='ocrx_word' id='word_1_38' title='bbox 1529 372 1610 397; x_wconf 87' lang='lat' dir='ltr'><strong>esse</strong></span> <span class='ocrx_word' id='word_1_39' title='bbox 1627 372 1725 397; x_wconf 90' lang='lat' dir='ltr'><strong>con·</strong></span> <span class='ocrx_word' id='word_1_40' title='bbox 1745 349 1767 419; x_wconf 55' lang='lat'><strong>5}</strong></span> 
     </span>
     <span class='ocr_line' id='line_1_6' title="bbox 211 423 1765 481; baseline -0.003 -11"><span class='ocrx_word' id='word_1_41' title='bbox 211 433 388 470; x_wconf 71' lang='lat' dir='ltr'><strong>stitutum</strong></span> <span class='ocrx_word' id='word_1_42' title='bbox 408 429 485 481; x_wconf 84' lang='lat'>(1).</span> <span class='ocrx_word' id='word_1_43' title='bbox 1760 423 1765 434; x_wconf 76' lang='lat'><strong>&#39;&#39;</strong></span> 
     </span>
     <span class='ocr_line' id='line_1_7' title="bbox 269 493 1720 549; baseline -0.003 -10"><span class='ocrx_word' id='word_1_44' title='bbox 269 503 331 540; x_wconf 90' lang='lat' dir='ltr'><strong>De</strong></span> <span class='ocrx_word' id='word_1_45' title='bbox 359 499 456 537; x_wconf 83' lang='lat' dir='ltr'><strong>artis</strong></span> <span class='ocrx_word' id='word_1_46' title='bbox 482 506 665 548; x_wconf 88' lang='lat' dir='ltr'><strong>respectu</strong></span> <span class='ocrx_word' id='word_1_47' title='bbox 681 494 916 545; x_wconf 86' lang='lat' dir='ltr'><strong>judicioque</strong></span> <span class='ocrx_word' id='word_1_48' title='bbox 931 522 941 541; x_wconf 86' lang='lat'><strong>,</strong></span> <span class='ocrx_word' id='word_1_49' title='bbox 961 493 1070 545; x_wconf 90' lang='lat' dir='ltr'><strong>quod</strong></span> <span class='ocrx_word' id='word_1_50' title='bbox 1096 494 1215 532; x_wconf 83' lang='lat' dir='ltr'><strong>multi</strong></span> <span class='ocrx_word' id='word_1_51' title='bbox 1232 496 1275 532; x_wconf 90' lang='lat' dir='ltr'><strong>in</strong></span> <span class='ocrx_word' id='word_1_52' title='bbox 1291 504 1407 547; x_wconf 90' lang='lat' dir='ltr'><strong>poeta</strong></span> <span class='ocrx_word' id='word_1_53' title='bbox 1423 506 1561 535; x_wconf 90' lang='lat' dir='ltr'><strong>nostro</strong></span> <span class='ocrx_word' id='word_1_54' title='bbox 1579 509 1720 549; x_wconf 86' lang='lat' dir='ltr'><strong>agnos-</strong></span> 
     </span>
     <span class='ocr_line' id='line_1_8' title="bbox 214 559 1763 615; baseline -0.003 -8"><span class='ocrx_word' id='word_1_55' title='bbox 214 577 312 607; x_wconf 89' lang='lat' dir='ltr'><strong>cunt</strong></span> <span class='ocrx_word' id='word_1_56' title='bbox 325 597 336 615; x_wconf 85' lang='lat'>‚</span> <span class='ocrx_word' id='word_1_57' title='bbox 362 567 526 605; x_wconf 91' lang='lat' dir='ltr'><strong>omnino</strong></span> <span class='ocrx_word' id='word_1_58' title='bbox 546 564 644 601; x_wconf 90' lang='lat' dir='ltr'><strong>mihi</strong></span> <span class='ocrx_word' id='word_1_59' title='bbox 670 563 831 614; x_wconf 89' lang='lat' dir='ltr'><strong>quidem</strong></span> <span class='ocrx_word' id='word_1_60' title='bbox 855 562 986 600; x_wconf 85' lang='lat' dir='ltr'><strong>adhuc</strong></span> <span class='ocrx_word' id='word_1_61' title='bbox 1006 576 1147 613; x_wconf 87' lang='lat' dir='ltr'><strong>parum</strong></span> <span class='ocrx_word' id='word_1_62' title='bbox 1166 564 1292 614; x_wconf 88' lang='lat' dir='ltr'><strong>liquet</strong></span> <span class='ocrx_word' id='word_1_63' title='bbox 1305 592 1315 612; x_wconf 93' lang='lat'><strong><em>‚</em></strong></span> <span class='ocrx_word' id='word_1_64' title='bbox 1336 577 1410 602; x_wconf 88' lang='lat' dir='ltr'><strong>nec</strong></span> <span class='ocrx_word' id='word_1_65' title='bbox 1423 593 1434 612; x_wconf 89' lang='lat'>‚</span> <span class='ocrx_word' id='word_1_66' title='bbox 1458 566 1491 602; x_wconf 92' lang='lat' dir='ltr'><strong>si</strong></span> <span class='ocrx_word' id='word_1_67' title='bbox 1508 565 1726 603; x_wconf 90' lang='lat' dir='ltr'><strong>dicendum</strong></span> <span class='ocrx_word' id='word_1_68' title='bbox 1753 559 1763 591; x_wconf 64' lang='lat' dir='ltr'><em>ss</em></span> 
     </span>
     <span class='ocr_line' id='line_1_9' title="bbox 213 630 1727 686; baseline -0.003 -12"><span class='ocrx_word' id='word_1_69' title='bbox 213 646 272 675; x_wconf 87' lang='lat' dir='ltr'><strong>est</strong></span> <span class='ocrx_word' id='word_1_70' title='bbox 303 635 413 686; x_wconf 92' lang='lat' dir='ltr'><strong>quod</strong></span> <span class='ocrx_word' id='word_1_71' title='bbox 437 634 588 680; x_wconf 89' lang='lat' dir='ltr'><strong>sentio,</strong></span> <span class='ocrx_word' id='word_1_72' title='bbox 613 645 801 684; x_wconf 85' lang='lat' dir='ltr'><strong>magnum</strong></span> <span class='ocrx_word' id='word_1_73' title='bbox 829 630 990 681; x_wconf 87' lang='lat' dir='ltr'>aliquod</span> <span class='ocrx_word' id='word_1_74' title='bbox 1021 645 1090 668; x_wconf 88' lang='lat' dir='ltr'><strong>seu</strong></span> <span class='ocrx_word' id='word_1_75' title='bbox 1115 632 1284 682; x_wconf 86' lang='lat' dir='ltr'><strong>picturae</strong></span> <span class='ocrx_word' id='word_1_76' title='bbox 1307 644 1377 669; x_wconf 90' lang='lat' dir='ltr'><strong>seu</strong></span> <span class='ocrx_word' id='word_1_77' title='bbox 1406 632 1622 683; x_wconf 85' lang='lat' dir='ltr'><strong>sculpturae</strong></span> <span class='ocrx_word' id='word_1_78' title='bbox 1643 641 1727 669; x_wconf 91' lang='lat' dir='ltr'><strong>stu·</strong></span> 
     </span>
     <span class='ocr_line' id='line_1_10' title="bbox 214 699 1729 753; baseline -0.003 -12"><span class='ocrx_word' id='word_1_79' title='bbox 214 703 328 741; x_wconf 79' lang='lat' dir='ltr'><strong>dium</strong></span> <span class='ocrx_word' id='word_1_80' title='bbox 344 710 502 753; x_wconf 88' lang='lat' dir='ltr'><strong>poetam</strong></span> <span class='ocrx_word' id='word_1_81' title='bbox 521 709 702 738; x_wconf 87' lang='lat' dir='ltr'><strong>nostrum</strong></span> <span class='ocrx_word' id='word_1_82' title='bbox 724 699 895 736; x_wconf 86' lang='lat' dir='ltr'><strong>tenuisse</strong></span> <span class='ocrx_word' id='word_1_83' title='bbox 916 699 1101 737; x_wconf 86' lang='lat' dir='ltr'>arbitror.</span> <span class='ocrx_word' id='word_1_84' title='bbox 1120 701 1220 738; x_wconf 74' lang='lat' dir='ltr'><strong>Nam</strong></span> <span class='ocrx_word' id='word_1_85' title='bbox 1242 701 1439 751; x_wconf 89' lang='lat' dir='ltr'><strong>primum,</strong></span> <span class='ocrx_word' id='word_1_86' title='bbox 1465 712 1555 751; x_wconf 85' lang='lat' dir='ltr'><strong>quae</strong></span> <span class='ocrx_word' id='word_1_87' title='bbox 1571 700 1637 737; x_wconf 90' lang='lat' dir='ltr'><strong>ille</strong></span> <span class='ocrx_word' id='word_1_88' title='bbox 1659 713 1729 737; x_wconf 89' lang='lat' dir='ltr'><strong>ex-</strong></span> 
     </span>
     <span class='ocr_line' id='line_1_11' title="bbox 212 767 1763 823; baseline -0.002 -15"><span class='ocrx_word' id='word_1_89' title='bbox 212 772 369 823; x_wconf 85' lang='lat' dir='ltr'><strong>posuit,</strong></span> <span class='ocrx_word' id='word_1_90' title='bbox 395 769 498 807; x_wconf 81' lang='lat' dir='ltr'><strong>m&#39;hil</strong></span> <span class='ocrx_word' id='word_1_91' title='bbox 528 769 602 806; x_wconf 93' lang='lat' dir='ltr'><strong>tale</strong></span> <span class='ocrx_word' id='word_1_92' title='bbox 637 767 842 818; x_wconf 87' lang='lat' dir='ltr'><strong>produnt,</strong></span> <span class='ocrx_word' id='word_1_93' title='bbox 867 775 906 803; x_wconf 87' lang='lat' dir='ltr'><strong>et</strong></span> <span class='ocrx_word' id='word_1_94' title='bbox 933 767 1129 815; x_wconf 88' lang='lat' dir='ltr'><strong>ejusmodi</strong></span> <span class='ocrx_word' id='word_1_95' title='bbox 1147 777 1264 814; x_wconf 90' lang='lat' dir='ltr'><strong>sunt,</strong></span> <span class='ocrx_word' id='word_1_96' title='bbox 1294 776 1340 805; x_wconf 92' lang='lat' dir='ltr'><strong>ut</strong></span> <span class='ocrx_word' id='word_1_97' title='bbox 1368 768 1486 805; x_wconf 90' lang='lat' dir='ltr'><strong>etiam</strong></span> <span class='ocrx_word' id='word_1_98' title='bbox 1515 768 1730 819; x_wconf 86' lang='lat' dir='ltr'>vulgariter</span> <span class='ocrx_word' id='word_1_99' title='bbox 1757 808 1763 812; x_wconf 59' lang='grc'><strong>,</strong></span> 
     </span>
     <span class='ocr_line' id='line_1_12' title="bbox 212 835 1730 891; baseline -0.001 -15"><span class='ocrx_word' id='word_1_100' title='bbox 212 841 381 891; x_wconf 88' lang='lat' dir='ltr'><strong>quisque</strong></span> <span class='ocrx_word' id='word_1_101' title='bbox 401 839 543 874; x_wconf 91' lang='lat' dir='ltr'><strong>artium</strong></span> <span class='ocrx_word' id='word_1_102' title='bbox 560 837 709 887; x_wconf 88' lang='lat' dir='ltr'><strong>peritus</strong></span> <span class='ocrx_word' id='word_1_103' title='bbox 726 849 770 872; x_wconf 93' lang='lat' dir='ltr'><strong>ea</strong></span> <span class='ocrx_word' id='word_1_104' title='bbox 788 836 961 872; x_wconf 82' lang='lat' dir='ltr'>carmine</span> <span class='ocrx_word' id='word_1_105' title='bbox 985 835 1321 886; x_wconf 87' lang='lat' dir='ltr'><strong>comprehendere</strong></span> <span class='ocrx_word' id='word_1_106' title='bbox 1339 837 1476 887; x_wconf 88' lang='lat' dir='ltr'><strong>possit.</strong></span> <span class='ocrx_word' id='word_1_107' title='bbox 1494 839 1599 874; x_wconf 87' lang='lat' dir='ltr'><strong>Tum</strong></span> <span class='ocrx_word' id='word_1_108' title='bbox 1617 849 1730 884; x_wconf 89' lang='lat' dir='ltr'><strong>vero,</strong></span> 
     </span>
     <span class='ocr_line' id='line_1_13' title="bbox 214 903 1730 957; baseline -0.003 -12"><span class='ocrx_word' id='word_1_109' title='bbox 214 915 262 945; x_wconf 89' lang='lat' dir='ltr'><strong>ut</strong></span> <span class='ocrx_word' id='word_1_110' title='bbox 278 914 394 957; x_wconf 82' lang='lat' dir='ltr'><strong>poeta</strong></span> <span class='ocrx_word' id='word_1_111' title='bbox 413 905 461 941; x_wconf 87' lang='lat' dir='ltr'><strong>ab</strong></span> <span class='ocrx_word' id='word_1_112' title='bbox 480 918 525 941; x_wconf 94' lang='lat' dir='ltr'><strong>eo</strong></span> <span class='ocrx_word' id='word_1_113' title='bbox 543 904 707 941; x_wconf 88' lang='lat' dir='ltr'><strong>consilio</strong></span> <span class='ocrx_word' id='word_1_114' title='bbox 726 904 953 955; x_wconf 86' lang='lat' dir='ltr'><strong>longissime</strong></span> <span class='ocrx_word' id='word_1_115' title='bbox 974 903 1101 941; x_wconf 89' lang='lat' dir='ltr'><strong>abfuit</strong></span> <span class='ocrx_word' id='word_1_116' title='bbox 1113 932 1124 951; x_wconf 84' lang='grc'>,</span> <span class='ocrx_word' id='word_1_117' title='bbox 1145 913 1192 941; x_wconf 90' lang='lat' dir='ltr'><strong>ut</strong></span> <span class='ocrx_word' id='word_1_118' title='bbox 1210 905 1302 942; x_wconf 84' lang='lat' dir='ltr'><strong>artis</strong></span> <span class='ocrx_word' id='word_1_119' title='bbox 1319 904 1577 942; x_wconf 82' lang='lat' dir='ltr'><strong>subtilitatem</strong></span> <span class='ocrx_word' id='word_1_120' title='bbox 1593 917 1730 955; x_wconf 90' lang='lat' dir='ltr'><strong>seque-</strong></span> 
     </span>
     <span class='ocr_line' id='line_1_14' title="bbox 216 971 1726 1021; baseline -0.003 -9"><span class='ocrx_word' id='word_1_121' title='bbox 216 982 327 1012; x_wconf 80' lang='lat' dir='ltr'><strong>retur</strong></span> <span class='ocrx_word' id='word_1_122' title='bbox 339 1002 349 1019; x_wconf 85' lang='lat'>,</span> <span class='ocrx_word' id='word_1_123' title='bbox 370 974 423 1009; x_wconf 88' lang='lat' dir='ltr'><strong>ita</strong></span> <span class='ocrx_word' id='word_1_124' title='bbox 447 979 666 1008; x_wconf 89' lang='lat' dir='ltr'><strong>occurrunt</strong></span> <span class='ocrx_word' id='word_1_125' title='bbox 685 983 769 1007; x_wconf 90' lang='lat' dir='ltr'><strong>non</strong></span> <span class='ocrx_word' id='word_1_126' title='bbox 790 983 913 1020; x_wconf 83' lang='lat' dir='ltr'><strong>pauca</strong></span> <span class='ocrx_word' id='word_1_127' title='bbox 925 999 937 1016; x_wconf 82' lang='grc'>,</span> <span class='ocrx_word' id='word_1_128' title='bbox 964 984 1053 1020; x_wconf 80' lang='lat' dir='ltr'><strong>quoe</strong></span> <span class='ocrx_word' id='word_1_129' title='bbox 1074 985 1099 1007; x_wconf 94' lang='lat' dir='ltr'><strong>a</strong></span> <span class='ocrx_word' id='word_1_130' title='bbox 1116 971 1328 1021; x_wconf 69' lang='lat' dir='ltr'><strong>sculpturae</strong></span> <span class='ocrx_word' id='word_1_131' title='bbox 1347 980 1494 1008; x_wconf 84' lang='lat' dir='ltr'><strong>natura</strong></span> <span class='ocrx_word' id='word_1_132' title='bbox 1512 971 1726 1016; x_wconf 82' lang='lat' dir='ltr'><strong>recedunt,</strong></span> 
     </span>
     <span class='ocr_line' id='line_1_15' title="bbox 218 1037 1728 1088; baseline -0.003 -10"><span class='ocrx_word' id='word_1_133' title='bbox 218 1054 292 1079; x_wconf 91' lang='lat' dir='ltr'><strong>nec</strong></span> <span class='ocrx_word' id='word_1_134' title='bbox 315 1039 429 1076; x_wconf 83' lang='lat' dir='ltr'><strong>facile</strong></span> <span class='ocrx_word' id='word_1_135' title='bbox 449 1052 523 1075; x_wconf 88' lang='lat' dir='ltr'><strong>nec</strong></span> <span class='ocrx_word' id='word_1_136' title='bbox 544 1037 751 1075; x_wconf 92' lang='lat' dir='ltr'><strong>commode</strong></span> <span class='ocrx_word' id='word_1_137' title='bbox 773 1051 815 1074; x_wconf 84' lang='lat' dir='ltr'><strong>ea</strong></span> <span class='ocrx_word' id='word_1_138' title='bbox 833 1046 913 1074; x_wconf 86' lang='lat' dir='ltr'><strong>arte</strong></span> <span class='ocrx_word' id='word_1_139' title='bbox 932 1038 1092 1074; x_wconf 86' lang='lat' dir='ltr'><strong>tractari</strong></span> <span class='ocrx_word' id='word_1_140' title='bbox 1111 1046 1293 1088; x_wconf 88' lang='lat' dir='ltr'><strong>possunt.</strong></span> <span class='ocrx_word' id='word_1_141' title='bbox 1315 1039 1395 1088; x_wconf 90' lang='lat' dir='ltr'><strong>Qui</strong></span> <span class='ocrx_word' id='word_1_142' title='bbox 1411 1051 1516 1075; x_wconf 91' lang='lat' dir='ltr'><strong>mare</strong></span> <span class='ocrx_word' id='word_1_143' title='bbox 1533 1050 1613 1075; x_wconf 90' lang='lat' dir='ltr'><strong>una</strong></span> <span class='ocrx_word' id='word_1_144' title='bbox 1634 1051 1728 1075; x_wconf 86' lang='lat' dir='ltr'><strong>cum</strong></span> 
     </span>
     <span class='ocr_line' id='line_1_16' title="bbox 216 1105 1727 1160; baseline -0.001 -15"><span class='ocrx_word' id='word_1_145' title='bbox 216 1121 350 1160; x_wconf 86' lang='lat' dir='ltr'><strong>pugna</strong></span> <span class='ocrx_word' id='word_1_146' title='bbox 369 1107 499 1144; x_wconf 85' lang='lat' dir='ltr'><strong>navali</strong></span> <span class='ocrx_word' id='word_1_147' title='bbox 518 1119 747 1157; x_wconf 82' lang='lat' dir='ltr'><strong>expressum</strong></span> <span class='ocrx_word' id='word_1_148' title='bbox 776 1114 816 1142; x_wconf 90' lang='lat' dir='ltr'><strong>et</strong></span> <span class='ocrx_word' id='word_1_149' title='bbox 844 1114 975 1143; x_wconf 87' lang='lat' dir='ltr'><strong>tamen</strong></span> <span class='ocrx_word' id='word_1_150' title='bbox 1006 1106 1050 1142; x_wconf 91' lang='lat' dir='ltr'><strong>in</strong></span> <span class='ocrx_word' id='word_1_151' title='bbox 1081 1118 1128 1142; x_wconf 92' lang='lat' dir='ltr'><strong>eo</strong></span> <span class='ocrx_word' id='word_1_152' title='bbox 1156 1107 1379 1143; x_wconf 82' lang='lat' dir='ltr'><strong>innatantes</strong></span> <span class='ocrx_word' id='word_1_153' title='bbox 1407 1105 1613 1156; x_wconf 88' lang='lat' dir='ltr'><strong>delphines</strong></span> <span class='ocrx_word' id='word_1_154' title='bbox 1638 1106 1727 1144; x_wconf 88' lang='lat' dir='ltr'><strong>red-</strong></span> 
     </span>
     <span class='ocr_line' id='line_1_17' title="bbox 218 1171 1727 1225; baseline -0.002 -12"><span class='ocrx_word' id='word_1_155' title='bbox 218 1175 320 1213; x_wconf 80' lang='lat' dir='ltr'><strong>didit</strong></span> <span class='ocrx_word' id='word_1_156' title='bbox 346 1174 448 1225; x_wconf 84' lang='lat' dir='ltr'><strong>(vss.</strong></span> <span class='ocrx_word' id='word_1_157' title='bbox 468 1174 517 1221; x_wconf 76' lang='lat'><strong>67</strong></span> <span class='ocrx_word' id='word_1_158' title='bbox 531 1187 547 1210; x_wconf 88' lang='lat'>1</span> <span class='ocrx_word' id='word_1_159' title='bbox 568 1201 578 1220; x_wconf 92' lang='lat'><strong>,</strong></span> <span class='ocrx_word' id='word_1_160' title='bbox 604 1173 687 1220; x_wconf 74' lang='lat'><strong>674</strong></span> <span class='ocrx_word' id='word_1_161' title='bbox 701 1171 715 1223; x_wconf 88' lang='lat'><em>)</em></span> <span class='ocrx_word' id='word_1_162' title='bbox 728 1200 737 1218; x_wconf 92' lang='lat'><strong>‚</strong></span> <span class='ocrx_word' id='word_1_163' title='bbox 764 1185 826 1208; x_wconf 86' lang='lat' dir='ltr'><strong>nae</strong></span> <span class='ocrx_word' id='word_1_164' title='bbox 846 1173 877 1209; x_wconf 92' lang='lat' dir='ltr'><strong>is</strong></span> <span class='ocrx_word' id='word_1_165' title='bbox 892 1186 977 1209; x_wconf 88' lang='lat' dir='ltr'><strong>non</strong></span> <span class='ocrx_word' id='word_1_166' title='bbox 997 1171 1095 1209; x_wconf 90' lang='lat' dir='ltr'><strong>adeo</strong></span> <span class='ocrx_word' id='word_1_167' title='bbox 1119 1185 1299 1224; x_wconf 86' lang='lat' dir='ltr'><strong>magnam</strong></span> <span class='ocrx_word' id='word_1_168' title='bbox 1318 1173 1524 1224; x_wconf 85' lang='lat' dir='ltr'><strong>graphices</strong></span> <span class='ocrx_word' id='word_1_169' title='bbox 1544 1172 1727 1223; x_wconf 87' lang='lat' dir='ltr'><strong>peritiam</strong></span> 
     </span>
     <span class='ocr_line' id='line_1_18' title="bbox 220 1239 1730 1293; baseline -0.001 -12"><span class='ocrx_word' id='word_1_170' title='bbox 220 1243 367 1281; x_wconf 88' lang='lat' dir='ltr'><strong>habere</strong></span> <span class='ocrx_word' id='word_1_171' title='bbox 393 1242 540 1293; x_wconf 89' lang='lat' dir='ltr'><strong>potuit.</strong></span> <span class='ocrx_word' id='word_1_172' title='bbox 565 1241 741 1279; x_wconf 89' lang='lat' dir='ltr'><strong>Omnino</strong></span> <span class='ocrx_word' id='word_1_173' title='bbox 768 1239 817 1276; x_wconf 89' lang='lat' dir='ltr'><strong>de</strong></span> <span class='ocrx_word' id='word_1_174' title='bbox 842 1249 923 1278; x_wconf 88' lang='lat' dir='ltr'><strong>arte</strong></span> <span class='ocrx_word' id='word_1_175' title='bbox 950 1254 1025 1277; x_wconf 88' lang='lat' dir='ltr'><strong>nec</strong></span> <span class='ocrx_word' id='word_1_176' title='bbox 1053 1241 1242 1291; x_wconf 71' lang='lat' dir='ltr'><strong>cogitavit</strong></span> <span class='ocrx_word' id='word_1_177' title='bbox 1258 1241 1472 1292; x_wconf 84' lang='lat' dir='ltr'><strong>Virgilius,</strong></span> <span class='ocrx_word' id='word_1_178' title='bbox 1495 1254 1569 1279; x_wconf 90' lang='lat' dir='ltr'><strong>nec</strong></span> <span class='ocrx_word' id='word_1_179' title='bbox 1588 1241 1730 1279; x_wconf 88' lang='lat' dir='ltr'><strong>debuit</strong></span> 
     </span>
     <span class='ocr_line' id='line_1_19' title="bbox 222 1306 1727 1362; baseline -0.001 -15"><span class='ocrx_word' id='word_1_180' title='bbox 222 1311 418 1362; x_wconf 84' lang='lat' dir='ltr'><strong>cogitare,</strong></span> <span class='ocrx_word' id='word_1_181' title='bbox 440 1306 766 1359; x_wconf 86' lang='lat' dir='ltr'><strong>quandoquidem</strong></span> <span class='ocrx_word' id='word_1_182' title='bbox 785 1309 868 1358; x_wconf 90' lang='lat' dir='ltr'><strong>ipse</strong></span> <span class='ocrx_word' id='word_1_183' title='bbox 889 1307 1089 1344; x_wconf 86' lang='lat' dir='ltr'><strong>diversum</strong></span> <span class='ocrx_word' id='word_1_184' title='bbox 1110 1309 1168 1344; x_wconf 89' lang='lat' dir='ltr'><strong>rei</strong></span> <span class='ocrx_word' id='word_1_185' title='bbox 1187 1307 1401 1345; x_wconf 84' lang='lat' dir='ltr'><strong>consilium</strong></span> <span class='ocrx_word' id='word_1_186' title='bbox 1422 1309 1615 1358; x_wconf 81' lang='lat' dir='ltr'><strong>exponit:</strong></span> <span class='ocrx_word' id='word_1_187' title='bbox 1634 1307 1727 1346; x_wconf 83' lang='lat' dir='ltr'><strong>Illic</strong></span> 
     </span>
    </p>
   </div>
   <div class='ocr_carea' id='block_1_4' title="bbox 224 1465 944 2838">
    <p class='ocr_par' dir='ltr' id='par_1_4' title="bbox 224 1465 944 2838">
     <span class='ocr_line' id='line_1_20' title="bbox 284 1465 938 1517; baseline -0.003 -13"><span class='ocrx_word' id='word_1_188' title='bbox 284 1465 346 1517; x_wconf 73' lang='grc' dir='ltr'><strong>(Ι)</strong></span> <span class='ocrx_word' id='word_1_189' title='bbox 381 1466 507 1505; x_wconf 88' lang='lat' dir='ltr'><strong>Simili</strong></span> <span class='ocrx_word' id='word_1_190' title='bbox 536 1465 616 1502; x_wconf 88' lang='lat' dir='ltr'><strong>fere</strong></span> <span class='ocrx_word' id='word_1_191' title='bbox 643 1465 798 1502; x_wconf 87' lang='lat' dir='ltr'><strong>ratione</strong></span> <span class='ocrx_word' id='word_1_192' title='bbox 824 1474 938 1502; x_wconf 88' lang='lat' dir='ltr'><strong>autu-</strong></span> 
     </span>
     <span class='ocr_line' id='line_1_21' title="bbox 225 1522 940 1563; baseline -0.006 0"><span class='ocrx_word' id='word_1_193' title='bbox 225 1526 359 1563; x_wconf 86' lang='lat' dir='ltr'><strong>mabat</strong></span> <span class='ocrx_word' id='word_1_194' title='bbox 382 1526 442 1560; x_wconf 85' lang='lat' dir='ltr'><strong>vir</strong></span> <span class='ocrx_word' id='word_1_195' title='bbox 469 1523 611 1560; x_wconf 86' lang='lat' dir='ltr'><strong>doctus</strong></span> <span class='ocrx_word' id='word_1_196' title='bbox 644 1522 768 1559; x_wconf 85' lang='lat' dir='ltr'><strong>literis</strong></span> <span class='ocrx_word' id='word_1_197' title='bbox 800 1524 850 1560; x_wconf 86' lang='lat' dir='ltr'><strong>ad</strong></span> <span class='ocrx_word' id='word_1_198' title='bbox 877 1536 940 1559; x_wconf 89' lang='lat' dir='ltr'><strong>me</strong></span> 
     </span>
     <span class='ocr_line' id='line_1_22' title="bbox 225 1579 940 1630; baseline -0.004 -11"><span class='ocrx_word' id='word_1_199' title='bbox 225 1582 326 1619; x_wconf 84' lang='lat' dir='ltr'><strong>datis</strong></span> <span class='ocrx_word' id='word_1_200' title='bbox 355 1580 497 1617; x_wconf 81' lang='lat' dir='ltr'><strong>seriem</strong></span> <span class='ocrx_word' id='word_1_201' title='bbox 532 1579 735 1629; x_wconf 84' lang='lat' dir='ltr'><strong>quandam</strong></span> <span class='ocrx_word' id='word_1_202' title='bbox 752 1579 940 1630; x_wconf 88' lang='lat' dir='ltr'><strong>fatorum</strong></span> 
     </span>
     <span class='ocr_line' id='line_1_23' title="bbox 224 1636 942 1689; baseline -0.006 -13"><span class='ocrx_word' id='word_1_203' title='bbox 224 1641 270 1676; x_wconf 84' lang='lat' dir='ltr'><strong>in</strong></span> <span class='ocrx_word' id='word_1_204' title='bbox 292 1642 565 1678; x_wconf 87' lang='lat' dir='ltr'><strong>Romanorum</strong></span> <span class='ocrx_word' id='word_1_205' title='bbox 591 1636 725 1687; x_wconf 84' lang='lat' dir='ltr'><strong>opibus</strong></span> <span class='ocrx_word' id='word_1_206' title='bbox 748 1636 942 1689; x_wconf 80' lang='lat' dir='ltr'><strong>augendis</strong></span> 
     </span>
     <span class='ocr_line' id='line_1_24' title="bbox 227 1694 939 1745; baseline -0.007 -10"><span class='ocrx_word' id='word_1_207' title='bbox 227 1697 416 1735; x_wconf 84' lang='lat' dir='ltr'><strong>exhibere</strong></span> <span class='ocrx_word' id='word_1_208' title='bbox 435 1695 605 1732; x_wconf 81' lang='lat' dir='ltr'><strong>voluisse</strong></span> <span class='ocrx_word' id='word_1_209' title='bbox 626 1703 803 1745; x_wconf 84' lang='lat' dir='ltr'><strong>poetam3</strong></span> <span class='ocrx_word' id='word_1_210' title='bbox 826 1712 845 1726; x_wconf 78' lang='grc' dir='ltr'><strong><em>κ</em></strong></span> <span class='ocrx_word' id='word_1_211' title='bbox 862 1694 939 1731; x_wconf 90' lang='lat' dir='ltr'><strong>hoc</strong></span> 
     </span>
     <span class='ocr_line' id='line_1_25' title="bbox 227 1752 940 1805; baseline -0.004 -13"><span class='ocrx_word' id='word_1_212' title='bbox 227 1768 321 1792; x_wconf 91' lang='lat' dir='ltr'><strong>eum</strong></span> <span class='ocrx_word' id='word_1_213' title='bbox 346 1755 479 1805; x_wconf 90' lang='lat' dir='ltr'><strong>ipsum</strong></span> <span class='ocrx_word' id='word_1_214' title='bbox 511 1754 679 1789; x_wconf 87' lang='lat' dir='ltr'><strong>innuere</strong></span> <span class='ocrx_word' id='word_1_215' title='bbox 711 1753 857 1803; x_wconf 88' lang='lat' dir='ltr'><strong>partim</strong></span> <span class='ocrx_word' id='word_1_216' title='bbox 892 1752 940 1790; x_wconf 90' lang='lat' dir='ltr'><strong>ab</strong></span> 
     </span>
     <span class='ocr_line' id='line_1_26' title="bbox 227 1810 942 1849; baseline -0.003 0"><span class='ocrx_word' id='word_1_217' title='bbox 227 1812 372 1849; x_wconf 87' lang='lat' dir='ltr'><strong>initio:</strong></span> <span class='ocrx_word' id='word_1_218' title='bbox 401 1825 440 1849; x_wconf 76' lang='lat' dir='ltr'><strong>v,</strong></span> <span class='ocrx_word' id='word_1_219' title='bbox 477 1810 559 1847; x_wconf 85' lang='lat'><strong>626</strong></span> <span class='ocrx_word' id='word_1_220' title='bbox 595 1810 686 1847; x_wconf 81' lang='lat' dir='ltr'><strong>Illic</strong></span> <span class='ocrx_word' id='word_1_221' title='bbox 717 1823 778 1847; x_wconf 84' lang='lat' dir='ltr'><strong>res</strong></span> <span class='ocrx_word' id='word_1_222' title='bbox 813 1810 942 1847; x_wconf 83' lang='lat' dir='ltr'><strong>Italas</strong></span> 
     </span>
     <span class='ocr_line' id='line_1_27' title="bbox 229 1867 941 1918; baseline -0.004 -10"><span class='ocrx_word' id='word_1_223' title='bbox 229 1873 579 1918; x_wconf 77' lang='lat' dir='ltr'><strong>Romanorumque</strong></span> <span class='ocrx_word' id='word_1_224' title='bbox 593 1867 877 1918; x_wconf 76' lang='lat' dir='ltr'><strong>triumphos—</strong></span> <span class='ocrx_word' id='word_1_225' title='bbox 894 1868 941 1906; x_wconf 86' lang='lat' dir='ltr'><strong>il-</strong></span> 
     </span>
     <span class='ocr_line' id='line_1_28' title="bbox 228 1925 941 1979; baseline -0.003 -15"><span class='ocrx_word' id='word_1_226' title='bbox 228 1927 281 1964; x_wconf 80' lang='lat' dir='ltr'><strong>lic</strong></span> <span class='ocrx_word' id='word_1_227' title='bbox 307 1940 437 1979; x_wconf 78' lang='lat' dir='ltr'><strong>genus</strong></span> <span class='ocrx_word' id='word_1_228' title='bbox 471 1939 588 1963; x_wconf 87' lang='lat' dir='ltr'><strong>omne</strong></span> <span class='ocrx_word' id='word_1_229' title='bbox 611 1925 769 1977; x_wconf 66' lang='lat' dir='ltr'><strong>‘futurae</strong></span> <span class='ocrx_word' id='word_1_230' title='bbox 801 1926 941 1977; x_wconf 78' lang='lat' dir='ltr'><strong>Stirpis</strong></span> 
     </span>
     <span class='ocr_line' id='line_1_29' title="bbox 231 1983 943 2035; baseline -0.003 -13"><span class='ocrx_word' id='word_1_231' title='bbox 231 1986 282 2022; x_wconf 87' lang='lat' dir='ltr'><strong>ab</strong></span> <span class='ocrx_word' id='word_1_232' title='bbox 303 1983 499 2028; x_wconf 79' lang='lat' dir='ltr'><strong>Ascanio,</strong></span> <span class='ocrx_word' id='word_1_233' title='bbox 523 1993 790 2035; x_wconf 75' lang='lat' dir='ltr'><strong>pugnataque</strong></span> <span class='ocrx_word' id='word_1_234' title='bbox 812 1984 853 2021; x_wconf 88' lang='lat' dir='ltr'><strong>in</strong></span> <span class='ocrx_word' id='word_1_235' title='bbox 881 1998 943 2020; x_wconf 87' lang='lat' dir='ltr'><strong>or-</strong></span> 
     </span>
     <span class='ocr_line' id='line_1_30' title="bbox 229 2040 944 2090; baseline -0.001 -10"><span class='ocrx_word' id='word_1_236' title='bbox 229 2043 325 2080; x_wconf 87' lang='lat' dir='ltr'><strong>dine</strong></span> <span class='ocrx_word' id='word_1_237' title='bbox 341 2042 470 2087; x_wconf 88' lang='lat' dir='ltr'><strong>bella;</strong></span> <span class='ocrx_word' id='word_1_238' title='bbox 490 2050 575 2078; x_wconf 91' lang='lat' dir='ltr'><strong>tum</strong></span> <span class='ocrx_word' id='word_1_239' title='bbox 594 2043 637 2078; x_wconf 90' lang='lat' dir='ltr'><strong>in</strong></span> <span class='ocrx_word' id='word_1_240' title='bbox 654 2040 734 2078; x_wconf 86' lang='lat' dir='ltr'><strong>fine</strong></span> <span class='ocrx_word' id='word_1_241' title='bbox 754 2043 850 2090; x_wconf 79' lang='lat'><strong>731,</strong></span> <span class='ocrx_word' id='word_1_242' title='bbox 872 2045 944 2079; x_wconf 81' lang='lat' dir='ltr'><strong>Ac-</strong></span> 
     </span>
     <span class='ocr_line' id='line_1_31' title="bbox 231 2098 943 2152; baseline -0.003 -14"><span class='ocrx_word' id='word_1_243' title='bbox 231 2101 378 2138; x_wconf 77' lang='lat' dir='ltr'><strong>tollens</strong></span> <span class='ocrx_word' id='word_1_244' title='bbox 395 2098 807 2150; x_wconf 82' lang='lat' dir='ltr'><strong>lzumerofamamque</strong></span> <span class='ocrx_word' id='word_1_245' title='bbox 826 2099 943 2152; x_wconf 87' lang='lat' dir='ltr'><strong>etfa-</strong></span> 
     </span>
     <span class='ocr_line' id='line_1_32' title="bbox 230 2156 943 2208; baseline 0 -13"><span class='ocrx_word' id='word_1_246' title='bbox 230 2168 274 2195; x_wconf 83' lang='lat' dir='ltr'><strong>ta</strong></span> <span class='ocrx_word' id='word_1_247' title='bbox 291 2166 478 2208; x_wconf 77' lang='lat' dir='ltr'><strong>nepotum</strong></span> <span class='ocrx_word' id='word_1_248' title='bbox 495 2157 560 2208; x_wconf 83' lang='lat' dir='ltr'><strong>(de</strong></span> <span class='ocrx_word' id='word_1_249' title='bbox 576 2156 675 2194; x_wconf 81' lang='lat' dir='ltr'><strong>serie</strong></span> <span class='ocrx_word' id='word_1_250' title='bbox 694 2166 825 2194; x_wconf 89' lang='lat' dir='ltr'><strong>tamen</strong></span> <span class='ocrx_word' id='word_1_251' title='bbox 842 2158 943 2195; x_wconf 88' lang='lat' dir='ltr'><strong>nihil</strong></span> 
     </span>
     <span class='ocr_line' id='line_1_33' title="bbox 230 2214 942 2267; baseline 0.001 -15"><span class='ocrx_word' id='word_1_252' title='bbox 230 2217 275 2253; x_wconf 92' lang='lat' dir='ltr'><strong>in</strong></span> <span class='ocrx_word' id='word_1_253' title='bbox 295 2215 358 2253; x_wconf 87' lang='lat' dir='ltr'><strong>his</strong></span> <span class='ocrx_word' id='word_1_254' title='bbox 370 2214 399 2266; x_wconf 84' lang='lat'><strong>).</strong></span> <span class='ocrx_word' id='word_1_255' title='bbox 430 2218 560 2252; x_wconf 86' lang='lat' dir='ltr'><strong>Ducta</strong></span> <span class='ocrx_word' id='word_1_256' title='bbox 578 2216 677 2252; x_wconf 89' lang='lat' dir='ltr'><strong>serie</strong></span> <span class='ocrx_word' id='word_1_257' title='bbox 699 2228 719 2251; x_wconf 92' lang='lat' dir='ltr'><strong>a</strong></span> <span class='ocrx_word' id='word_1_258' title='bbox 742 2224 860 2266; x_wconf 88' lang='lat' dir='ltr'><strong>partu</strong></span> <span class='ocrx_word' id='word_1_259' title='bbox 879 2230 942 2267; x_wconf 82' lang='lat' dir='ltr'><strong>ge-</strong></span> 
     </span>
     <span class='ocr_line' id='line_1_34' title="bbox 230 2273 942 2322; baseline 0 -12"><span class='ocrx_word' id='word_1_260' title='bbox 230 2273 461 2318; x_wconf 89' lang='lat' dir='ltr'><strong>mellorum,</strong></span> <span class='ocrx_word' id='word_1_261' title='bbox 483 2273 595 2322; x_wconf 85' lang='lat' dir='ltr'><strong>sequi</strong></span> <span class='ocrx_word' id='word_1_262' title='bbox 616 2273 859 2310; x_wconf 89' lang='lat' dir='ltr'><strong>incrementa</strong></span> <span class='ocrx_word' id='word_1_263' title='bbox 877 2287 942 2310; x_wconf 92' lang='lat' dir='ltr'><strong>ur-</strong></span> 
     </span>
     <span class='ocr_line' id='line_1_35' title="bbox 229 2330 943 2369; baseline 0 -1"><span class='ocrx_word' id='word_1_264' title='bbox 229 2331 290 2368; x_wconf 87' lang='lat' dir='ltr'><strong>bis</strong></span> <span class='ocrx_word' id='word_1_265' title='bbox 311 2343 360 2367; x_wconf 84' lang='lat' dir='ltr'><strong>ex</strong></span> <span class='ocrx_word' id='word_1_266' title='bbox 379 2332 494 2367; x_wconf 80' lang='lat' dir='ltr'><strong>novis</strong></span> <span class='ocrx_word' id='word_1_267' title='bbox 521 2330 677 2367; x_wconf 77' lang='lat' dir='ltr'><strong>civibus</strong></span> <span class='ocrx_word' id='word_1_268' title='bbox 696 2330 849 2369; x_wconf 86' lang='lat' dir='ltr'><strong>Sabinis</strong></span> <span class='ocrx_word' id='word_1_269' title='bbox 877 2331 943 2368; x_wconf 83' lang='lat' dir='ltr'><strong>ad-</strong></span> 
     </span>
     <span class='ocr_line' id='line_1_36' title="bbox 227 2387 942 2437; baseline 0 -12"><span class='ocrx_word' id='word_1_270' title='bbox 227 2389 384 2437; x_wconf 85' lang='lat' dir='ltr'><strong>scriptis</strong></span> <span class='ocrx_word' id='word_1_271' title='bbox 419 2401 457 2424; x_wconf 87' lang='lat' dir='ltr'><strong>v.</strong></span> <span class='ocrx_word' id='word_1_272' title='bbox 499 2387 602 2432; x_wconf 81' lang='lat'><strong>635,</strong></span> <span class='ocrx_word' id='word_1_273' title='bbox 641 2401 769 2425; x_wconf 92' lang='lat' dir='ltr'><strong>novos</strong></span> <span class='ocrx_word' id='word_1_274' title='bbox 801 2397 942 2426; x_wconf 88' lang='lat' dir='ltr'><strong>auctus</strong></span> 
     </span>
     <span class='ocr_line' id='line_1_37' title="bbox 228 2444 941 2495; baseline 0.001 -13"><span class='ocrx_word' id='word_1_275' title='bbox 228 2459 300 2495; x_wconf 85' lang='lat' dir='ltr'><strong>per</strong></span> <span class='ocrx_word' id='word_1_276' title='bbox 334 2444 512 2481; x_wconf 89' lang='lat' dir='ltr'><strong>Albanos</strong></span> <span class='ocrx_word' id='word_1_277' title='bbox 545 2447 713 2482; x_wconf 82' lang='lat' dir='ltr'><strong>Romam</strong></span> <span class='ocrx_word' id='word_1_278' title='bbox 742 2444 941 2483; x_wconf 86' lang='lat' dir='ltr'><strong>traductos</strong></span> 
     </span>
     <span class='ocr_line' id='line_1_38' title="bbox 229 2502 941 2554; baseline 0.001 -15"><span class='ocrx_word' id='word_1_279' title='bbox 229 2502 524 2554; x_wconf 86' lang='lat' dir='ltr'><strong>(declaratosne</strong></span> <span class='ocrx_word' id='word_1_280' title='bbox 576 2514 648 2551; x_wconf 87' lang='lat' dir='ltr'><strong>per</strong></span> <span class='ocrx_word' id='word_1_281' title='bbox 702 2502 941 2552; x_wconf 87' lang='lat' dir='ltr'><strong>supplicium</strong></span> 
     </span>
     <span class='ocr_line' id='line_1_39' title="bbox 228 2558 942 2607; baseline 0.001 -10"><span class='ocrx_word' id='word_1_282' title='bbox 228 2560 363 2597; x_wconf 77' lang='lat' dir='ltr'><strong>Meti?</strong></span> <span class='ocrx_word' id='word_1_283' title='bbox 392 2558 527 2607; x_wconf 66' lang='lat'>642),</span> <span class='ocrx_word' id='word_1_284' title='bbox 555 2558 747 2595; x_wconf 88' lang='lat' dir='ltr'><strong>redditam</strong></span> <span class='ocrx_word' id='word_1_285' title='bbox 778 2560 872 2596; x_wconf 92' lang='lat' dir='ltr'><strong>inde</strong></span> <span class='ocrx_word' id='word_1_286' title='bbox 903 2569 942 2598; x_wconf 91' lang='lat' dir='ltr'><strong>et</strong></span> 
     </span>
     <span class='ocr_line' id='line_1_40' title="bbox 226 2615 939 2654; baseline 0 -1"><span class='ocrx_word' id='word_1_287' title='bbox 226 2616 423 2653; x_wconf 81' lang='lat' dir='ltr'><strong>firmatam</strong></span> <span class='ocrx_word' id='word_1_288' title='bbox 470 2615 693 2652; x_wconf 82' lang='lat' dir='ltr'><strong>libertatem</strong></span> <span class='ocrx_word' id='word_1_289' title='bbox 739 2619 939 2654; x_wconf 86' lang='lat' dir='ltr'><strong>Porsenna</strong></span> 
     </span>
     <span class='ocr_line' id='line_1_41' title="bbox 227 2670 938 2721; baseline 0.001 -11"><span class='ocrx_word' id='word_1_290' title='bbox 227 2674 279 2712; x_wconf 86' lang='lat' dir='ltr'><strong>ab</strong></span> <span class='ocrx_word' id='word_1_291' title='bbox 300 2672 400 2710; x_wconf 88' lang='lat' dir='ltr'><strong>urbe</strong></span> <span class='ocrx_word' id='word_1_292' title='bbox 420 2670 584 2721; x_wconf 86' lang='lat' dir='ltr'><strong>depulso</strong></span> <span class='ocrx_word' id='word_1_293' title='bbox 606 2673 710 2718; x_wconf 68' lang='lat'><strong>646,</strong></span> <span class='ocrx_word' id='word_1_294' title='bbox 736 2681 775 2710; x_wconf 91' lang='lat' dir='ltr'><strong>et</strong></span> <span class='ocrx_word' id='word_1_295' title='bbox 796 2674 938 2711; x_wconf 87' lang='lat' dir='ltr'><strong>urbem</strong></span> 
     </span>
     <span class='ocr_line' id='line_1_42' title="bbox 228 2729 937 2769; baseline -0.001 0"><span class='ocrx_word' id='word_1_296' title='bbox 228 2731 386 2769; x_wconf 90' lang='lat' dir='ltr'><strong>aGallis</strong></span> <span class='ocrx_word' id='word_1_297' title='bbox 401 2729 605 2765; x_wconf 87' lang='lat' dir='ltr'><strong>liberatam</strong></span> <span class='ocrx_word' id='word_1_298' title='bbox 626 2731 721 2767; x_wconf 83' lang='lat'>652.</span> <span class='ocrx_word' id='word_1_299' title='bbox 745 2732 937 2768; x_wconf 91' lang='lat' dir='ltr'><strong>Omissam</strong></span> 
     </span>
     <span class='ocr_line' id='line_1_43' title="bbox 226 2785 936 2838; baseline -0.003 -11"><span class='ocrx_word' id='word_1_300' title='bbox 226 2802 307 2827; x_wconf 88' lang='lat' dir='ltr'><strong>esse</strong></span> <span class='ocrx_word' id='word_1_301' title='bbox 327 2788 533 2826; x_wconf 81' lang='lat' dir='ltr'><strong>victoriam</strong></span> <span class='ocrx_word' id='word_1_302' title='bbox 553 2785 600 2823; x_wconf 91' lang='lat' dir='ltr'><strong>de</strong></span> <span class='ocrx_word' id='word_1_303' title='bbox 621 2787 775 2838; x_wconf 76' lang='lat' dir='ltr'><strong>Pyrrho</strong></span> <span class='ocrx_word' id='word_1_304' title='bbox 793 2797 831 2826; x_wconf 89' lang='lat' dir='ltr'><strong>et</strong></span> <span class='ocrx_word' id='word_1_305' title='bbox 852 2792 936 2827; x_wconf 83' lang='lat' dir='ltr'><strong>Poe-</strong></span> 
     </span>
    </p>
   </div>
   <div class='ocr_carea' id='block_1_5' title="bbox 1001 1465 1730 2825">
    <p class='ocr_par' dir='ltr' id='par_1_5' title="bbox 1002 1465 1730 2654">
     <span class='ocr_line' id='line_1_44' title="bbox 1005 1465 1724 1516; baseline 0.003 -13"><span class='ocrx_word' id='word_1_306' title='bbox 1005 1465 1089 1513; x_wconf 86' lang='lat' dir='ltr'><strong>nis,</strong></span> <span class='ocrx_word' id='word_1_307' title='bbox 1115 1466 1264 1516; x_wconf 86' lang='lat' dir='ltr'><strong>quippe</strong></span> <span class='ocrx_word' id='word_1_308' title='bbox 1282 1479 1402 1516; x_wconf 90' lang='lat' dir='ltr'><strong>quam</strong></span> <span class='ocrx_word' id='word_1_309' title='bbox 1427 1466 1508 1514; x_wconf 85' lang='lat' dir='ltr'><strong>jam</strong></span> <span class='ocrx_word' id='word_1_310' title='bbox 1536 1466 1640 1504; x_wconf 88' lang='lat' dir='ltr'><strong>libro</strong></span> <span class='ocrx_word' id='word_1_311' title='bbox 1664 1469 1724 1505; x_wconf 85' lang='lat' dir='ltr'><strong>VI</strong></span> 
     </span>
     <span class='ocr_line' id='line_1_45' title="bbox 1006 1521 1723 1574; baseline 0.001 -14"><span class='ocrx_word' id='word_1_312' title='bbox 1006 1523 1202 1561; x_wconf 89' lang='lat' dir='ltr'><strong>Anchises</strong></span> <span class='ocrx_word' id='word_1_313' title='bbox 1222 1532 1508 1561; x_wconf 84' lang='lat' dir='ltr'><strong>memoraverat</strong></span> <span class='ocrx_word' id='word_1_314' title='bbox 1526 1521 1636 1574; x_wconf 89' lang='lat' dir='ltr'><strong>(satis</strong></span> <span class='ocrx_word' id='word_1_315' title='bbox 1652 1525 1723 1561; x_wconf 86' lang='lat' dir='ltr'><strong>ob-</strong></span> 
     </span>
     <span class='ocr_line' id='line_1_46' title="bbox 1007 1580 1723 1631; baseline 0.004 -15"><span class='ocrx_word' id='word_1_316' title='bbox 1007 1594 1120 1618; x_wconf 83' lang='lat' dir='ltr'><strong>scure</strong></span> <span class='ocrx_word' id='word_1_317' title='bbox 1132 1580 1161 1631; x_wconf 87' lang='lat'><strong>).</strong></span> <span class='ocrx_word' id='word_1_318' title='bbox 1181 1583 1206 1619; x_wconf 95' lang='lat' dir='ltr'><strong>J</strong></span> <span class='ocrx_word' id='word_1_319' title='bbox 1208 1594 1268 1617; x_wconf 89' lang='lat' dir='ltr'><strong>am</strong></span> <span class='ocrx_word' id='word_1_320' title='bbox 1289 1581 1433 1628; x_wconf 85' lang='lat' dir='ltr'><strong>subjici</strong></span> <span class='ocrx_word' id='word_1_321' title='bbox 1450 1593 1470 1617; x_wconf 86' lang='lat' dir='ltr'><strong>a</strong></span> <span class='ocrx_word' id='word_1_322' title='bbox 1485 1590 1601 1631; x_wconf 84' lang='lat' dir='ltr'><strong>poeta</strong></span> <span class='ocrx_word' id='word_1_323' title='bbox 1617 1594 1723 1619; x_wconf 86' lang='lat' dir='ltr'><strong>caus-</strong></span> 
     </span>
     <span class='ocr_line' id='line_1_47' title="bbox 1007 1639 1719 1686; baseline 0.003 -12"><span class='ocrx_word' id='word_1_324' title='bbox 1007 1650 1067 1674; x_wconf 89' lang='lat' dir='ltr'><strong>sas</strong></span> <span class='ocrx_word' id='word_1_325' title='bbox 1103 1639 1443 1675; x_wconf 89' lang='lat' dir='ltr'><strong>incrementorum</strong></span> <span class='ocrx_word' id='word_1_326' title='bbox 1489 1646 1691 1676; x_wconf 89' lang='lat' dir='ltr'><strong>tantorum</strong></span> <span class='ocrx_word' id='word_1_327' title='bbox 1708 1667 1719 1686; x_wconf 87' lang='lat'><strong>,</strong></span> 
     </span>
     <span class='ocr_line' id='line_1_48' title="bbox 1007 1695 1721 1746; baseline 0.001 -14"><span class='ocrx_word' id='word_1_328' title='bbox 1007 1697 1194 1746; x_wconf 90' lang='lat' dir='ltr'><strong>pietatem</strong></span> <span class='ocrx_word' id='word_1_329' title='bbox 1211 1697 1256 1732; x_wconf 91' lang='lat' dir='ltr'><strong>in</strong></span> <span class='ocrx_word' id='word_1_330' title='bbox 1283 1695 1377 1732; x_wconf 92' lang='lat' dir='ltr'><strong>deos</strong></span> <span class='ocrx_word' id='word_1_331' title='bbox 1407 1703 1445 1732; x_wconf 90' lang='lat' dir='ltr'><strong>et</strong></span> <span class='ocrx_word' id='word_1_332' title='bbox 1476 1697 1721 1734; x_wconf 78' lang='lat' dir='ltr'><strong>caerimonia-</strong></span> 
     </span>
     <span class='ocr_line' id='line_1_49' title="bbox 1007 1753 1722 1805; baseline 0.006 -15"><span class='ocrx_word' id='word_1_333' title='bbox 1007 1767 1097 1790; x_wconf 88' lang='lat' dir='ltr'><strong>rum</strong></span> <span class='ocrx_word' id='word_1_334' title='bbox 1123 1754 1358 1805; x_wconf 82' lang='lat' dir='ltr'><strong>religionem</strong></span> <span class='ocrx_word' id='word_1_335' title='bbox 1380 1765 1416 1792; x_wconf 85' lang='lat' dir='ltr'><strong>v.</strong></span> <span class='ocrx_word' id='word_1_336' title='bbox 1448 1753 1530 1791; x_wconf 81' lang='lat'><strong>663</strong></span> <span class='ocrx_word' id='word_1_337' title='bbox 1546 1783 1556 1801; x_wconf 91' lang='lat'>‚</span> <span class='ocrx_word' id='word_1_338' title='bbox 1583 1765 1722 1793; x_wconf 83' lang='lat' dir='ltr'><strong>secun-</strong></span> 
     </span>
     <span class='ocr_line' id='line_1_50' title="bbox 1009 1811 1717 1861; baseline 0.006 -13"><span class='ocrx_word' id='word_1_339' title='bbox 1009 1811 1107 1848; x_wconf 88' lang='lat' dir='ltr'><strong>dum</strong></span> <span class='ocrx_word' id='word_1_340' title='bbox 1127 1812 1194 1849; x_wconf 90' lang='lat' dir='ltr'><strong>illa</strong></span> <span class='ocrx_word' id='word_1_341' title='bbox 1218 1812 1375 1848; x_wconf 86' lang='lat' dir='ltr'><strong>Horatii</strong></span> <span class='ocrx_word' id='word_1_342' title='bbox 1391 1811 1469 1850; x_wconf 91' lang='lat' dir='ltr'><strong>Od.</strong></span> <span class='ocrx_word' id='word_1_343' title='bbox 1487 1814 1569 1859; x_wconf 88' lang='grc' dir='ltr'><strong>ΙΙΙ,</strong></span> <span class='ocrx_word' id='word_1_344' title='bbox 1588 1814 1612 1850; x_wconf 87' lang='grc'>6</span> <span class='ocrx_word' id='word_1_345' title='bbox 1627 1842 1637 1861; x_wconf 90' lang='grc'>,</span> <span class='ocrx_word' id='word_1_346' title='bbox 1664 1815 1687 1851; x_wconf 87' lang='grc'><em>5</em></span> <span class='ocrx_word' id='word_1_347' title='bbox 1708 1827 1717 1853; x_wconf 88' lang='grc'>;</span> 
     </span>
     <span class='ocr_line' id='line_1_51' title="bbox 1008 1867 1721 1922; baseline 0.004 -16"><span class='ocrx_word' id='word_1_348' title='bbox 1008 1867 1082 1906; x_wconf 76' lang='lat' dir='ltr'><strong>Dis</strong></span> <span class='ocrx_word' id='word_1_349' title='bbox 1103 1877 1141 1906; x_wconf 87' lang='lat' dir='ltr'><strong>te</strong></span> <span class='ocrx_word' id='word_1_350' title='bbox 1165 1868 1356 1906; x_wconf 87' lang='lat' dir='ltr'><strong>minorem</strong></span> <span class='ocrx_word' id='word_1_351' title='bbox 1374 1869 1485 1919; x_wconf 86' lang='lat' dir='ltr'><strong>quod</strong></span> <span class='ocrx_word' id='word_1_352' title='bbox 1494 1870 1623 1922; x_wconf 74' lang='lat' dir='ltr'><strong>geris,</strong></span> <span class='ocrx_word' id='word_1_353' title='bbox 1649 1871 1721 1909; x_wconf 86' lang='lat' dir='ltr'><strong>im-</strong></span> 
     </span>
     <span class='ocr_line' id='line_1_52' title="bbox 1002 1926 1722 1978; baseline 0.004 -15"><span class='ocrx_word' id='word_1_354' title='bbox 1002 1940 1138 1976; x_wconf 82' lang='lat' dir='ltr'><strong>peras.</strong></span> <span class='ocrx_word' id='word_1_355' title='bbox 1156 1926 1278 1977; x_wconf 87' lang='lat' dir='ltr'><strong>Quod</strong></span> <span class='ocrx_word' id='word_1_356' title='bbox 1294 1936 1426 1967; x_wconf 79' lang='lat' dir='ltr'><strong>autem</strong></span> <span class='ocrx_word' id='word_1_357' title='bbox 1442 1929 1622 1978; x_wconf 87' lang='lat' dir='ltr'><strong>sequitur</strong></span> <span class='ocrx_word' id='word_1_358' title='bbox 1638 1940 1648 1966; x_wconf 91' lang='lat'><strong>:</strong></span> <span class='ocrx_word' id='word_1_359' title='bbox 1665 1929 1722 1966; x_wconf 83' lang='lat' dir='ltr'><strong>Di</strong></span> 
     </span>
     <span class='ocr_line' id='line_1_53' title="bbox 1010 1984 1720 2037; baseline 0.006 -17"><span class='ocrx_word' id='word_1_360' title='bbox 1010 1985 1137 2022; x_wconf 87' lang='lat' dir='ltr'><strong>multa</strong></span> <span class='ocrx_word' id='word_1_361' title='bbox 1158 1984 1332 2037; x_wconf 78' lang='lat' dir='ltr'><strong>neglecti</strong></span> <span class='ocrx_word' id='word_1_362' title='bbox 1347 1985 1542 2022; x_wconf 78' lang='lat' dir='ltr'><strong>dederunt</strong></span> <span class='ocrx_word' id='word_1_363' title='bbox 1571 1987 1720 2036; x_wconf 83' lang='lat' dir='ltr'><strong>Hespe-</strong></span> 
     </span>
     <span class='ocr_line' id='line_1_54' title="bbox 1010 2042 1720 2094; baseline 0.003 -15"><span class='ocrx_word' id='word_1_364' title='bbox 1010 2042 1080 2080; x_wconf 83' lang='lat' dir='ltr'><strong>rioe</strong></span> <span class='ocrx_word' id='word_1_365' title='bbox 1111 2043 1224 2080; x_wconf 85' lang='lat' dir='ltr'><strong>mala</strong></span> <span class='ocrx_word' id='word_1_366' title='bbox 1254 2042 1460 2088; x_wconf 65' lang='lat' dir='ltr'><strong>luctuosae,</strong></span> <span class='ocrx_word' id='word_1_367' title='bbox 1495 2056 1516 2080; x_wconf 91' lang='lat' dir='ltr'><strong>a</strong></span> <span class='ocrx_word' id='word_1_368' title='bbox 1548 2045 1720 2094; x_wconf 86' lang='lat' dir='ltr'><strong>Virgilio</strong></span> 
     </span>
     <span class='ocr_line' id='line_1_55' title="bbox 1008 2100 1719 2152; baseline 0.003 -15"><span class='ocrx_word' id='word_1_369' title='bbox 1008 2100 1198 2152; x_wconf 83' lang='lat' dir='ltr'><strong>subjungi</strong></span> <span class='ocrx_word' id='word_1_370' title='bbox 1239 2101 1431 2138; x_wconf 87' lang='lat' dir='ltr'><strong>scelerum</strong></span> <span class='ocrx_word' id='word_1_371' title='bbox 1473 2101 1518 2138; x_wconf 88' lang='lat' dir='ltr'><strong>in</strong></span> <span class='ocrx_word' id='word_1_372' title='bbox 1554 2103 1719 2152; x_wconf 90' lang='lat' dir='ltr'><strong>patriam</strong></span> 
     </span>
     <span class='ocr_line' id='line_1_56' title="bbox 1010 2159 1720 2197; baseline 0.003 -3"><span class='ocrx_word' id='word_1_373' title='bbox 1010 2160 1311 2196; x_wconf 88' lang='lat' dir='ltr'><strong>commissorum</strong></span> <span class='ocrx_word' id='word_1_374' title='bbox 1339 2168 1378 2196; x_wconf 89' lang='lat' dir='ltr'><strong>et</strong></span> <span class='ocrx_word' id='word_1_375' title='bbox 1409 2167 1595 2196; x_wconf 91' lang='lat' dir='ltr'><strong>natorum</strong></span> <span class='ocrx_word' id='word_1_376' title='bbox 1624 2159 1720 2197; x_wconf 88' lang='lat' dir='ltr'><strong>inde</strong></span> 
     </span>
     <span class='ocr_line' id='line_1_57' title="bbox 1007 2215 1719 2254; baseline 0 -1"><span class='ocrx_word' id='word_1_377' title='bbox 1007 2216 1207 2254; x_wconf 89' lang='lat' dir='ltr'><strong>bellorum</strong></span> <span class='ocrx_word' id='word_1_378' title='bbox 1245 2216 1425 2253; x_wconf 83' lang='lat' dir='ltr'><strong>civilium</strong></span> <span class='ocrx_word' id='word_1_379' title='bbox 1457 2215 1719 2253; x_wconf 87' lang='lat' dir='ltr'><strong>declaratione</strong></span> 
     </span>
     <span class='ocr_line' id='line_1_58' title="bbox 1006 2273 1717 2326; baseline -0.004 -14"><span class='ocrx_word' id='word_1_380' title='bbox 1006 2273 1189 2326; x_wconf 86' lang='lat' dir='ltr'><strong>(AEneid.</strong></span> <span class='ocrx_word' id='word_1_381' title='bbox 1211 2273 1283 2310; x_wconf 87' lang='lat' dir='ltr'><strong>lib.</strong></span> <span class='ocrx_word' id='word_1_382' title='bbox 1301 2275 1361 2311; x_wconf 88' lang='lat' dir='ltr'><strong>VI</strong></span> <span class='ocrx_word' id='word_1_383' title='bbox 1376 2302 1386 2320; x_wconf 92' lang='lat'>,</span> <span class='ocrx_word' id='word_1_384' title='bbox 1407 2287 1446 2311; x_wconf 86' lang='lat' dir='ltr'><strong>v.</strong></span> <span class='ocrx_word' id='word_1_385' title='bbox 1469 2274 1551 2311; x_wconf 87' lang='lat'><strong>666</strong></span> <span class='ocrx_word' id='word_1_386' title='bbox 1569 2286 1717 2310; x_wconf 88' lang='lat' dir='ltr'><strong>memo-</strong></span> 
     </span>
     <span class='ocr_line' id='line_1_59' title="bbox 1005 2330 1717 2375; baseline -0.001 -7"><span class='ocrx_word' id='word_1_387' title='bbox 1005 2340 1116 2368; x_wconf 88' lang='lat' dir='ltr'><strong>ratur</strong></span> <span class='ocrx_word' id='word_1_388' title='bbox 1141 2330 1309 2369; x_wconf 80' lang='lat' dir='ltr'><strong>Catilina</strong></span> <span class='ocrx_word' id='word_1_389' title='bbox 1335 2332 1378 2368; x_wconf 92' lang='lat' dir='ltr'><strong>in</strong></span> <span class='ocrx_word' id='word_1_390' title='bbox 1404 2333 1590 2375; x_wconf 82' lang='lat' dir='ltr'><strong>Tartaro,</strong></span> <span class='ocrx_word' id='word_1_391' title='bbox 1619 2330 1717 2368; x_wconf 86' lang='lat' dir='ltr'><strong>Cato</strong></span> 
     </span>
     <span class='ocr_line' id='line_1_60' title="bbox 1006 2386 1717 2440; baseline 0 -15"><span class='ocrx_word' id='word_1_392' title='bbox 1006 2389 1050 2426; x_wconf 88' lang='lat' dir='ltr'><strong>in</strong></span> <span class='ocrx_word' id='word_1_393' title='bbox 1072 2388 1231 2425; x_wconf 90' lang='lat' dir='ltr'><strong>sedibus</strong></span> <span class='ocrx_word' id='word_1_394' title='bbox 1253 2389 1412 2438; x_wconf 90' lang='lat' dir='ltr'><strong>piorum</strong></span> <span class='ocrx_word' id='word_1_395' title='bbox 1424 2387 1455 2440; x_wconf 87' lang='lat'><strong>).</strong></span> <span class='ocrx_word' id='word_1_396' title='bbox 1480 2386 1655 2426; x_wconf 87' lang='lat' dir='ltr'><strong>Tandem</strong></span> <span class='ocrx_word' id='word_1_397' title='bbox 1674 2389 1717 2425; x_wconf 91' lang='lat' dir='ltr'><strong>in</strong></span> 
     </span>
     <span class='ocr_line' id='line_1_61' title="bbox 1007 2445 1716 2496; baseline -0.003 -12"><span class='ocrx_word' id='word_1_398' title='bbox 1007 2447 1178 2485; x_wconf 87' lang='lat' dir='ltr'><strong>Romani</strong></span> <span class='ocrx_word' id='word_1_399' title='bbox 1222 2447 1379 2496; x_wconf 88' lang='lat' dir='ltr'><strong>imperii</strong></span> <span class='ocrx_word' id='word_1_400' title='bbox 1424 2446 1620 2492; x_wconf 87' lang='lat' dir='ltr'><strong>majestate</strong></span> <span class='ocrx_word' id='word_1_401' title='bbox 1666 2445 1716 2482; x_wconf 92' lang='lat' dir='ltr'><strong>ab</strong></span> 
     </span>
     <span class='ocr_line' id='line_1_62' title="bbox 1008 2502 1717 2555; baseline -0.001 -16"><span class='ocrx_word' id='word_1_402' title='bbox 1008 2503 1057 2540; x_wconf 89' lang='lat' dir='ltr'><strong>ab</strong></span> <span class='ocrx_word' id='word_1_403' title='bbox 1075 2505 1256 2555; x_wconf 86' lang='lat' dir='ltr'><strong>Augusto</strong></span> <span class='ocrx_word' id='word_1_404' title='bbox 1279 2502 1476 2540; x_wconf 87' lang='lat' dir='ltr'><strong>vindicata</strong></span> <span class='ocrx_word' id='word_1_405' title='bbox 1497 2509 1536 2538; x_wconf 86' lang='lat' dir='ltr'><strong>et</strong></span> <span class='ocrx_word' id='word_1_406' title='bbox 1553 2514 1625 2552; x_wconf 88' lang='lat' dir='ltr'><strong>per</strong></span> <span class='ocrx_word' id='word_1_407' title='bbox 1642 2510 1717 2539; x_wconf 89' lang='lat' dir='ltr'><strong>ter-</strong></span> 
     </span>
     <span class='ocr_line' id='line_1_63' title="bbox 1006 2560 1730 2610; baseline -0.001 -13"><span class='ocrx_word' id='word_1_408' title='bbox 1006 2574 1140 2598; x_wconf 87' lang='lat' dir='ltr'><strong>rarum</strong></span> <span class='ocrx_word' id='word_1_409' title='bbox 1169 2560 1308 2598; x_wconf 89' lang='lat' dir='ltr'><strong>orbem</strong></span> <span class='ocrx_word' id='word_1_410' title='bbox 1328 2567 1539 2610; x_wconf 83' lang='lat' dir='ltr'><strong>propagata</strong></span> <span class='ocrx_word' id='word_1_411' title='bbox 1559 2568 1730 2610; x_wconf 92' lang='lat' dir='ltr'><strong>poetam·</strong></span> 
     </span>
     <span class='ocr_line' id='line_1_64' title="bbox 1005 2617 1271 2654; baseline 0 0"><span class='ocrx_word' id='word_1_412' title='bbox 1005 2617 1229 2654; x_wconf 87' lang='lat' dir='ltr'><strong>subsistere.</strong></span> <span class='ocrx_word' id='word_1_413' title='bbox 1251 2634 1271 2648; x_wconf 75' lang='lat' dir='ltr'><strong>n</strong></span> 
     </span>
    </p>

    <p class='ocr_par' dir='ltr' id='par_1_6' title="bbox 1001 2674 1716 2825">
     <span class='ocr_line' id='line_1_65' title="bbox 1060 2674 1716 2724; baseline -0.002 -12"><span class='ocrx_word' id='word_1_414' title='bbox 1060 2675 1312 2724; x_wconf 80' lang='lat' dir='ltr'><strong>sagacitatem</strong></span> <span class='ocrx_word' id='word_1_415' title='bbox 1335 2681 1374 2710; x_wconf 89' lang='lat' dir='ltr'><strong>et</strong></span> <span class='ocrx_word' id='word_1_416' title='bbox 1396 2685 1564 2711; x_wconf 89' lang='lat' dir='ltr'><strong>acumen</strong></span> <span class='ocrx_word' id='word_1_417' title='bbox 1588 2674 1632 2711; x_wconf 90' lang='lat' dir='ltr'><strong>in</strong></span> <span class='ocrx_word' id='word_1_418' title='bbox 1654 2687 1716 2711; x_wconf 88' lang='lat' dir='ltr'><strong>re·</strong></span> 
     </span>
     <span class='ocr_line' id='line_1_66' title="bbox 1002 2730 1715 2782; baseline 0.001 -15"><span class='ocrx_word' id='word_1_419' title='bbox 1002 2743 1092 2767; x_wconf 86' lang='lat' dir='ltr'><strong>rum</strong></span> <span class='ocrx_word' id='word_1_420' title='bbox 1111 2730 1301 2768; x_wconf 90' lang='lat' dir='ltr'><strong>similium</strong></span> <span class='ocrx_word' id='word_1_421' title='bbox 1328 2733 1622 2782; x_wconf 82' lang='lat' dir='ltr'><strong>comparatione</strong></span> <span class='ocrx_word' id='word_1_422' title='bbox 1647 2744 1715 2769; x_wconf 87' lang='lat' dir='ltr'><strong>ne·</strong></span> 
     </span>
     <span class='ocr_line' id='line_1_67' title="bbox 1001 2786 1290 2825; baseline 0 -1"><span class='ocrx_word' id='word_1_423' title='bbox 1001 2800 1067 2825; x_wconf 91' lang='lat' dir='ltr'><strong>mo</strong></span> <span class='ocrx_word' id='word_1_424' title='bbox 1085 2786 1290 2825; x_wconf 87' lang='lat' dir='ltr'><strong>desideret.</strong></span> 
     </span>
    </p>
   </div>
  </div>
 </body>
</html>
