1767 3054
198 136 277 171 226

822 141 1062 181 AENEIDOS

195 211 321 252 Ausa
343 207 497 269 sequi,
524 220 570 255 et
589 210 801 273 profugis
826 224 924 259 toto
950 231 1023 259 me
1048 230 1289 277 opponere
1314 228 1474 278 ponto,
1540 234 1549 248 ⁰

1626 229 1687 259 300

197 281 438 328 Absumtae
461 283 506 328 in
527 286 734 331 Teucros
759 286 882 333 vires
902 289 1100 349 coelique
1125 290 1375 352 marisque.

199 355 327 412 Quid
346 368 518 417 syrtes,
544 369 624 403 aut
652 360 804 421 Scylla
823 361 959 417 mihi,
986 363 1101 423 quid
1124 376 1256 410 vasta
1276 364 1543 427 Charybdis

198 432 407 478 Profuit?
436 436 612 494 Optato
633 434 902 481 conduntur
922 437 1178 498 Thybridis
1201 440 1358 497 alveo,

200 507 365 551 Securi
386 507 538 568 pelagi
559 517 698 568 atque
718 509 809 553 mei
829 512 836 552 l
861 513 988 555 Mars
1009 511 1208 572 perdere
1228 524 1412 575 gentem

198 585 437 627 Inmanem
462 582 717 643 Lapithum
740 584 888 628 valuit
897 603 908 642 ;
931 588 1160 632 concessit
1182 587 1230 632 in
1250 589 1344 634 iras
1627 599 1685 629 305

198 661 304 718 Ipse
330 656 470 702 deum
490 657 730 719 antiquam
754 659 938 720 genitor
958 660 1198 722 Calydona
1216 664 1379 709 Dianae
1399 682 1408 707 :

199 733 339 790 Quod
353 733 500 779 scelus
518 743 598 779 aut
610 734 835 796 Lapithas
856 745 1053 793 tantum,
1066 746 1145 781 aut
1158 736 1396 799 Calydona
1409 741 1686 785 merentem?

199 951 285 975 cam
312 940 498 976 excutias.
519 961 575 966 —
598 941 692 977 301.
714 943 911 979 Assumtae

198 995 321 1033 Goth.
344 1009 419 1033 sec.
441 998 624 1033 Formam
645 997 837 1048 loquendi
863 1000 908 1036 il-

198 1053 341 1090 lustrat
379 1055 593 1092 Burmann.
636 1053 685 1091 ad
728 1058 907 1106 Propert.

199 1111 271 1156 IV,
298 1112 345 1157 6,
385 1113 450 1150 55.
476 1134 535 1142 --
557 1113 652 1150 302.
686 1112 794 1162 Quid
818 1113 907 1151 dira

201 1167 419 1218 Charybdis
434 1172 586 1221 aliquot
602 1172 703 1208 Pier.

259 1231 341 1274 304
357 1251 416 1257 —-—-
437 1231 532 1278 309.
559 1229 674 1267 Conf.
695 1227 766 1266 lib.
786 1230 826 1275 Ι,
852 1231 904 1280 39

197 1307 254 1316 -—-
274 1294 326 1336 49
350 1301 434 1324 non
451 1289 542 1324 satis
565 1288 708 1323 variata
728 1300 783 1324 re.
805 1288 906 1326 Vide

196 1345 330 1394 paullo
354 1353 444 1382 ante
462 1344 512 1381 ad
531 1357 632 1381 vers,
664 1345 760 1382 286.
790 1347 908 1382 Utro-

198 1415 275 1452 que
290 1403 381 1439 loco
400 1401 450 1438 ad
469 1403 634 1449 majores
658 1403 734 1438 iras
757 1415 796 1438 se
814 1415 905 1439 exa-

199 1460 280 1495 cuit
299 1461 409 1497 Juno
427 1459 617 1508 exemplis
632 1460 799 1496 aliorum
816 1459 907 1497 deo-

196 1528 306 1560 rum,
331 1517 400 1565 qui
419 1516 522 1552 idem
542 1516 695 1552 felicius
716 1518 801 1552 ausi
812 1518 905 1563 sint,

196 1574 421 1622 propositis.
453 1575 512 1609 Dc
536 1572 791 1622 Lapitharum
814 1586 905 1610 cum

197 1629 405 1667 Centauris
422 1643 554 1680 pugna
572 1631 612 1665 in
626 1627 793 1666 Pirithoi
804 1642 906 1680 nup-

196 1688 260 1723 tiis
290 1701 311 1723 e
334 1689 432 1724 Met.
461 1689 541 1724 XII
569 1685 704 1723 Ovidii
734 1689 906 1724 narratio

196 1745 278 1794 peti
296 1752 450 1794 potest3
479 1743 547 1781 sed
566 1743 687 1794 vulgo
706 1756 838 1780 caussa
857 1745 905 1781 ab

196 1801 384 1838 ebrietate
425 1800 587 1838 ducitur
626 1813 635 1838 ε
677 1800 786 1851 quod
822 1802 907 1851 ipse

195 1860 312 1897 Maro
336 1860 515 1909 sequitur
544 1858 688 1908 Georg.
719 1859 776 1903 II,
808 1859 903 1906 457,

197 1917 247 1953 cf.
268 1917 417 1967 Hygin.
435 1915 462 1954 f.
484 1916 551 1953 33.
570 1917 625 1952 At
641 1914 688 1952 de
706 1916 845 1953 Martis
863 1918 905 1953 in

194 1973 377 2023 Lapithas
405 1972 507 2010 odiis
527 1972 737 2010 obscurior
764 1981 822 2010 est
850 1973 905 2010 fa-

193 2031 288 2067 bula
301 2061 312 2078 ,
329 2031 505 2082 exposita
522 2039 652 2068 tamen
671 2030 711 2068 h.
732 2029 758 2067 l.
780 2043 800 2066 a
819 2033 905 2068 Ser·

194 2090 280 2134 vio,
299 2088 404 2127 conf.
424 2091 577 2126 Luctat.
596 2087 646 2124 ad
665 2090 760 2126 Stat.
778 2087 904 2126 Theb.

194 2147 253 2190 11,
288 2146 393 2192 5633
424 2146 575 2183 verbo:
596 2147 702 2182 Mars
732 2145 776 2181 in
808 2147 905 2183 Piri-

194 2202 279 2240 thoi
297 2205 414 2240 sacris
434 2204 537 2239 inter
558 2211 707 2239 ceteros
726 2202 819 2239 deos
841 2216 902 2240 so-

192 2260 254 2297 lus
272 2263 492 2310 praeteritus
519 2262 562 2297 in
587 2259 769 2310 Lapithas
791 2273 902 2296 exar-

193 2318 263 2361 sit,
291 2326 328 2354 et
347 2317 522 2355 furorem
544 2318 726 2362 immisit,
747 2330 828 2366 quo
844 2318 903 2354 illi

194 2386 284 2409 cum
298 2375 378 2412 Cen
385 2377 505 2412 tauris
519 2375 668 2413 infestis
681 2376 796 2410 armis
812 2387 904 2411 con-

192 2440 414 2469 currerunt.
443 2434 526 2470 Nec
555 2435 698 2470 mirum
732 2444 816 2468 rem
849 2431 904 2468 di-

192 2490 312 2524 versis
356 2489 484 2525 modis
535 2503 615 2528 esse
671 2497 871 2525 tractatam
888 2517 899 2535 ,

193 2557 315 2594 quum
357 2558 441 2581 non
475 2548 595 2582 unius
631 2554 758 2596 poetae
789 2547 899 2595 inge-

192 2603 303 2638 nium
330 2601 398 2637 illa
432 2605 664 2641 exercuerit.
701 2602 900 2640 Laudatur

192 2657 433 2695 Melisanclri
449 2659 630 2696 Λαπιθῶν
649 2657 717 2697 καὶ
731 2658 899 2697 Κενταύ-

193 2729 266 2768 ρων
287 2713 394 2768 μάχη
430 2716 536 2766 apud
570 2717 711 2754 AElian.
739 2719 822 2761 XI,
862 2729 896 2753 1.

189 2775 229 2810 Si
254 2782 383 2810 tamen
402 2774 437 2809 ei
458 2772 556 2809 nihil
578 2774 748 2819 tribuas,
773 2785 896 2823 quum

977 941 1026 979 de
1044 942 1114 979 illo
1137 942 1238 980 nihil
1270 940 1427 980 aliunde
1451 952 1623 990 constet;
1649 956 1687 984 at

977 999 1231 1051 cogitandum
1253 1000 1302 1038 de
1326 1000 1502 1052 AEgimz'o
1514 1029 1526 1046 ,
1554 1010 1685 1041 vetere

976 1066 1154 1108 poemate
1169 1085 1180 1104 ,
1208 1071 1228 1094 a
1262 1059 1469 1096 nonnullis
1510 1059 1683 1098 Hesiodo

977 1113 1198 1165 adscript03
1231 1123 1315 1152 tum
1334 1115 1383 1152 de
1410 1115 1620 1162 Theseide,
1641 1119 1684 1154 in

974 1185 1054 1222 qua
1085 1172 1252 1210 Pirithoi
1286 1185 1346 1210 res
1377 1173 1510 1210 locum
1539 1173 1684 1211 habere

973 1238 1160 1279 potuere3
1194 1230 1353 1267 tandem
1387 1230 1436 1267 de
1467 1231 1682 1270 Heracleis.

974 1288 1099 1338 Magis
1123 1296 1217 1325 nota
1245 1297 1304 1326 est
1333 1287 1466 1325 fabula
1489 1288 1608 1326 altera
1635 1290 1683 1327 de

973 1346 1138 1382 Dianae'
1128 1358 1204 1391 ira,
1224 1358 1351 1395 quum
1369 1347 1528 1384 OEneus
1544 1359 1587 1383 ea
1603 1348 1685 1384 sola

973 1402 1115 1440 omissa
1134 1404 1272 1440 ceteris
1295 1403 1370 1440 diis
1398 1403 1583 1440 omnihus
1601 1406 1682 1454 pri-

973 1461 1101 1496 mitias
1124 1458 1400 1506 sacrificasset3
1416 1459 1510 1497 hinc
1533 1462 1679 1498 immis-

973 1529 1067 1552 sus
1057 1529 1149 1566 aper
1166 1517 1423 1566 Calydonius,
1441 1525 1603 1567 ortaque
1616 1531 1682 1555 su-

972 1585 1044 1622 per
1083 1574 1166 1619 ejus
1210 1574 1364 1609 exuviis
1402 1575 1657 1612 contentione
1671 1604 1681 1621 ,

973 1628 1178 1665 Pleuronii
1207 1628 1452 1680 Calydonem
1475 1643 1680 1682 oppugna-

973 1693 1082 1722 runt.
1121 1687 1248 1723 Locus
1287 1687 1470 1723 classicus
1502 1687 1612 1726 Iliad.
1647 1703 1680 1736 ι,

976 1741 1056 1792 529
1075 1754 1159 1793 sqq.
1174 1751 1212 1779 et
1227 1743 1357 1781 Schol'.
1372 1742 1421 1779 ad
1440 1743 1543 1790 525;
1561 1747 1682 1796 Apol—

971 1799 1054 1836 lod.
1073 1802 1111 1845 I,
1132 1800 1171 1845 8,
1191 1812 1228 1837 2.
1247 1801 1383 1838 Nostri
1404 1802 1582 1838 Maronis
1599 1816 1682 1840 ves-

972 1857 1075 1907 tigiis
1104 1858 1247 1893 institit
1279 1857 1422 1896 Statius
1449 1860 1529 1895 VII
1552 1859 1679 1900 Theb.

977 1915 1072 1959 203,
1087 1921 1183 1958 204,
1203 1914 1298 1952 205.
1316 1914 1515 1952 Concessit
1528 1915 1570 1952 in
1585 1916 1678 1965 iras,

974 1971 1022 2008 ad
1041 1984 1200 2021 poenam
1218 1979 1257 2008 et
1272 1971 1500 2010 vindictam.
1512 1994 1570 2002 --
1582 1975 1677 2012 306.

973 2027 1177 2078 Antiquas
1193 2028 1389 2074 Parrhas„
1413 2030 1486 2067 scil
1508 2029 1600 2068 iras.
1621 2052 1678 2060 -—-

975 2087 1072 2133 307.
1100 2087 1327 2123 Lectionem
1362 2086 1465 2124 hanc
1494 2088 1677 2125 Heinsius

972 2156 992 2180 e
1013 2142 1197 2182 Mediceo
1217 2156 1237 2180 a
1260 2156 1312 2181 m.
1325 2157 1402 2181 sec.
1416 2146 1592 2195 repetiit,
1608 2145 1677 2182 sed

970 2214 1018 2238 eo
1028 2200 1266 2238 ducentibus
1276 2201 1372 2247 aliis,
1387 2214 1449 2251 pr.
1459 2201 1673 2254 Hamburg.

969 2260 1128 2308 Menag.
1155 2272 1232 2296 sec.
1260 2260 1405 2298 Moret.
1431 2271 1507 2296 sec.
1535 2267 1575 2295 et
1600 2271 1674 2308 pro

968 2328 1051 2354 var.
1067 2316 1159 2354 lect.
1179 2317 1328 2355 Moret.
1345 2325 1454 2361 tert.‚
1469 2317 1563 2352 item
1575 2317 1675 2354 Pris-

969 2374 1084 2410 eiano
1103 2387 1164 2424 ap.
1183 2373 1341 2420 Heius„
1359 2375 1402 2410 in
1419 2371 1565 2422 quibus
1579 2382 1587 2408 :
1602 2376 1674 2410 La-

961 2429 1100 2480 pithas
1121 2440 1272 2467 tantum
1296 2439 1337 2466 ec
1356 2428 1564 2476 Cagydona
1592 2444 1671 2467 me-

970 2497 1131 2524 rentem.
1162 2489 1217 2524 Ea
1244 2487 1361 2522 lectio
1383 2498 1507 2536 quum
1537 2488 1671 2534 paullo

968 2544 1124 2582 doctior
1142 2551 1240 2580 esset
1252 2569 1262 2588 ,
1283 2543 1399 2578 miras
1418 2541 1671 2581 librariorum

967 2601 1231 2638 aberrationes
1241 2599 1406 2649 peperit.
1420 2598 1577 2636 Scilicet
1590 2602 1672 2638 vul-

965 2658 1049 2708 gari
1067 2655 1225 2693 dicendi
1243 2655 1362 2692 modo
1377 2654 1671 2702 subjiciendum

965 2722 1069 2751 erat:
1091 2712 1209 2762 Quod
1221 2721 1354 2748 autem
1373 2720 1527 2749 cantum
1545 2715 1672 2752 scelus

964 2769 1244 2807 commiserant
1269 2768 1473 2820 Lapz'choe,
1503 2771 1576 2808 ‘vel
1600 2773 1674 2810 Ca-
