1767 3054
223 150 305 186 350

854 139 1097 178 AENEIDOS

219 220 343 267 Hinc
362 221 605 280 Augustus
632 229 772 277 agens
795 212 939 258 Italos
965 211 1014 256 in
1038 208 1202 270 praelia
1223 210 1379 254 Caesar

219 297 338 341 Cum
362 291 605 349 Patribus,
630 288 928 353 populoque,
954 284 1235 341 Penatibus,
1261 293 1308 329 et
1330 280 1510 344 magnis
1533 281 1627 342 dis,

220 374 359 419 Stans
381 369 505 415 celsa
526 368 575 413 in
596 365 771 429 puppi3
800 362 1008 426 geminas
1027 361 1106 407 cui
1132 372 1348 422 tempora
1373 357 1583 405 flammas

1663 368 1726 399 680

221 450 353 493 Laeta
373 453 595 500 vomunt,
617 440 923 503 patriumque
948 436 1162 498 aperitur
1182 436 1360 481 vertice
1384 433 1528 481 siduS.

221 529 359 571 Parte
384 521 497 579 alia,
522 516 676 563 ventis
701 525 748 561 et
770 514 842 560 dis
864 513 1078 575 Agrippa
1099 510 1340 568 secundis,

222 601 415 647 Arduus
438 611 606 658 agmen
629 608 794 655 agens3
819 589 920 648 cui,
941 587 1055 635 belli
1078 586 1260 650 insigne
1281 584 1564 648 superbum,

225 786 395 840 gnidum
418 796 500 821 esse
533 779 729 825 arbitror,
755 776 944 828 quodque

220 848 354 884 Tucca
371 843 599 890 Variusque
621 837 848 875 rescindere
880 835 946 872 de-

220 903 371 940 bebant
389 912 398 939 :
414 910 609 950 quorsum
630 896 736 933 enim
758 895 838 932 hoc
854 907 944 944 per-

222 960 356 999 tinet?
386 957 571 1007 inprimis
600 967 725 1006 quum
747 953 828 1001 jam
853 952 945 988 satis

222 1018 466 1056 declaratum
496 1021 597 1051 esset
617 1025 694 1049 vsS.
717 1012 768 1059 67
783 1024 798 1048 1
817 1038 827 1057 ,
858 1010 941 1057 672

223 1088 333 1115 mare
368 1086 450 1111 esse
482 1083 662 1108 aureum.
681 1091 739 1099 ·-
759 1071 808 1106 In
833 1081 942 1118 seqq.

221 1147 306 1172 non
333 1132 485 1181 ubique
508 1131 635 1181 ipsam
654 1141 790 1165 rerum
822 1135 945 1178 gesta-

221 1205 313 1230 rum
343 1189 487 1236 fidem,
511 1186 622 1239 quod
642 1187 763 1223 nimis
792 1185 946 1235 religio-

221 1263 312 1289 sum
331 1249 492 1292 fuisset,
513 1258 634 1296 quam
661 1245 754 1281 artis
772 1243 837 1281 vel
859 1256 944 1279 car-

222 1309 341 1345 minis
371 1307 544 1343 rationes
567 1312 607 1340 et
624 1302 946 1354 opportunitates

221 1365 383 1403 videtur
427 1370 635 1412 sequutus.
683 1361 784 1399 Nam
833 1358 946 1396 classi

223 1425 423 1461 universae
454 1421 514 1458 M.
544 1418 727 1470 Agrippa
759 1416 942 1466 praefuit,

223 1481 468 1518 Octavianus
517 1484 648 1512 autem
687 1475 815 1512 Caesar
851 1486 944 1509 cum

224 1539 283 1575 M.
304 1536 466 1573 Valerio
497 1532 666 1571 Messala
696 1532 860 1580 aliisque
887 1543 945 1567 re-

222 1608 315 1632 rum
342 1603 506 1630 summae
536 1590 689 1639 ubique
716 1589 946 1639 prospicere

225 1651 436 1704 satagebat.
484 1648 611 1685 Italos
646 1646 861 1697 praeclare,
900 1653 944 1680 ut

226 1709 454 1747 barbaricas
486 1719 579 1756 opes
609 1705 781 1742 Antonii
797 1717 836 1740 v.
859 1702 944 1738 685

227 1773 473 1817 opponeret3
512 1772 551 1800 et
585 1761 716 1798 multo
740 1761 945 1810 augustior

226 1837 363 1862 rerum
390 1821 540 1872 species
567 1820 612 1856 in
642 1819 765 1854 altero
793 1829 912 1853 versu
934 1828 943 1853 t

232 1882 330 1920 Cum
354 1878 559 1924 Patribus,
585 1876 839 1927 populoque,
876 1876 950 1911 Pe-

228 1938 386 1977 natibus
416 1946 455 1974 et
480 1934 639 1987 magnis
662 1929 752 1978 dZs;
770 1941 817 1969 ut
840 1944 948 1968 caus-

231 2011 314 2036 sam
340 1998 438 2046 reip.
473 2008 492 2031 a
527 1996 675 2032 Senatu
711 1990 946 2042 populoque

228 2059 413 2094 Romano
444 2053 696 2090 commissam
716 2048 821 2086 tueri
844 2046 948 2083 vide-

230 2122 341 2150 retur
383 2113 605 2161 Augustus,
648 2104 867 2144 Penatibus
911 2113 950 2141 ec

232 2170 394 2222 magnis
432 2168 530 2212 diis,
572 2165 810 2215 explicative
854 2162 949 2199 alte-

231 2241 324 2266 rum
353 2227 550 2274 adjectum
576 2236 652 2274 pro
670 2235 681 2261 2
701 2230 740 2259 et
763 2234 857 2258 cum
878 2223 949 2258 Pe-

233 2286 415 2331 natibus,
438 2283 589 2334 magnis
609 2280 683 2317 diis
703 2292 712 2319 ε
733 2279 839 2316 conf.
860 2291 948 2329 sup.

235 2343 284 2379 ad
303 2345 386 2390 III,
425 2355 490 2379 12.
507 2362 564 2369 —-
584 2340 682 2376 680.
717 2339 806 2374 Stat
833 2340 950 2375 Rom.

238 2414 329 2437 cum
360 2400 445 2438 aliis
472 2399 575 2437 Pier.
607 2405 645 2434 et
672 2397 836 2441 Heius„
855 2395 952 2430 item

237 2459 359 2495 Goth.
380 2471 456 2495 sec.
472 2485 483 2503 ,
503 2454 615 2507 quod
634 2462 819 2504 praestare
834 2460 949 2502 puto.

236 2514 375 2552 Prima
397 2515 437 2551 in
457 2513 584 2565 puppi
601 2513 787 2551 Priscian.
812 2522 951 2560 agnos-

236 2574 289 2609 cit
316 2573 345 2611 l.
376 2574 481 2619 VII,
514 2570 622 2608 conf.
650 2571 734 2616 III,
767 2568 865 2615 527.
896 2588 954 2596 --

239 2631 323 2667 680
338 2657 349 2675 ‚
386 2629 437 2666 68
450 2642 484 2666 1.
510 2627 701 2666 Geminas
720 2625 787 2663 cui
801 2635 952 2675 tempo-

239 2701 286 2725 ra
295 2687 498 2741 flammas
524 2688 638 2723 Loeca
661 2692 846 2722 vomunt.
866 2686 956 2721 Per-

239 2759 375 2798 peram
409 2745 459 2782 ad
492 2742 633 2781 oculos
668 2742 839 2792 Augusti
876 2740 953 2776 ful-

243 2812 376 2856 gentes
400 2801 467 2855 (v.
487 2803 651 2840 Sueton.
675 2812 708 2837 c.
732 2798 814 2850 79)
837 2797 956 2835 refert

1011 773 1171 814 Servius
1195 782 1234 811 et
1260 772 1341 811 alii.
1370 770 1525 810 Habuit
1546 778 1664 820 poeta
1686 771 1731 808 in

1011 834 1146 871 animo
1175 828 1380 869 Diomedis
1405 826 1594 866 cassidem
1617 827 1665 866 Il.
1688 840 1728 873 ε,

1014 899 1038 937 4
1067 903 1126 940 sq.
1159 887 1253 928 Δαῖέ
1272 888 1305 926 οἱ
1331 888 1373 926 ἐκ
1401 883 1557 940 κόρυθός
1585 897 1627 923 τε
1661 881 1731 923 καὶ

1013 944 1180 992 ἀσπίδος
1206 944 1413 1001 ἀκάματον
1447 947 1524 997 πῦρ
1552 952 1654 991 etc.‚
1692 952 1732 981 et

1011 1009 1055 1045 in
1072 1007 1311 1044 miraculum
1341 1015 1556 1042 conversus
1585 1009 1644 1038 est
1669 1014 1732 1052 ga-

1009 1066 1081 1103 leae
1097 1079 1148 1102 ex
1163 1077 1238 1102 aere
1258 1063 1408 1114 fulgor,
1440 1061 1509 1111 qui
1525 1059 1730 1097 radiorum

1011 1123 1076 1160 vel
1098 1122 1227 1160 nimbi
1249 1123 1421 1172 speciem
1441 1118 1586 1155 referre
1605 1116 1734 1154 videri

1011 1189 1192 1232 poterat,
1235 1179 1418 1229 inprimis
1462 1177 1495 1212 si
1538 1174 1732 1212 bucculas

1012 1239 1130 1291 galeae
1151 1239 1312 1289 cogites,
1332 1239 1445 1273 Loeca
1467 1233 1518 1270 ad
1544 1231 1730 1283 splendo-

1012 1312 1098 1335 rem
1120 1303 1271 1348 spectat
1296 1306 1306 1333 :
1330 1302 1376 1331 ut
1394 1293 1423 1331 l.
1447 1294 1490 1339 Ι,
1512 1291 1592 1341 591
1620 1291 1732 1327 laetos

1013 1354 1138 1392 oculis
1157 1353 1327 1407 afflarat
1352 1350 1535 1388 honores.
1553 1347 1630 1387 Sed
1657 1360 1731 1384 cur

1007 1410 1398 1465 geminasflammas
1420 1408 1551 1445 dixit?
1578 1406 1730 1456 accipio

1012 1471 1167 1508 dictum
1183 1469 1338 1519 poetica
1356 1467 1496 1513 forma,
1509 1478 1602 1503 cum
1617 1463 1733 1501 debe-

1011 1537 1074 1565 ret
1095 1526 1261 1579 gemina
1287 1535 1468 1576 tempora
1496 1534 1729 1561 memorare.

1012 1587 1179 1622 Diversa
1201 1598 1262 1622 res
1281 1592 1377 1620 sunt
1401 1583 1530 1619 cn‘stce
1551 1579 1730 1631 geminae

1011 1644 1094 1688 VI,
1140 1642 1237 1688 780.
1269 1643 1317 1677 In
1345 1641 1494 1677 vertice
1528 1636 1729 1687 aperitur,

1010 1699 1132 1744 lucet,
1152 1706 1313 1748 apparet
1329 1695 1519 1746 (proprie
1538 1695 1587 1732 de
1603 1696 1731 1732 orien-

1012 1765 1050 1793 te
1079 1754 1258 1805 sidere),
1278 1754 1390 1791 stella
1411 1756 1436 1792 J
1440 1754 1519 1790 ulia
1532 1782 1542 1800 ‚
1567 1753 1730 1791 Caesaris

1012 1814 1134 1863 capiti
1157 1813 1322 1863 appingi
1346 1812 1459 1849 solita
1481 1824 1490 1849 :
1514 1813 1559 1848 in
1583 1823 1731 1848 memo-

1012 1872 1111 1908 riam
1126 1870 1249 1907 stellae
1270 1870 1443 1916 crinitae,
1465 1870 1510 1905 in
1527 1882 1646 1918 quam
1673 1869 1731 1905 in-

1013 1938 1073 1966 ter
1099 1927 1218 1966 ludos
1248 1927 1436 1965 funebres
1461 1925 1619 1964 habitos
1649 1926 1731 1962 ani-

1014 2001 1076 2023 ma
1107 1986 1270 2026 Caesaris
1302 1985 1443 2021 abiisse
1469 1983 1618 2020 credita
1644 1991 1729 2020 est:

1013 2059 1052 2083 v.
1067 2047 1231 2083 Sueton.
1248 2044 1346 2081 Caes.
1363 2042 1421 2078 -88
1437 2055 1448 2089 ;
1467 2043 1588 2080 Dion.
1605 2042 1730 2086 XLV,

1018 2116 1038 2150 7
1055 2130 1066 2149 ‚
1084 2110 1124 2139 et
1141 2115 1230 2151 sup.
1253 2100 1302 2137 ad
1330 2100 1415 2138 Ecl.
1437 2102 1496 2138 IX
1509 2128 1520 2146 ,
1544 2107 1612 2147 47.
1630 2100 1730 2136 Ean-

1015 2160 1107 2197 dem
1141 2159 1295 2196 stellam
1340 2158 1515 2209 respexit
1549 2160 1728 2206 Propert.

1017 2221 1090 2265 IV,
1113 2218 1163 2264 6,
1198 2218 1275 2264 30,
1306 2217 1355 2253 31
1375 2230 1386 2260 ;
1405 2216 1478 2253 etsi
1501 2214 1568 2251 ille
1597 2213 1731 2264 prodi·
1766 2243 1767 2251 ,

1016 2278 1126 2328 gium
1158 2275 1340 2312 micantis
1369 2273 1537 2310 flammae
1572 2284 1732 2322 expres·

1017 2337 1110 2372 sisse
1137 2333 1298 2370 videtur
1319 2344 1329 2370 ε
1350 2330 1566 2371 Phoenihus
1593 2328 1730 2366 Adsci-

1019 2393 1068 2430 tic
1082 2390 1257 2443 Augusti
1265 2402 1442 2442 puppem
1457 2399 1585 2437 super,
1607 2396 1646 2423 et
1666 2400 1731 2423 no-

1019 2465 1067 2488 να
1085 2450 1268 2504 flamma
1300 2445 1424 2485 Luxit
1453 2444 1495 2482 in
1529 2444 1732 2495 obliquam

1019 2517 1082 2546 cer
1097 2507 1262 2544 sinuata
1271 2504 1428 2556 ficcem.

1078 2565 1178 2602 682.
1200 2566 1322 2600 Parte
1336 2560 1422 2598 alia
1439 2561 1536 2598 aciei
1554 2560 1732 2611 Agrippa

1020 2623 1180 2661 classem
1197 2620 1276 2670 agit
1291 2618 1425 2656 ventis
1439 2618 1636 2656 secundis.
1653 2616 1732 2655 Ad-

1019 2692 1156 2717 versus
1175 2677 1304 2714 fuerat
1331 2675 1379 2713 ad
1399 2677 1585 2726 quintum
1605 2688 1732 2725 usque

1020 2737 1126 2774 diem
1152 2742 1308 2772 ventus.
1341 2734 1541 2772 Plutarch.
1562 2735 1621 2771 M.
1646 2734 1731 2770 An-

1021 2803 1104 2833 ton.
1124 2806 1162 2844 p.
1182 2793 1264 2843 945
1284 2794 1326 2830 F.
1346 2791 1451 2831 conf.
1470 2794 1580 2831 Serv.
1604 2791 1648 2828 in
1670 2802 1734 2828 ex-
