1767 3054
685 88 840 125 LIBER
869 89 947 125 VII
953 90 983 126 1.

1499 94 1580 132 333

91 170 212 215 Cum
234 174 421 228 sceptro
443 160 591 217 misit,
612 158 899 221 mandatque
925 160 1124 222 insignia
1149 164 1360 222 Tarcho,

91 239 348 287 Succedam
370 235 557 292 castris,
577 233 924 296 Tyrrhenaque
947 250 1092 297 regna
1113 250 1367 297 capessam.

91 313 186 362 Sed
207 312 324 360 mihi
348 310 482 357 tarda
502 309 609 373 gelu
634 309 876 372 saeclisque
902 310 1044 356 effeta
1068 321 1285 358 senectus

89 387 274 435 Invidet
296 386 569 448 imperium,
595 401 806 447 seraeque
831 384 892 431 ad
916 385 1059 431 fortia
1077 385 1218 432 vires.

86 463 262 508 Natum
286 459 592 517 exhortarer,
614 460 664 505 ni
687 460 861 506 mixtus
881 469 1032 505 matre
1057 459 1245 506 Sabella

1529 474 1590 503 510

86 533 211 581 Hinc
231 544 413 596 partem
440 535 605 597 patriae
631 535 855 581 traheret.
881 537 976 590 Tu,
1002 535 1133 597 cujus
1156 546 1203 582 et
1227 536 1360 583 annis

86 609 147 653 Et
170 608 332 670 generi
359 609 454 655 sata
477 608 740 671 indulgent,
767 623 909 670 quem
931 609 1126 655 numina
1147 621 1376 671 poscunt,

87 679 366 742 Ingredere,
389 699 418 728 o
440 685 677 729 Teucrum
706 693 848 745 atque
873 683 1044 729 Italum
1069 682 1324 730 fortissime
1350 682 1536 731 ductor.

87 758 228 802 Hunc
251 756 339 803 tibi
361 767 614 819 praeterea,
640 774 744 820 spes
770 768 816 804 et
839 758 1005 805 solatia
1023 758 1196 816 nostri,

89 830 298 878 Pallanta
322 832 574 896 adjungam
600 852 611 880 :
636 833 725 881 sub
751 843 797 881 te
821 834 1023 881 tolerare
1042 833 1268 897 magistro

90 1079 149 1088 -—-
179 1059 274 1098 506.
313 1061 568 1113 filandatque
607 1062 779 1115 insignia
793 1092 804 1107 ‚

93 1117 222 1167 simpl.
239 1118 361 1154 mittit
392 1120 561 1170 insignia
577 1124 688 1172 regni
706 1133 716 1160 ;
733 1124 806 1160 int.

92 1186 143 1211 ex
169 1170 429 1212 Etruscorit'm
458 1190 589 1223 more,
609 1179 676 1215 illa
703 1179 809 1216 scili·

92 1239 156 1268 cet
184 1232 265 1280 ipsa
280 1259 289 1277 ,
311 1245 399 1282 quae
431 1238 685 1282 memoravit3
709 1244 811 1272 tacet

93 1287 244 1338 reliqua
258 1317 268 1334 ,
287 1290 421 1327 seuam
441 1291 655 1329 eburneam
670 1321 680 1339 ‚
704 1295 811 1329 tuni-

94 1358 179 1383 cam
212 1347 445 1397 palmatam,
485 1357 616 1399 togam
646 1351 807 1400 pictam.

92 1401 183 1440 vide
220 1407 386 1444 omnino
423 1407 590 1457 Dionys.
633 1409 713 1453 111,
753 1408 805 1444 61

91 1473 154 1511 pr.
193 1459 309 1514 (pag.
354 1463 474 1515 195).
502 1485 560 1492 —
599 1463 803 1509 Tarchon,

91 1517 203 1570 quod
232 1521 326 1558 inde
349 1523 400 1558 ab
426 1521 532 1560 Aldo
554 1522 720 1573 legitur,
746 1535 808 1560 re·

91 1577 214 1614 tinuit
231 1579 418 1616 Heinsius
434 1580 487 1617 ob
508 1579 623 1618 codd.
642 1593 808 1618 suorum

91 1647 343 1674 consensum.
387 1640 487 1676 Sunt
523 1646 655 1674 tamen
691 1637 780 1676 edd.
795 1666 806 1685 ‚

90 1694 135 1731 in
161 1693 308 1743 quihus
341 1697 377 1732 T
375 1708 495 1732 arcon
526 1695 693 1746 legitur,
716 1703 764 1732 ut
787 1709 808 1733 e

91 1750 222 1789 Pierio
240 1752 434 1804 intelligas
448 1767 459 1800 ;
476 1754 610 1803 sicque
618 1754 810 1804 Egnatius

91 1808 238 1856 edidit,
253 1818 299 1847 ut
316 1810 423 1860 apud
439 1811 671 1849 Strabonem
688 1811 811 1859 scrip·

95 1875 182 1904 tum
213 1866 286 1906 lib.
315 1869 368 1911 V,
398 1880 438 1916 p.
475 1867 556 1903 336
590 1863 809 1918 Tisaeo-‘23

94 1937 176 1974 quo
214 1932 377 1962 auctore
410 1925 526 1960 etiam
561 1925 779 1960 Tarconem
793 1952 805 1968 ,

93 1994 178 2019 non
207 1983 441 2019 Tarcontem
466 1979 704 2017 flectendum
730 1993 811 2018 esse

95 2047 268 2089 apparet.
299 2038 416 2076 Adde
437 2037 615 2076 Eustath.
642 2037 691 2074 ad
710 2039 808 2075 Dio-

95 2109 185 2147 nys.
211 2097 359 2148 Perieg.
388 2097 483 2143 347.
502 2098 604 2133 Tum
631 2096 731 2133 Pier.
758 2109 809 2133 ex

96 2155 262 2204 antiquo
279 2156 417 2194 codice
441 2152 592 2190 Tarcho
616 2153 632 2205 (
647 2153 756 2203 quod
772 2161 810 2190 et

98 2211 221 2248 Goth.
245 2213 343 2250 alter
374 2210 532 2260 habet).
554 2212 608 2248 At
630 2211 806 2249 Brunck.

96 2267 260 2306 refinxit
281 2273 316 2308 T
313 2284 406 2308 arco
421 2298 431 2314 ,
456 2282 608 2308 memor
628 2281 716 2306 voc.
735 2270 808 2307 Al-

97 2339 163 2363 mo
190 2326 261 2366 lib.
290 2331 394 2376 VII,
428 2330 534 2375 532,
556 2335 594 2366 et
623 2326 693 2364 inf.
726 2328 808 2366 602

101 2384 276 2432 Tarcho,
304 2400 397 2433 seu,
415 2396 458 2424 ut
492 2395 530 2424 et
557 2386 622 2423 hic
645 2385 808 2434 scribit,

99 2444 226 2481 Tar-co
246 2454 287 2482 et
308 2445 510 2494 Tyrrheni.
535 2445 585 2482 cf.
608 2444 743 2481 Heius.
772 2453 810 2481 et

94 2502 310 2541 excitatum
328 2516 347 2540 a
360 2505 587 2541 Burmanno
604 2500 807 2541 Drakenb.

97 2557 146 2595 nd
164 2561 303 2599 Silium
323 2561 410 2599 Ital.
426 2563 550 2606 VIII,
570 2566 665 2607 474.
686 2562 807 2610 Equi-

96 2617 211 2665 dem,
240 2633 365 2670 quum
402 2619 473 2656 diu
509 2618 806 2666 deliberassem,

100 2675 253 2714 Tarcho
273 2691 294 2715 e
316 2679 496 2716 Pieriano
512 2677 716 2714 admittere
733 2689 808 2713 ma-

94 2731 459 2780 1u13nmnomina
478 2736 522 2773 in
537 2748 587 2773 οη
610 2737 661 2773 ita
681 2746 701 2771 a
721 2735 806 2772 Ma-

1531 845 1592 875 51⁵

874 1077 971 1101 rone
984 1063 1117 1101 efferri
1133 1064 1224 1100 satis
1241 1071 1407 1102 constat.
1423 1066 1480 1102 Ut
1497 1077 1593 1102 vero

875 1121 921 1158 ch
948 1122 993 1158 in
1017 1135 1037 1158 c
1066 1130 1257 1158 mutarem
1284 1121 1419 1171 paullo
1441 1122 1592 1159 animo-

875 1180 955 1215 sius
968 1206 979 1224 ,
1011 1192 1032 1216 a
1063 1192 1125 1215 me
1162 1192 1244 1216 non
1277 1178 1437 1216 obtinui
1450 1206 1460 1223 ‚
1500 1181 1592 1228 quia

876 1237 993 1272 etiam
1013 1236 1255 1286 Lycophron
1289 1235 1394 1279 1248
1428 1232 1592 1287 Τάρχων

877 1303 917 1328 τε
937 1288 1004 1328 καὶ
1020 1289 1215 1344 Τυρσηνοί.
1238 1293 1287 1329 Et
1307 1294 1483 1329 occurrit
1501 1295 1595 1330 Tar-

877 1349 984 1386 chon
1020 1350 1063 1385 in
1092 1349 1293 1400 laPIdibus
1327 1350 1514 1387 Etruscis.
1535 1371 1592 1378 -

878 1406 1096 1444 Succedam
1108 1435 1120 1451 ,
1150 1420 1197 1444 eo
1229 1407 1396 1443 consilio
1410 1435 1420 1453 ,
1438 1415 1484 1444 ut
1503 1419 1592 1455 suc·

876 1463 1203 1502 cedam—508.
1232 1463 1370 1501 Saeclis
1396 1463 1534 1515 effeta.
1559 1478 1591 1502 s.

873 1523 1002 1573 simpl.
1021 1535 1094 1573 pro
1112 1523 1246 1568 annis;
1266 1521 1367 1558 male
1386 1522 1591 1559 Gramma-

874 1581 944 1618 tici
965 1580 1386 1631 argutantur.-—51o.
1399 1578 1471 1624 Ni,
1489 1581 1592 1616 mix-

874 1648 961 1676 tum
991 1650 1116 1688 genus
1143 1636 1292 1674 habens
1324 1649 1395 1687 per
1428 1644 1592 1673 matrem

875 1695 1058 1735 Sabinam
1072 1723 1082 1740 ,
1102 1702 1253 1744 partem
1269 1695 1406 1744 patriae
1422 1706 1492 1730 seu
1515 1695 1593 1731 ori-

875 1753 976 1805 ginis
1006 1752 1101 1789 hinc
1113 1778 1124 1796 ,
1157 1764 1177 1787 a
1203 1751 1357 1790 Sabinis
1369 1777 1380 1796 ,
1414 1749 1591 1800 adeoque

876 1824 927 1847 ex
949 1809 1059 1847 Italia
1072 1835 1083 1853 ,
1101 1807 1283 1855 duceret,
1301 1809 1374 1844 etsi
1391 1815 1501 1857 patre
1524 1821 1592 1844 ex-

876 1875 990 1905 terno
1004 1893 1014 1911 ‚
1033 1864 1238 1911 Evandro,
1267 1872 1396 1902 natus.
1412 1884 1471 1894 ·--
1494 1865 1589 1901 512.

877 1925 956 1974 Qui
976 1934 1128 1975 genus,
1152 1929 1287 1959 ortum
1315 1934 1365 1958 ex
1383 1923 1591 1972 peregrina

877 1990 980 2018 terra
1006 1979 1149 2025 habes,
1174 1991 1267 2016 cum
1299 1978 1442 2016 idonea
1471 1978 1592 2016 rebus

874 2037 1056 2089 gerendis
1074 2044 1186 2073 aetate
1197 2065 1207 2082 ,
1222 2045 1261 2073 et
1276 2049 1395 2086 quem
1409 2036 1588 2082 numina,

874 2097 1108 2133 vaticinium
1127 2093 1384 2144 designat.—-
1403 2095 1498 2132 513.
1519 2095 1589 2131 In·

870 2153 1060 2207 gredere,
1096 2160 1141 2189 ut
1171 2152 1317 2203 Georg.
1347 2153 1367 2188 1
1380 2180 1390 2199 ‚
1418 2158 1468 2196 42
1485 2180 1496 2199 ,
1528 2153 1592 2188 In-

871 2211 1065 2264 gredere,
1089 2219 1128 2246 ec
1155 2209 1262 2246 votis
1281 2209 1368 2259 jam
1399 2222 1503 2247 nune
1526 2222 1590 2246 as-

874 2281 1006 2306 suesce
1042 2266 1196 2305 vocart'.
1243 2269 1399 2318 Incipe,
1435 2269 1595 2322 suscipe

877 2341 972 2364 rem.
985 2347 1044 2355 -—-
1065 2326 1086 2363 5
1098 2325 1232 2363 15—5
1244 2338 1304 2373 17.
1325 2319 1508 2365 Praeclari
1532 2342 1588 2367 vs,

877 2383 1078 2422 sententiis
1091 2390 1129 2420 et
1141 2383 1284 2422 verbis.
1302 2385 1510 2423 Maronem
1522 2388 1590 2423 mi-

876 2444 951 2480 rati
973 2449 1067 2479 sunt
1086 2450 1124 2478 et
1149 2442 1290 2479 imitati
1311 2436 1354 2479 in
1372 2441 1450 2481 hoc
1471 2444 1563 2481 loco
1578 2474 1587 2489 ‚

874 2514 975 2551 qnos
998 2497 1123 2539 Cerda
1138 2500 1217 2548 jam
1237 2499 1413 2538 laudavit
1425 2529 1435 2547 ‚
1454 2502 1588 2540 Valet.

875 2559 933 2597 Fl.
955 2558 1023 2609 (Ι,
1058 2557 1138 2607 269
1165 2556 1300 2609 sqq.),
1329 2557 1448 2598 Silius
1477 2558 1586 2610 (IV,

878 2618 959 2661 430
975 2644 986 2661 ‚
1011 2616 1147 2667 431);
1168 2615 1265 2654 adde
1294 2615 1484 2666 Apollon.
1513 2608 1592 2654 lib.'

875 2676 914 2712 11
927 2703 937 2720 ‚
962 2675 1043 2719 804
1057 2701 1068 2720 ,
1091 2674 1174 2712 805
1188 2702 1198 2720 ,
1217 2683 1255 2711 et
1273 2675 1486 2725 Epitomen
1505 2673 1589 2710 Ilia·

874 2731 945 2771 dos
964 2733 1042 2781 573
1066 2745 1124 2785 sq.
1138 2760 1149 2780 ,
1168 2732 1240 2770 ubi
1259 2731 1309 2771 cf.
1331 2730 1517 2771 Wemsd.
1530 2751 1586 2758 —
