1767 3054
672 162 824 202 LIBER
856 162 950 199 vn.

1488 171 1563 215 257

60 239 255 286 Albanae
277 237 467 283 coluere
492 250 702 293 sacrum,
726 252 853 281 nunc
875 248 1098 281 maxuma
1123 250 1283 282 rerum

59 317 210 360 Roma
232 312 368 368 colit,
393 326 540 373 quum
566 311 718 373 prima
741 320 933 356 movent
955 310 1004 355 in
1027 310 1188 372 praelia
1208 315 1437 371 Martem,

60 389 171 435 Sive
195 388 327 436 Getis
350 387 526 433 inferre
549 403 692 433 manu
717 385 1009 433 lacrimabile
1034 385 1234 445 bellum,

58 451 375 525 Hyrcanisve,
399 462 640 510 Arabisve
664 475 855 526 parant,
881 479 964 510 seu
988 463 1180 510 tendere
1203 463 1263 510 ad
1284 465 1449 525 Indos,
1508 478 1568 509 ους

57 542 390 601 Auroramque
415 539 573 600 sequi,
597 539 892 601 Parthosque
916 554 1168 601 reposcere
1194 539 1341 602 signa.

59 616 179 660 Sunt
201 612 399 676 geminae
421 613 537 659 Belli
562 622 738 676 portae,
760 612 826 659 sic
848 612 1040 660 nomine
1065 613 1252 671 dicunt,

57 743 231 795 bellique
269 744 416 782 factum
431 773 440 790 ,
485 753 701 791 memoret,
743 744 786 781 id

57 815 207 839 vanum
225 811 295 840 est.
316 804 417 841 Nam
435 803 470 840 si
488 815 562 840 uos
579 801 787 840 historiam

59 863 280 899 Romanam
304 873 414 897 nunc
445 873 493 898 ex
519 861 633 898 Livio
662 861 786 910 potis-

60 920 203 956 simum
230 918 460 964 haurimu53
496 931 607 955 secus
646 931 707 955 res
747 931 787 954 se

58 975 202 1014 habuit
237 977 307 1014 illo
339 985 518 1026 tempore
532 1005 542 1023 ,
564 990 646 1027 quo
669 975 788 1013 multi

59 1035 241 1085 praeclari
272 1035 485 1084 scriptores
519 1035 561 1071 in
603 1034 786 1072 manibus

61 1101 174 1130 erant
191 1122 201 1138 ‚
222 1106 242 1130 a
269 1092 417 1143 quibus
447 1095 585 1130 Romae
614 1094 786 1144 origines

61 1149 227 1188 diversis
261 1149 390 1187 modis
423 1150 575 1188 traditae
603 1151 783 1197 fuerant3

63 1222 83 1246 e
101 1208 249 1259 quibus
265 1221 394 1245 unum
415 1208 477 1245 vel
494 1209 663 1246 alterum
682 1209 788 1246 dele-

62 1267 142 1317 git,
170 1266 293 1316 idque
315 1278 457 1317 parum
477 1269 631 1305 curiose
654 1269 698 1305 in
718 1281 787 1304 an-

60 1324 302 1375 tiquioribus
316 1352 326 1370 ‚
339 1325 488 1362 Livius.
500 1326 789 1376 Antiquissima

62 1395 133 1434 per
153 1383 308 1420 Latium
325 1381 402 1419 fuit
420 1383 446 1420 J
448 1385 512 1420 ani
531 1383 689 1435 religio,
713 1392 752 1421 et
768 1397 791 1420 a

61 1440 280 1488 majoribus
311 1439 421 1477 haud
443 1439 566 1478 dubie
597 1441 737 1479 tradita
767 1454 788 1477 a

65 1499 256 1536 Romanis
270 1526 280 1545 ,
305 1499 411 1535 inter
434 1505 561 1535 cetera
580 1499 759 1536 instituta
774 1527 785 1545 ‚

64 1569 153 1606 quae
171 1556 409 1608 plerumque
439 1569 459 1593 a
478 1556 653 1594 Romulo
667 1585 678 1603 ‚
701 1558 787 1595 Nu-

64 1627 127 1651 ma
149 1642 160 1660 ,
197 1613 261 1651 vel
293 1613 370 1650 alio
401 1626 491 1664 rege
529 1621 787 1664 repetuntur,

66 1685 191 1722 quum
225 1679 356 1709 essent
399 1672 580 1708 instituta
607 1673 734 1723 patria
768 1685 788 1708 a

65 1729 282 1778 majoribus
298 1728 404 1767 Alba
421 1731 554 1781 Longa
577 1730 620 1766 in
643 1743 790 1768 novam

69 1787 268 1826 coloniam
298 1795 516 1838 apportata.
558 1790 696 1838 Quum
719 1789 790 1825 ita-

67 1859 145 1896 que
171 1846 312 1896 opim'o
338 1845 593 1891 invaluisset,
617 1847 791 1884 Numam

70 1902 308 1954 religionum
335 1910 536 1939 auctorem
573 1905 792 1941 constitue-

70 1961 272 1998 rezetiam
302 1961 452 1997 Janum
483 1961 589 2009 pacis
616 1960 792 2011 bellique

70 2017 242 2055 indicem
271 2016 321 2055 ad
344 2030 436 2054 eum
458 2017 605 2056 referre
624 2027 792 2069 potuere

70 2076 250 2114 homines
267 2103 277 2122 ‚
308 2076 379 2127 qui
423 2075 580 2112 annales
606 2076 794 2114 condide-

70 2143 173 2172 rant.
186 2156 243 2162 ——
257 2134 352 2171 601.
369 2132 552 2171 Macrob.
575 2136 654 2182 111,
678 2135 700 2172 8
717 2163 728 2182 ‚
752 2149 791 2174 v.

73 2192 151 2230 601
171 2221 181 2239 ‚
210 2193 293 2230 602
307 2219 318 2239 ,
338 2192 420 2229 603
435 2220 445 2238 ,
472 2193 609 2229 recitat
623 2221 632 2239 ‚
663 2201 701 2230 et
737 2206 794 2230 ar-

71 2258 234 2301 gutatur
256 2263 376 2301 super
409 2262 498 2287 voc.
538 2263 635 2289 mos.
660 2251 794 2289 Julius

71 2310 209 2346 Festus
236 2308 286 2346 de
302 2307 516 2345 verborum
540 2307 795 2362 significatio-

73 2365 200 2411 nibus,
212 2366 318 2404 libro
331 2367 451 2404 XIII:
465 2367 555 2403 Mos
571 2375 630 2404 ese
645 2366 795 2405 institu-

74 2433 154 2462 tum
165 2424 345 2475 patrium
351 2423 561 2474 pertinens
572 2425 632 2462 ad
639 2425 793 2478 religio-

74 2495 142 2520 nes
161 2481 474 2534 cerimoniasque
487 2482 684 2534 majorum
703 2498 717 2520 .·
736 2497 793 2521 sa-

73 2552 124 2577 ne
140 2538 218 2579 hoc
237 2554 398 2592 quoque
414 2541 523 2587 loco,
545 2549 583 2578 et
601 2541 673 2580 inf.
691 2544 793 2589 XII,

78 2597 174 2636 836.
195 2600 264 2637 Est
282 2607 412 2637 tamen
428 2600 657 2636 institutum
672 2599 796 2651 quod-

77 2667 255 2706 cunque,
274 2657 392 2694 etiam
430 2670 517 2695 non
551 2657 794 2709 religiosum.

78 2712 167 2750 Hoc
197 2713 257 2751 ibi
287 2715 468 2753 voluerat
496 2718 645 2764 Varro,
670 2730 797 2768 quum

80 2768 230 2808 diceret
264 2785 391 2810 mores
424 2786 506 2811 esse
531 2773 681 2822 animi,
702 2776 797 2826 quia

78 2839 164 2866 mos
185 2831 346 2882 proprie
363 2832 413 2871 sit
427 2831 631 2883 injudicio
651 2834 797 2884 animi;

852 744 961 792 inde,
972 743 1305 782 consuetudinem
1317 758 1479 798 quoque
1494 762 1574 787 esse

854 815 1019 840 morem.
1038 823 1095 830 —-
1119 802 1280 839 Latium
1311 805 1544 854 Hesperium
1559 837 1570 853 ‚

854 873 937 898 non
961 860 1073 897 aliter
1092 873 1212 910 quam
1236 863 1428 912 Hesperia
1448 865 1577 904 Italia.

855 917 960 956 Male
977 927 1183 969 argutatur
1198 920 1358 958 Servius
1370 934 1460 958 cum
1478 923 1578 969 aliis,

854 990 936 1014 esse
959 976 1170 1027 antiquum
1198 979 1366 1017 Latium.
1388 981 1580 1018 Protinus

853 1034 894 1073 h.
912 1035 939 1072 l.
959 1035 1130 1086 jugiter,
1149 1043 1196 1072 ut
1215 1035 1317 1073 bene
1336 1039 1445 1076 Serv.
1461 1066 1471 1084 ‚
1493 1052 1577 1088 per-

853 1101 974 1144 petuo
992 1092 1041 1129 ab
1063 1106 1109 1130 eo
1128 1093 1222 1130 inde
1242 1102 1434 1145 tempore.
1457 1097 1579 1133 Urbes

854 1151 1053 1195 Albanae,
1090 1151 1282 1198 coloniae3
1331 1165 1424 1190 nam
1473 1154 1579 1192 Alba

853 1212 975 1247 XXX
994 1210 1237 1261 oppidorum
1253 1213 1482 1250 Latinorum
1501 1226 1581 1250 ma-

855 1275 928 1305 ter.
947 1268 997 1306 cf.
1017 1270 1191 1306 Dionvs.
1216 1270 1303 1315 111,
1325 1271 1391 1308 31.
1405 1272 1576 1310 -6o2.

856 1325 1045 1364 ῙΙῙαχιιηα
1055 1338 1215 1371 rerum,·
1236 1340 1297 1363 res
1317 1330 1502 1375 maxima,
1515 1329 1580 1383 μέ-

856 1396 898 1437 'Y‘
889 1396 965 1420 ,στο
961 1381 988 1420 ’ν
1011 1397 1079 1420 τι
1067 1384 1255 1437 πρᾶγμα.
1271 1383 1321 1422 cf.
1344 1386 1394 1422 ad
1415 1387 1488 1425 Ge.
1509 1390 1578 1435 ΙΙ,

859 1442 1138 1485 534.--603.
1176 1443 1305 1492 Quum
1326 1443 1465 1492 prima
1495 1458 1579 1481 mc-

856 1509 945 1536 vent
956 1498 972 1549 (
984 1499 1032 1536 ad
1051 1503 1218 1538 Romam
1236 1499 1315 1537 hoc
1327 1501 1582 1540 referendum

855 1566 1021 1608 propter
1039 1556 1155 1608 sqq.)
1181 1557 1220 1594 in
1240 1559 1389 1608 praelia
1406 1562 1582 1598 Martem

855 1627 960 1652 nove
978 1615 1146 1662 dictum,
1173 1615 1295 1668 vulgo
1314 1627 1491 1655 movetur
1505 1618 1586 1656 bel-

857 1672 960 1717 lum,
984 1674 1097 1710 M‘ars
1114 1688 1130 1718 ;
1165 1686 1239 1710 nec
1272 1676 1487 1726 quicquam
1520 1677 1586 1714 ad-

854 1731 992 1778 jicitur
1017 1743 1026 1768 :
1051 1739 1137 1768 tum
1177 1745 1339 1783 quoque
1383 1744 1588 1772 moventur

858 1801 975 1825 arma
988 1787 1089 1839 (pro
1106 1789 1253 1839 quibus
1270 1792 1443 1828 Blartem
1457 1792 1560 1829 dixit
1574 1805 1585 1831 ;

858 1859 950 1884 nam
991 1846 1134 1894 adjecit
1169 1847 1210 1883 in
1238 1848 1388 1897 praelia
1399 1848 1428 1900 ).
1464 1849 1585 1900 Quod

858 1903 1012 1942 indicto
1039 1903 1147 1941 hello
1184 1905 1325 1942 ancilia
1357 1919 1584 1946 commove-

858 1961 1006 1999 bantur
1019 1990 1030 2008 ,
1050 1961 1225 1999 alienum
1249 1962 1298 1999 ab
1325 1963 1366 2001 h.
1392 1964 1420 2002 l.
1439 1974 1509 2004 est.
1527 1988 1584 1995 —

862 2020 957 2064 604.
983 2019 1072 2056 Sive
1092 2020 1140 2057 G.
1170 2019 1194 2057 i.
1217 2034 1384 2066 manus,
1411 2035 1479 2059 seu
1498 2033 1584 2061 ten·

860 2077 953 2115 dere
991 2077 1050 2114 ad
1090 2077 1239 2123 Indos,
1275 2077 1411 2117 laudat
1451 2081 1584 2120 Schol.

863 2136 1015 2185 Cruqu.
1052 2134 1100 2171 ad
1132 2137 1272 2174 Horat.
1315 2138 1375 2174 111
1406 2137 1483 2177 Od.
1517 2148 1584 2185 24.

863 2194 1065 2233 Charisius
1097 2203 1227 2231 autem
1251 2194 1321 2233 lib.
1350 2197 1370 2233 1
1390 2198 1488 2234 Inst.
1512 2199 1588 2236 Cr.

859 2265 899 2303 p.
929 2265 976 2299 77
995 2280 1004 2298 ,
1026 2252 1269 2300 Hyrcanisve
1285 2255 1338 2291 A.
1352 2265 1507 2304 parant
1523 2256 1586 2292 ιή-

860 2310 992 2347 dicere
1010 2309 1181 2355 bellum,
1207 2309 1294 2347 Sive
1329 2310 1477 2363 inferre
1503 2327 1587 2351 ma-

862 2381 948 2406 nus.
968 2390 1026 2397 —
1053 2368 1138 2413 604
1158 2390 1214 2397 —
1243 2369 1342 2407 606.
1370 2370 1585 2420 Splendida

860 2435 919 2464 est
942 2427 1082 2464 oratio.
1115 2427 1233 2465 Bellis
1265 2428 1372 2464 enim
1403 2440 1494 2466 cum
1514 2444 1584 2467 ex-

860 2485 995 2522 tremis
1039 2484 1147 2522 orbis
1191 2493 1386 2522 terrarum
1424 2487 1585 2538 populis

861 2541 1042 2595 gerendis
1062 2544 1218 2593 imperii
1234 2545 1388 2581 romani
1408 2547 1586 2592 majestas

862 2601 1046 2652 praeclare
1067 2600 1304 2639 declaratur.
1323 2602 1443 2652 Quod
1461 2603 1585 2640 Getas

862 2667 1009 2706 narrat,
1022 2673 1106 2697 non
1117 2668 1174 2697 est
1190 2659 1415 2711 urgendum
1431 2675 1442 2707 ;
1455 2661 1583 2698 voluit

863 2725 1017 2755 tantum
1050 2716 1151 2756 fines
1182 2719 1339 2769 imperii
1373 2717 1421 2755 ad
1447 2721 1582 2757 Danu-

862 2775 976 2814 bium
984 2774 1194 2823 declarare3
1208 2785 1246 2814 et
1261 2777 1316 2813 sic
1333 2789 1454 2827 porro
1471 2778 1513 2812 in
1522 2787 1580 2824 sq.

922 2834 1020 2884 607.
1043 2837 1145 2875 Sunt
1174 2833 1340 2874 Gemini
1359 2832 1583 2871 emendatio

1397 2914 1417 2931 η»

1333 2929 1393 2959 22
