<?xml version="1.0" encoding="UTF-8"?>
<!DOCTYPE html PUBLIC "-//W3C//DTD XHTML 1.0 Transitional//EN"
    "http://www.w3.org/TR/xhtml1/DTD/xhtml1-transitional.dtd">
<html xmlns="http://www.w3.org/1999/xhtml" xml:lang="en" lang="en">
 <head>
  <title>
</title>
<meta http-equiv="Content-Type" content="text/html;charset=utf-8" />
  <meta name='ocr-system' content='tesseract 3.04.00' />
  <meta name='ocr-capabilities' content='ocr_page ocr_carea ocr_par ocr_line ocrx_word'/>
</head>
<body>
  <div class='ocr_page' id='page_1' title='image "./operahey03virguoft_0239.png"; bbox 0 0 1767 3054; ppageno 0'>
   <div class='ocr_carea' id='block_1_1' title="bbox 659 97 937 135">
    <p class='ocr_par' dir='ltr' id='par_1_1' title="bbox 659 97 937 135">
     <span class='ocr_line' id='line_1_1' title="bbox 659 97 937 135; baseline -0.007 -1"><span class='ocrx_word' id='word_1_1' title='bbox 659 97 811 135; x_wconf 85' lang='lat' dir='ltr'>LIBER</span> <span class='ocrx_word' id='word_1_2' title='bbox 844 97 937 133; x_wconf 79' lang='lat' dir='ltr'><strong>vlt.</strong></span> 
     </span>
    </p>
   </div>
   <div class='ocr_carea' id='block_1_2' title="bbox 1476 111 1558 149">
    <p class='ocr_par' dir='ltr' id='par_1_2' title="bbox 1476 111 1558 149">
     <span class='ocr_line' id='line_1_2' title="bbox 1476 111 1558 149; baseline 0.012 -14"><span class='ocrx_word' id='word_1_3' title='bbox 1476 111 1558 149; x_wconf 69' lang='lat'><strong>229</strong></span> 
     </span>
    </p>
   </div>
   <div class='ocr_carea' id='block_1_3' title="bbox 49 168 1558 525">
    <p class='ocr_par' dir='ltr' id='par_1_3' title="bbox 52 168 1227 222">
     <span class='ocr_line' id='line_1_3' title="bbox 52 168 1227 222; baseline -0.005 0"><span class='ocrx_word' id='word_1_4' title='bbox 52 175 324 222; x_wconf 81' lang='lat' dir='ltr'><strong>Luctificam</strong></span> <span class='ocrx_word' id='word_1_5' title='bbox 346 171 531 218; x_wconf 77' lang='lat' dir='ltr'>Allecto</span> <span class='ocrx_word' id='word_1_6' title='bbox 556 169 768 215; x_wconf 82' lang='lat' dir='ltr'><strong>dirarum</strong></span> <span class='ocrx_word' id='word_1_7' title='bbox 795 168 854 215; x_wconf 82' lang='lat' dir='ltr'><strong>ab</strong></span> <span class='ocrx_word' id='word_1_8' title='bbox 879 168 989 215; x_wconf 87' lang='lat' dir='ltr'><strong>sede</strong></span> <span class='ocrx_word' id='word_1_9' title='bbox 1009 183 1227 216; x_wconf 85' lang='lat' dir='ltr'><strong>sororum</strong></span> 
     </span>
    </p>

    <p class='ocr_par' dir='ltr' id='par_1_4' title="bbox 51 241 1558 383">
     <span class='ocr_line' id='line_1_4' title="bbox 52 241 1558 309; baseline -0.005 -14"><span class='ocrx_word' id='word_1_10' title='bbox 52 249 346 309; x_wconf 67' lang='lat' dir='ltr'><strong>lusci-nisque</strong></span> <span class='ocrx_word' id='word_1_11' title='bbox 369 244 459 291; x_wconf 91' lang='lat' dir='ltr'><strong>ciet</strong></span> <span class='ocrx_word' id='word_1_12' title='bbox 483 242 715 300; x_wconf 78' lang='lat' dir='ltr'><strong>tenebri33</strong></span> <span class='ocrx_word' id='word_1_13' title='bbox 738 243 817 288; x_wconf 83' lang='lat' dir='ltr'><strong>cui</strong></span> <span class='ocrx_word' id='word_1_14' title='bbox 843 242 993 288; x_wconf 84' lang='lat' dir='ltr'><strong>tristia</strong></span> <span class='ocrx_word' id='word_1_15' title='bbox 1019 241 1164 297; x_wconf 81' lang='lat' dir='ltr'><strong>bella,</strong></span> <span class='ocrx_word' id='word_1_16' title='bbox 1502 258 1558 288; x_wconf 63' lang='lat'><strong>39¹3</strong></span> 
     </span>
     <span class='ocr_line' id='line_1_5' title="bbox 51 317 1206 383; baseline -0.003 -16"><span class='ocrx_word' id='word_1_17' title='bbox 51 326 255 383; x_wconf 87' lang='lat' dir='ltr'><strong>1raeque,</strong></span> <span class='ocrx_word' id='word_1_18' title='bbox 276 318 573 380; x_wconf 68' lang='lat' dir='ltr'><strong>insidiaeque,</strong></span> <span class='ocrx_word' id='word_1_19' title='bbox 597 328 643 363; x_wconf 83' lang='lat' dir='ltr'><strong>et</strong></span> <span class='ocrx_word' id='word_1_20' title='bbox 674 317 873 363; x_wconf 86' lang='lat' dir='ltr'><strong>crimina</strong></span> <span class='ocrx_word' id='word_1_21' title='bbox 897 317 1038 362; x_wconf 79' lang='lat' dir='ltr'><strong>noxia</strong></span> <span class='ocrx_word' id='word_1_22' title='bbox 1058 318 1206 363; x_wconf 88' lang='lat' dir='ltr'><strong>cordi.</strong></span> 
     </span>
    </p>

    <p class='ocr_par' dir='ltr' id='par_1_5' title="bbox 50 392 1124 457">
     <span class='ocr_line' id='line_1_6' title="bbox 50 392 1124 457; baseline -0.004 -15"><span class='ocrx_word' id='word_1_23' title='bbox 50 396 166 442; x_wconf 89' lang='lat' dir='ltr'>Odit</span> <span class='ocrx_word' id='word_1_24' title='bbox 190 405 236 440; x_wconf 85' lang='lat' dir='ltr'><strong>et</strong></span> <span class='ocrx_word' id='word_1_25' title='bbox 261 395 361 457; x_wconf 85' lang='lat' dir='ltr'><strong>ipse</strong></span> <span class='ocrx_word' id='word_1_26' title='bbox 386 403 520 455; x_wconf 84' lang='lat' dir='ltr'><strong>pater</strong></span> <span class='ocrx_word' id='word_1_27' title='bbox 545 393 717 439; x_wconf 87' lang='lat' dir='ltr'><strong>Pluton</strong></span> <span class='ocrx_word' id='word_1_28' title='bbox 733 428 746 450; x_wconf 92' lang='lat'><strong>,</strong></span> <span class='ocrx_word' id='word_1_29' title='bbox 771 392 914 439; x_wconf 89' lang='lat' dir='ltr'><strong>odere</strong></span> <span class='ocrx_word' id='word_1_30' title='bbox 936 409 1124 440; x_wconf 82' lang='lat' dir='ltr'><strong>sorores</strong></span> 
     </span>
    </p>

    <p class='ocr_par' dir='ltr' id='par_1_6' title="bbox 49 469 1180 525">
     <span class='ocr_line' id='line_1_7' title="bbox 49 469 1180 525; baseline -0.003 -9"><span class='ocrx_word' id='word_1_31' title='bbox 49 474 286 516; x_wconf 85' lang='lat' dir='ltr'><strong>Tartareae</strong></span> <span class='ocrx_word' id='word_1_32' title='bbox 308 479 594 525; x_wconf 86' lang='lat' dir='ltr'><strong>monstrum;</strong></span> <span class='ocrx_word' id='word_1_33' title='bbox 617 479 687 514; x_wconf 85' lang='lat' dir='ltr'><strong>tot</strong></span> <span class='ocrx_word' id='word_1_34' title='bbox 707 485 807 516; x_wconf 85' lang='lat' dir='ltr'><strong>sese</strong></span> <span class='ocrx_word' id='word_1_35' title='bbox 834 469 976 515; x_wconf 88' lang='lat' dir='ltr'><strong>vertit</strong></span> <span class='ocrx_word' id='word_1_36' title='bbox 1002 469 1048 514; x_wconf 89' lang='lat' dir='ltr'><strong>in</strong></span> <span class='ocrx_word' id='word_1_37' title='bbox 1074 484 1180 524; x_wconf 83' lang='lat' dir='ltr'><strong>ora,</strong></span> 
     </span>
    </p>
   </div>
   <div class='ocr_carea' id='block_1_4' title="bbox 42 662 778 2791">
    <p class='ocr_par' dir='ltr' id='par_1_7' title="bbox 43 662 772 1523">
     <span class='ocr_line' id='line_1_8' title="bbox 48 662 770 716; baseline -0.004 -14"><span class='ocrx_word' id='word_1_38' title='bbox 48 677 126 716; x_wconf 88' lang='lat' dir='ltr'><strong>que</strong></span> <span class='ocrx_word' id='word_1_39' title='bbox 157 662 514 701; x_wconf 81' lang='lat' dir='ltr'><strong>matribusfamilias</strong></span> <span class='ocrx_word' id='word_1_40' title='bbox 528 689 540 706; x_wconf 85' lang='grc'>,</span> <span class='ocrx_word' id='word_1_41' title='bbox 559 671 644 700; x_wconf 89' lang='lat' dir='ltr'><strong>tum</strong></span> <span class='ocrx_word' id='word_1_42' title='bbox 665 664 770 701; x_wconf 87' lang='lat' dir='ltr'><strong>Tur-</strong></span> 
     </span>
     <span class='ocr_line' id='line_1_9' title="bbox 47 720 772 772; baseline -0.007 -10"><span class='ocrx_word' id='word_1_43' title='bbox 47 735 100 762; x_wconf 87' lang='lat' dir='ltr'><strong>no</strong></span> <span class='ocrx_word' id='word_1_44' title='bbox 114 750 125 768; x_wconf 90' lang='lat'>,</span> <span class='ocrx_word' id='word_1_45' title='bbox 148 722 312 761; x_wconf 84' lang='lat' dir='ltr'><strong>Teucris</strong></span> <span class='ocrx_word' id='word_1_46' title='bbox 330 733 491 772; x_wconf 89' lang='lat' dir='ltr'><strong>quoque</strong></span> <span class='ocrx_word' id='word_1_47' title='bbox 520 729 560 758; x_wconf 87' lang='lat' dir='ltr'><strong>et</strong></span> <span class='ocrx_word' id='word_1_48' title='bbox 585 720 772 771; x_wconf 83' lang='lat' dir='ltr'><strong>Aborigi-</strong></span> 
     </span>
     <span class='ocr_line' id='line_1_10' title="bbox 47 777 771 830; baseline -0.003 -12"><span class='ocrx_word' id='word_1_49' title='bbox 47 781 168 818; x_wconf 83' lang='lat' dir='ltr'><strong>nibus</strong></span> <span class='ocrx_word' id='word_1_50' title='bbox 195 781 390 825; x_wconf 84' lang='lat' dir='ltr'><strong>immissa,</strong></span> <span class='ocrx_word' id='word_1_51' title='bbox 420 780 574 830; x_wconf 85' lang='lat' dir='ltr'><strong>egregie</strong></span> <span class='ocrx_word' id='word_1_52' title='bbox 609 777 771 829; x_wconf 85' lang='lat' dir='ltr'><strong>quidem</strong></span> 
     </span>
     <span class='ocr_line' id='line_1_11' title="bbox 45 838 770 882; baseline -0.004 -6"><span class='ocrx_word' id='word_1_53' title='bbox 45 838 113 876; x_wconf 89' lang='lat' dir='ltr'><strong>ille</strong></span> <span class='ocrx_word' id='word_1_54' title='bbox 134 846 319 875; x_wconf 85' lang='lat' dir='ltr'><strong>tractatus</strong></span> <span class='ocrx_word' id='word_1_55' title='bbox 335 845 373 873; x_wconf 90' lang='lat' dir='ltr'><strong>et</strong></span> <span class='ocrx_word' id='word_1_56' title='bbox 390 845 553 874; x_wconf 86' lang='lat' dir='ltr'><strong>ornatus</strong></span> <span class='ocrx_word' id='word_1_57' title='bbox 565 864 576 882; x_wconf 91' lang='lat'>‚</span> <span class='ocrx_word' id='word_1_58' title='bbox 596 838 621 874; x_wconf 90' lang='lat' dir='ltr'>J</span> <span class='ocrx_word' id='word_1_59' title='bbox 626 849 770 874; x_wconf 74' lang='lat' dir='ltr'><strong>uvena-</strong></span> 
     </span>
     <span class='ocr_line' id='line_1_12' title="bbox 45 894 768 946; baseline -0.004 -12"><span class='ocrx_word' id='word_1_60' title='bbox 45 897 93 934; x_wconf 82' lang='lat' dir='ltr'><strong>lis</strong></span> <span class='ocrx_word' id='word_1_61' title='bbox 116 908 276 946; x_wconf 88' lang='lat' dir='ltr'><strong>quoque</strong></span> <span class='ocrx_word' id='word_1_62' title='bbox 292 894 442 942; x_wconf 75' lang='lat' dir='ltr'><strong>judicio</strong></span> <span class='ocrx_word' id='word_1_63' title='bbox 465 897 543 933; x_wconf 91' lang='lat' dir='ltr'><strong>Sat.</strong></span> <span class='ocrx_word' id='word_1_64' title='bbox 563 895 640 931; x_wconf 85' lang='lat' dir='ltr'><strong>VII</strong></span> <span class='ocrx_word' id='word_1_65' title='bbox 653 921 664 940; x_wconf 95' lang='lat'>‚</span> <span class='ocrx_word' id='word_1_66' title='bbox 691 894 745 931; x_wconf 87' lang='grc'><strong>66</strong></span> <span class='ocrx_word' id='word_1_67' title='bbox 758 923 768 940; x_wconf 91' lang='grc'><em>,</em></span> 
     </span>
     <span class='ocr_line' id='line_1_13' title="bbox 45 951 767 1004; baseline -0.001 -13"><span class='ocrx_word' id='word_1_68' title='bbox 45 967 104 1004; x_wconf 85' lang='lat' dir='ltr'><strong>sq.</strong></span> <span class='ocrx_word' id='word_1_69' title='bbox 126 951 444 997; x_wconf 80' lang='lat' dir='ltr'><strong>comineudatus3</strong></span> <span class='ocrx_word' id='word_1_70' title='bbox 462 953 504 989; x_wconf 90' lang='lat' dir='ltr'><strong>in</strong></span> <span class='ocrx_word' id='word_1_71' title='bbox 526 965 606 1003; x_wconf 87' lang='lat' dir='ltr'><strong>quo</strong></span> <span class='ocrx_word' id='word_1_72' title='bbox 638 961 767 990; x_wconf 83' lang='lat' dir='ltr'><strong>tamen</strong></span> 
     </span>
     <span class='ocr_line' id='line_1_14' title="bbox 46 1010 767 1055; baseline -0.001 -7"><span class='ocrx_word' id='word_1_73' title='bbox 46 1012 199 1048; x_wconf 77' lang='lat' dir='ltr'><strong>inventi</strong></span> <span class='ocrx_word' id='word_1_74' title='bbox 228 1010 506 1055; x_wconf 76' lang='lat' dir='ltr'><strong>subtilitatem,</strong></span> <span class='ocrx_word' id='word_1_75' title='bbox 543 1010 605 1048; x_wconf 81' lang='lat' dir='ltr'><strong>vel</strong></span> <span class='ocrx_word' id='word_1_76' title='bbox 637 1010 767 1047; x_wconf 87' lang='lat' dir='ltr'><strong>soller-</strong></span> 
     </span>
     <span class='ocr_line' id='line_1_15' title="bbox 46 1067 765 1118; baseline 0.001 -13"><span class='ocrx_word' id='word_1_77' title='bbox 46 1070 139 1105; x_wconf 85' lang='lat' dir='ltr'>tiam</span> <span class='ocrx_word' id='word_1_78' title='bbox 172 1081 255 1106; x_wconf 86' lang='lat' dir='ltr'><strong>non</strong></span> <span class='ocrx_word' id='word_1_79' title='bbox 288 1068 385 1106; x_wconf 88' lang='lat' dir='ltr'><strong>adeo</strong></span> <span class='ocrx_word' id='word_1_80' title='bbox 419 1080 599 1118; x_wconf 87' lang='lat' dir='ltr'><strong>magnam</strong></span> <span class='ocrx_word' id='word_1_81' title='bbox 636 1067 765 1106; x_wconf 74' lang='lat' dir='ltr'><strong>video.</strong></span> 
     </span>
     <span class='ocr_line' id='line_1_16' title="bbox 46 1125 768 1178; baseline -0.003 -14"><span class='ocrx_word' id='word_1_82' title='bbox 46 1128 282 1178; x_wconf 79' lang='lat' dir='ltr'><strong>Excogitaru</strong></span> <span class='ocrx_word' id='word_1_83' title='bbox 294 1135 398 1164; x_wconf 88' lang='lat' dir='ltr'><strong>certe</strong></span> <span class='ocrx_word' id='word_1_84' title='bbox 416 1126 644 1162; x_wconf 87' lang='lat' dir='ltr'><strong>facillimum</strong></span> <span class='ocrx_word' id='word_1_85' title='bbox 661 1125 768 1162; x_wconf 89' lang='lat' dir='ltr'><strong>vide-</strong></span> 
     </span>
     <span class='ocr_line' id='line_1_17' title="bbox 46 1183 767 1233; baseline -0.003 -12"><span class='ocrx_word' id='word_1_86' title='bbox 46 1194 132 1228; x_wconf 81' lang='lat' dir='ltr'><strong>tur,</strong></span> <span class='ocrx_word' id='word_1_87' title='bbox 157 1183 259 1221; x_wconf 85' lang='lat' dir='ltr'><strong>odiis</strong></span> <span class='ocrx_word' id='word_1_88' title='bbox 293 1193 332 1221; x_wconf 90' lang='lat' dir='ltr'><strong>et</strong></span> <span class='ocrx_word' id='word_1_89' title='bbox 365 1183 582 1220; x_wconf 86' lang='lat' dir='ltr'><strong>inimicitiis</strong></span> <span class='ocrx_word' id='word_1_90' title='bbox 605 1196 655 1219; x_wconf 82' lang='lat' dir='ltr'><strong>ex</strong></span> <span class='ocrx_word' id='word_1_91' title='bbox 683 1185 767 1233; x_wconf 88' lang='lat' dir='ltr'><strong>ipsa</strong></span> 
     </span>
     <span class='ocr_line' id='line_1_18' title="bbox 48 1240 766 1291; baseline -0.003 -13"><span class='ocrx_word' id='word_1_92' title='bbox 48 1256 88 1278; x_wconf 81' lang='lat' dir='ltr'><strong>re</strong></span> <span class='ocrx_word' id='word_1_93' title='bbox 118 1243 244 1286; x_wconf 88' lang='lat' dir='ltr'><strong>natis,</strong></span> <span class='ocrx_word' id='word_1_94' title='bbox 277 1243 405 1278; x_wconf 81' lang='lat' dir='ltr'><strong>Furiis</strong></span> <span class='ocrx_word' id='word_1_95' title='bbox 441 1240 518 1278; x_wconf 91' lang='lat' dir='ltr'><strong>hoc</strong></span> <span class='ocrx_word' id='word_1_96' title='bbox 562 1243 766 1291; x_wconf 79' lang='lat' dir='ltr'><strong>negotium</strong></span> 
     </span>
     <span class='ocr_line' id='line_1_19' title="bbox 45 1297 766 1344; baseline -0.003 -8"><span class='ocrx_word' id='word_1_97' title='bbox 45 1300 138 1336; x_wconf 90' lang='lat' dir='ltr'><strong>dare</strong></span> <span class='ocrx_word' id='word_1_98' title='bbox 152 1327 162 1344; x_wconf 94' lang='lat'>‚</span> <span class='ocrx_word' id='word_1_99' title='bbox 184 1307 230 1336; x_wconf 89' lang='lat' dir='ltr'><strong>ut</strong></span> <span class='ocrx_word' id='word_1_100' title='bbox 250 1298 444 1335; x_wconf 86' lang='lat' dir='ltr'><strong>tumultus</strong></span> <span class='ocrx_word' id='word_1_101' title='bbox 468 1306 508 1335; x_wconf 90' lang='lat' dir='ltr'><strong>et</strong></span> <span class='ocrx_word' id='word_1_102' title='bbox 530 1297 680 1334; x_wconf 91' lang='lat' dir='ltr'><strong>bellum</strong></span> <span class='ocrx_word' id='word_1_103' title='bbox 697 1311 766 1334; x_wconf 80' lang='lat' dir='ltr'><strong>ex-</strong></span> 
     </span>
     <span class='ocr_line' id='line_1_20' title="bbox 47 1355 767 1394; baseline -0.003 -1"><span class='ocrx_word' id='word_1_104' title='bbox 47 1359 204 1394; x_wconf 81' lang='lat' dir='ltr'>citetur.</span> <span class='ocrx_word' id='word_1_105' title='bbox 242 1358 371 1394; x_wconf 83' lang='lat' dir='ltr'><strong>Poetae</strong></span> <span class='ocrx_word' id='word_1_106' title='bbox 401 1364 533 1393; x_wconf 88' lang='lat' dir='ltr'><strong>tamen</strong></span> <span class='ocrx_word' id='word_1_107' title='bbox 559 1368 602 1391; x_wconf 84' lang='lat' dir='ltr'><strong>ea</strong></span> <span class='ocrx_word' id='word_1_108' title='bbox 628 1356 669 1391; x_wconf 89' lang='lat' dir='ltr'><strong>in</strong></span> <span class='ocrx_word' id='word_1_109' title='bbox 689 1355 767 1392; x_wconf 87' lang='lat' dir='ltr'><strong>hoc</strong></span> 
     </span>
     <span class='ocr_line' id='line_1_21' title="bbox 46 1412 767 1465; baseline -0.004 -13"><span class='ocrx_word' id='word_1_110' title='bbox 46 1414 243 1465; x_wconf 84' lang='lat' dir='ltr'><strong>contingit</strong></span> <span class='ocrx_word' id='word_1_111' title='bbox 276 1413 461 1458; x_wconf 80' lang='lat' dir='ltr'><strong>felicitas,</strong></span> <span class='ocrx_word' id='word_1_112' title='bbox 486 1412 598 1462; x_wconf 87' lang='lat' dir='ltr'><strong>quod</strong></span> <span class='ocrx_word' id='word_1_113' title='bbox 621 1425 702 1449; x_wconf 89' lang='lat' dir='ltr'><strong>non</strong></span> <span class='ocrx_word' id='word_1_114' title='bbox 722 1414 767 1449; x_wconf 88' lang='lat' dir='ltr'><strong>in</strong></span> 
     </span>
     <span class='ocr_line' id='line_1_22' title="bbox 43 1469 766 1523; baseline -0.006 -14"><span class='ocrx_word' id='word_1_115' title='bbox 43 1472 263 1523; x_wconf 85' lang='lat' dir='ltr'>allegoricis</span> <span class='ocrx_word' id='word_1_116' title='bbox 286 1472 464 1522; x_wconf 82' lang='lat' dir='ltr'><strong>personis</strong></span> <span class='ocrx_word' id='word_1_117' title='bbox 498 1471 574 1520; x_wconf 87' lang='lat' dir='ltr'><strong>ipsi</strong></span> <span class='ocrx_word' id='word_1_118' title='bbox 599 1469 674 1506; x_wconf 87' lang='lat' dir='ltr'><strong>fuit</strong></span> <span class='ocrx_word' id='word_1_119' title='bbox 707 1482 766 1506; x_wconf 87' lang='lat' dir='ltr'><strong>ac·</strong></span> 
     </span>
    </p>

    <p class='ocr_par' dir='ltr' id='par_1_8' title="bbox 42 1527 778 2791">
     <span class='ocr_line' id='line_1_23' title="bbox 43 1527 764 1581; baseline -0.006 -14"><span class='ocrx_word' id='word_1_120' title='bbox 43 1527 339 1581; x_wconf 86' lang='lat' dir='ltr'><strong>quiescendum.</strong></span> <span class='ocrx_word' id='word_1_121' title='bbox 367 1531 470 1566; x_wconf 87' lang='lat' dir='ltr'><strong>Sunt</strong></span> <span class='ocrx_word' id='word_1_122' title='bbox 498 1528 604 1564; x_wconf 92' lang='lat' dir='ltr'><strong>enim</strong></span> <span class='ocrx_word' id='word_1_123' title='bbox 634 1528 764 1564; x_wconf 75' lang='lat' dir='ltr'><strong>Fui-ize</strong></span> 
     </span>
     <span class='ocr_line' id='line_1_24' title="bbox 43 1584 764 1638; baseline -0.007 -12"><span class='ocrx_word' id='word_1_124' title='bbox 43 1601 95 1626; x_wconf 83' lang='lat' dir='ltr'><strong>ex</strong></span> <span class='ocrx_word' id='word_1_125' title='bbox 123 1587 281 1638; x_wconf 88' lang='lat' dir='ltr'><strong>poetica</strong></span> <span class='ocrx_word' id='word_1_126' title='bbox 307 1598 351 1622; x_wconf 90' lang='lat' dir='ltr'><strong>ac</strong></span> <span class='ocrx_word' id='word_1_127' title='bbox 381 1585 556 1636; x_wconf 84' lang='lat' dir='ltr'><strong>mythica</strong></span> <span class='ocrx_word' id='word_1_128' title='bbox 582 1584 764 1622; x_wconf 85' lang='lat' dir='ltr'><strong>doctrina</strong></span> 
     </span>
     <span class='ocr_line' id='line_1_25' title="bbox 42 1642 763 1694; baseline -0.003 -13"><span class='ocrx_word' id='word_1_129' title='bbox 42 1657 146 1683; x_wconf 73' lang='lat' dir='ltr'><strong>verae</strong></span> <span class='ocrx_word' id='word_1_130' title='bbox 156 1644 240 1682; x_wconf 78' lang='lat' dir='ltr'><strong>deae</strong></span> <span class='ocrx_word' id='word_1_131' title='bbox 257 1642 365 1694; x_wconf 85' lang='lat' dir='ltr'><strong>apud</strong></span> <span class='ocrx_word' id='word_1_132' title='bbox 379 1643 528 1680; x_wconf 82' lang='lat' dir='ltr'><strong>inferos</strong></span> <span class='ocrx_word' id='word_1_133' title='bbox 540 1643 743 1680; x_wconf 79' lang='lat' dir='ltr'><strong>collocatae</strong></span> <span class='ocrx_word' id='word_1_134' title='bbox 753 1671 763 1688; x_wconf 92' lang='lat'>‚</span> 
     </span>
     <span class='ocr_line' id='line_1_26' title="bbox 44 1701 764 1754; baseline -0.004 -14"><span class='ocrx_word' id='word_1_135' title='bbox 44 1712 90 1740; x_wconf 89' lang='lat' dir='ltr'><strong>ut</strong></span> <span class='ocrx_word' id='word_1_136' title='bbox 110 1715 230 1754; x_wconf 87' lang='lat' dir='ltr'><strong>supra</strong></span> <span class='ocrx_word' id='word_1_137' title='bbox 253 1701 426 1739; x_wconf 83' lang='lat' dir='ltr'><strong>vidimus</strong></span> <span class='ocrx_word' id='word_1_138' title='bbox 448 1703 530 1747; x_wconf 71' lang='lat' dir='ltr'><strong>vt,</strong></span> <span class='ocrx_word' id='word_1_139' title='bbox 559 1702 640 1738; x_wconf 85' lang='lat'><strong>280</strong></span> <span class='ocrx_word' id='word_1_140' title='bbox 654 1729 665 1746; x_wconf 95' lang='lat'>‚</span> <span class='ocrx_word' id='word_1_141' title='bbox 690 1701 764 1738; x_wconf 89' lang='lat' dir='ltr'><strong>im-</strong></span> 
     </span>
     <span class='ocr_line' id='line_1_27' title="bbox 43 1756 762 1798; baseline -0.004 0"><span class='ocrx_word' id='word_1_142' title='bbox 43 1761 170 1798; x_wconf 75' lang='lat' dir='ltr'><strong>missae</strong></span> <span class='ocrx_word' id='word_1_143' title='bbox 195 1761 327 1798; x_wconf 87' lang='lat' dir='ltr'><strong>Oresti</strong></span> <span class='ocrx_word' id='word_1_144' title='bbox 347 1768 386 1797; x_wconf 90' lang='lat' dir='ltr'><strong>et</strong></span> <span class='ocrx_word' id='word_1_145' title='bbox 411 1758 591 1796; x_wconf 82' lang='lat' dir='ltr'>Herculi.</span> <span class='ocrx_word' id='word_1_146' title='bbox 609 1756 762 1796; x_wconf 78' lang='grc' dir='ltr'>Λύσσαν</span> 
     </span>
     <span class='ocr_line' id='line_1_28' title="bbox 44 1816 760 1867; baseline -0.003 -11"><span class='ocrx_word' id='word_1_147' title='bbox 44 1817 208 1856; x_wconf 79' lang='lat' dir='ltr'>Herculi</span> <span class='ocrx_word' id='word_1_148' title='bbox 233 1817 282 1853; x_wconf 89' lang='lat' dir='ltr'><strong>ab</strong></span> <span class='ocrx_word' id='word_1_149' title='bbox 309 1819 392 1867; x_wconf 86' lang='lat' dir='ltr'><strong>ipsa</strong></span> <span class='ocrx_word' id='word_1_150' title='bbox 421 1817 582 1854; x_wconf 88' lang='lat' dir='ltr'><strong>Junoue</strong></span> <span class='ocrx_word' id='word_1_151' title='bbox 602 1825 645 1852; x_wconf 87' lang='lat' dir='ltr'><strong>ut</strong></span> <span class='ocrx_word' id='word_1_152' title='bbox 666 1816 706 1854; x_wconf 91' lang='lat' dir='ltr'><strong>h.</strong></span> <span class='ocrx_word' id='word_1_153' title='bbox 734 1817 760 1854; x_wconf 93' lang='lat' dir='ltr'><strong>l.</strong></span> 
     </span>
     <span class='ocr_line' id='line_1_29' title="bbox 45 1873 764 1922; baseline -0.003 -10"><span class='ocrx_word' id='word_1_154' title='bbox 45 1876 257 1912; x_wconf 84' lang='lat' dir='ltr'><strong>immissam</strong></span> <span class='ocrx_word' id='word_1_155' title='bbox 274 1874 319 1910; x_wconf 84' lang='lat' dir='ltr'><strong>in</strong></span> <span class='ocrx_word' id='word_1_156' title='bbox 334 1885 489 1910; x_wconf 84' lang='lat' dir='ltr'><strong>scenam</strong></span> <span class='ocrx_word' id='word_1_157' title='bbox 502 1873 670 1922; x_wconf 86' lang='lat' dir='ltr'><strong>protulit</strong></span> <span class='ocrx_word' id='word_1_158' title='bbox 685 1875 764 1910; x_wconf 88' lang='lat' dir='ltr'><strong>Eu-</strong></span> 
     </span>
     <span class='ocr_line' id='line_1_30' title="bbox 46 1929 762 1982; baseline -0.004 -12"><span class='ocrx_word' id='word_1_159' title='bbox 46 1932 193 1982; x_wconf 84' lang='lat' dir='ltr'><strong>ripides</strong></span> <span class='ocrx_word' id='word_1_160' title='bbox 222 1931 405 1968; x_wconf 84' lang='lat' dir='ltr'><strong>Herculis</strong></span> <span class='ocrx_word' id='word_1_161' title='bbox 430 1929 507 1966; x_wconf 82' lang='lat' dir='ltr'><strong>fur.</strong></span> <span class='ocrx_word' id='word_1_162' title='bbox 543 1930 623 1966; x_wconf 81' lang='lat'><strong>822</strong></span> <span class='ocrx_word' id='word_1_163' title='bbox 653 1943 762 1980; x_wconf 85' lang='lat' dir='ltr'><strong>seqq.</strong></span> 
     </span>
     <span class='ocr_line' id='line_1_31' title="bbox 45 1986 765 2037; baseline -0.006 -9"><span class='ocrx_word' id='word_1_164' title='bbox 45 1992 232 2029; x_wconf 80' lang='lat' dir='ltr'><strong>Ceterum</strong></span> <span class='ocrx_word' id='word_1_165' title='bbox 258 1989 424 2024; x_wconf 80' lang='lat' dir='ltr'><strong>invento</strong></span> <span class='ocrx_word' id='word_1_166' title='bbox 454 1986 556 2032; x_wconf 84' lang='lat' dir='ltr'><strong>hoc,</strong></span> <span class='ocrx_word' id='word_1_167' title='bbox 591 1988 663 2023; x_wconf 84' lang='lat' dir='ltr'><strong>etsi</strong></span> <span class='ocrx_word' id='word_1_168' title='bbox 694 2000 765 2037; x_wconf 81' lang='lat' dir='ltr'><strong>per</strong></span> 
     </span>
     <span class='ocr_line' id='line_1_32' title="bbox 46 2045 766 2093; baseline -0.004 -9"><span class='ocrx_word' id='word_1_169' title='bbox 46 2062 86 2084; x_wconf 79' lang='lat' dir='ltr'><strong>se</strong></span> <span class='ocrx_word' id='word_1_170' title='bbox 117 2046 211 2084; x_wconf 77' lang='lat' dir='ltr'><strong>exili</strong></span> <span class='ocrx_word' id='word_1_171' title='bbox 241 2054 279 2082; x_wconf 91' lang='lat' dir='ltr'><strong>et</strong></span> <span class='ocrx_word' id='word_1_172' title='bbox 305 2045 464 2093; x_wconf 88' lang='lat' dir='ltr'><strong>jejuno,</strong></span> <span class='ocrx_word' id='word_1_173' title='bbox 493 2045 670 2081; x_wconf 80' lang='lat' dir='ltr'><strong>certatim</strong></span> <span class='ocrx_word' id='word_1_174' title='bbox 705 2046 766 2081; x_wconf 86' lang='lat' dir='ltr'><strong>usi</strong></span> 
     </span>
     <span class='ocr_line' id='line_1_33' title="bbox 47 2101 766 2155; baseline -0.001 -13"><span class='ocrx_word' id='word_1_175' title='bbox 47 2113 141 2142; x_wconf 79' lang='lat' dir='ltr'><strong>sunt</strong></span> <span class='ocrx_word' id='word_1_176' title='bbox 164 2111 290 2155; x_wconf 81' lang='lat' dir='ltr'><strong>poetae</strong></span> <span class='ocrx_word' id='word_1_177' title='bbox 317 2104 529 2152; x_wconf 73' lang='lat' dir='ltr'><strong>sequioreS.</strong></span> <span class='ocrx_word' id='word_1_178' title='bbox 555 2103 619 2138; x_wconf 90' lang='lat' dir='ltr'><strong>Sic</strong></span> <span class='ocrx_word' id='word_1_179' title='bbox 647 2101 766 2141; x_wconf 83' lang='lat' dir='ltr'><strong>Ovid.</strong></span> 
     </span>
     <span class='ocr_line' id='line_1_34' title="bbox 48 2160 767 2210; baseline -0.003 -11"><span class='ocrx_word' id='word_1_180' title='bbox 48 2165 102 2199; x_wconf 79' lang='lat' dir='ltr'><strong>tv</strong></span> <span class='ocrx_word' id='word_1_181' title='bbox 125 2164 223 2200; x_wconf 85' lang='lat' dir='ltr'><strong>Met.</strong></span> <span class='ocrx_word' id='word_1_182' title='bbox 253 2169 333 2205; x_wconf 75' lang='lat'><strong>422</strong></span> <span class='ocrx_word' id='word_1_183' title='bbox 358 2173 443 2210; x_wconf 83' lang='lat' dir='ltr'><strong>sqq.</strong></span> <span class='ocrx_word' id='word_1_184' title='bbox 471 2160 582 2210; x_wconf 89' lang='lat' dir='ltr'><strong>(quo</strong></span> <span class='ocrx_word' id='word_1_185' title='bbox 609 2173 767 2210; x_wconf 88' lang='lat' dir='ltr'><strong>compa-</strong></span> 
     </span>
     <span class='ocr_line' id='line_1_35' title="bbox 49 2218 769 2270; baseline -0.006 -11"><span class='ocrx_word' id='word_1_186' title='bbox 49 2229 135 2258; x_wconf 86' lang='lat' dir='ltr'><strong>rato</strong></span> <span class='ocrx_word' id='word_1_187' title='bbox 171 2218 328 2270; x_wconf 74' lang='lat' dir='ltr'><strong>Virgilii</strong></span> <span class='ocrx_word' id='word_1_188' title='bbox 364 2218 593 2269; x_wconf 85' lang='lat' dir='ltr'><strong>sapientiam</strong></span> <span class='ocrx_word' id='word_1_189' title='bbox 629 2218 769 2255; x_wconf 88' lang='lat' dir='ltr'><strong>intelli-</strong></span> 
     </span>
     <span class='ocr_line' id='line_1_36' title="bbox 49 2275 768 2330; baseline -0.003 -15"><span class='ocrx_word' id='word_1_190' title='bbox 49 2290 139 2330; x_wconf 82' lang='lat' dir='ltr'><strong>gas;</strong></span> <span class='ocrx_word' id='word_1_191' title='bbox 175 2290 267 2314; x_wconf 89' lang='lat' dir='ltr'><strong>nam</strong></span> <span class='ocrx_word' id='word_1_192' title='bbox 304 2275 369 2312; x_wconf 87' lang='lat' dir='ltr'><strong>hic</strong></span> <span class='ocrx_word' id='word_1_193' title='bbox 403 2288 536 2313; x_wconf 87' lang='lat' dir='ltr'><strong>rernm</strong></span> <span class='ocrx_word' id='word_1_194' title='bbox 575 2288 768 2313; x_wconf 87' lang='lat' dir='ltr'><strong>summam</strong></span> 
     </span>
     <span class='ocr_line' id='line_1_37' title="bbox 50 2334 767 2387; baseline -0.004 -14"><span class='ocrx_word' id='word_1_195' title='bbox 50 2336 235 2387; x_wconf 82' lang='lat' dir='ltr'><strong>persequi</strong></span> <span class='ocrx_word' id='word_1_196' title='bbox 247 2342 458 2372; x_wconf 73' lang='lat' dir='ltr'><strong>con-:entus</strong></span> <span class='ocrx_word' id='word_1_197' title='bbox 470 2343 607 2377; x_wconf 78' lang='lat' dir='ltr'><strong>terras,</strong></span> <span class='ocrx_word' id='word_1_198' title='bbox 623 2334 767 2384; x_wconf 90' lang='lat' dir='ltr'><strong>inquit,</strong></span> 
     </span>
     <span class='ocr_line' id='line_1_38' title="bbox 46 2390 769 2444; baseline -0.004 -13"><span class='ocrx_word' id='word_1_199' title='bbox 46 2392 188 2444; x_wconf 77' lang='lat' dir='ltr'><strong>petivit</strong></span> <span class='ocrx_word' id='word_1_200' title='bbox 204 2401 243 2430; x_wconf 91' lang='lat' dir='ltr'><strong>et</strong></span> <span class='ocrx_word' id='word_1_201' title='bbox 261 2392 337 2429; x_wconf 82' lang='lat' dir='ltr'><strong>ciet</strong></span> <span class='ocrx_word' id='word_1_202' title='bbox 349 2406 365 2436; x_wconf 90' lang='lat'><em>;</em></span> <span class='ocrx_word' id='word_1_203' title='bbox 384 2400 422 2429; x_wconf 88' lang='lat' dir='ltr'><strong>at</strong></span> <span class='ocrx_word' id='word_1_204' title='bbox 439 2390 547 2442; x_wconf 88' lang='lat' dir='ltr'><strong>apud</strong></span> <span class='ocrx_word' id='word_1_205' title='bbox 570 2391 682 2428; x_wconf 86' lang='lat' dir='ltr'><strong>illum</strong></span> <span class='ocrx_word' id='word_1_206' title='bbox 710 2394 769 2443; x_wconf 88' lang='lat' dir='ltr'><strong>ip-</strong></span> 
     </span>
     <span class='ocr_line' id='line_1_39' title="bbox 50 2448 770 2490; baseline -0.003 -1"><span class='ocrx_word' id='word_1_207' title='bbox 50 2464 93 2489; x_wconf 69' lang='lat' dir='ltr'><strong>sa</strong></span> <span class='ocrx_word' id='word_1_208' title='bbox 123 2452 236 2490; x_wconf 86' lang='lat' dir='ltr'><strong>Jnno</strong></span> <span class='ocrx_word' id='word_1_209' title='bbox 259 2449 462 2487; x_wconf 86' lang='lat' dir='ltr'><strong>descendit</strong></span> <span class='ocrx_word' id='word_1_210' title='bbox 486 2448 535 2485; x_wconf 92' lang='lat' dir='ltr'><strong>ad</strong></span> <span class='ocrx_word' id='word_1_211' title='bbox 554 2448 701 2486; x_wconf 84' lang='lat' dir='ltr'><strong>inferos</strong></span> <span class='ocrx_word' id='word_1_212' title='bbox 731 2459 770 2487; x_wconf 91' lang='lat' dir='ltr'><strong>et</strong></span> 
     </span>
     <span class='ocr_line' id='line_1_40' title="bbox 52 2506 770 2554; baseline -0.003 -7"><span class='ocrx_word' id='word_1_213' title='bbox 52 2517 191 2547; x_wconf 80' lang='lat' dir='ltr'><strong>evocat</strong></span> <span class='ocrx_word' id='word_1_214' title='bbox 202 2509 353 2554; x_wconf 85' lang='lat' dir='ltr'><strong>Furias,</strong></span> <span class='ocrx_word' id='word_1_215' title='bbox 363 2517 409 2545; x_wconf 90' lang='lat' dir='ltr'><strong>nt</strong></span> <span class='ocrx_word' id='word_1_216' title='bbox 427 2506 706 2545; x_wconf 82' lang='lat' dir='ltr'><strong>Athamantem</strong></span> <span class='ocrx_word' id='word_1_217' title='bbox 727 2508 770 2545; x_wconf 89' lang='lat' dir='ltr'><strong>in</strong></span> 
     </span>
     <span class='ocr_line' id='line_1_41' title="bbox 54 2565 772 2616; baseline -0.003 -12"><span class='ocrx_word' id='word_1_218' title='bbox 54 2565 229 2605; x_wconf 70' lang='lat' dir='ltr'><strong>furorem</strong></span> <span class='ocrx_word' id='word_1_219' title='bbox 245 2565 489 2616; x_wconf 88' lang='lat' dir='ltr'><strong>conjiciant),</strong></span> <span class='ocrx_word' id='word_1_220' title='bbox 502 2567 596 2604; x_wconf 85' lang='lat' dir='ltr'><strong>Stat.</strong></span> <span class='ocrx_word' id='word_1_221' title='bbox 617 2565 772 2604; x_wconf 89' lang='lat' dir='ltr'><strong>ITheb.</strong></span> 
     </span>
     <span class='ocr_line' id='line_1_42' title="bbox 57 2623 776 2676; baseline 0 -16"><span class='ocrx_word' id='word_1_222' title='bbox 57 2623 110 2661; x_wconf 82' lang='lat'><strong>88</strong></span> <span class='ocrx_word' id='word_1_223' title='bbox 129 2636 215 2676; x_wconf 78' lang='lat' dir='ltr'><strong>sqq.</strong></span> <span class='ocrx_word' id='word_1_224' title='bbox 232 2624 352 2664; x_wconf 84' lang='lat' dir='ltr'><strong>Silius</strong></span> <span class='ocrx_word' id='word_1_225' title='bbox 368 2625 434 2670; x_wconf 90' lang='lat'><strong>11,</strong></span> <span class='ocrx_word' id='word_1_226' title='bbox 456 2623 539 2662; x_wconf 83' lang='lat'><strong>526</strong></span> <span class='ocrx_word' id='word_1_227' title='bbox 561 2636 647 2674; x_wconf 89' lang='lat' dir='ltr'><strong>sqq.</strong></span> <span class='ocrx_word' id='word_1_228' title='bbox 665 2625 776 2662; x_wconf 88' lang='lat' dir='ltr'><strong>Non-</strong></span> 
     </span>
     <span class='ocr_line' id='line_1_43' title="bbox 60 2680 778 2729; baseline 0.003 -12"><span class='ocrx_word' id='word_1_229' title='bbox 60 2692 157 2719; x_wconf 82' lang='lat' dir='ltr'><strong>num</strong></span> <span class='ocrx_word' id='word_1_230' title='bbox 191 2681 265 2722; x_wconf 88' lang='lat' dir='ltr'><strong>lib.</strong></span> <span class='ocrx_word' id='word_1_231' title='bbox 294 2683 460 2729; x_wconf 87' lang='lat' dir='ltr'>XXXI,</span> <span class='ocrx_word' id='word_1_232' title='bbox 496 2680 700 2720; x_wconf 82' lang='lat' dir='ltr'><strong>Claudian.</strong></span> <span class='ocrx_word' id='word_1_233' title='bbox 735 2682 778 2719; x_wconf 88' lang='lat' dir='ltr'><strong>in</strong></span> 
     </span>
     <span class='ocr_line' id='line_1_44' title="bbox 59 2735 775 2791; baseline 0 -14"><span class='ocrx_word' id='word_1_234' title='bbox 59 2735 196 2778; x_wconf 71' lang='lat' dir='ltr'><strong>Rufina.</strong></span> <span class='ocrx_word' id='word_1_235' title='bbox 221 2741 240 2777; x_wconf 91' lang='lat'>1</span> <span class='ocrx_word' id='word_1_236' title='bbox 253 2766 265 2786; x_wconf 94' lang='lat'>,</span> <span class='ocrx_word' id='word_1_237' title='bbox 292 2739 345 2777; x_wconf 83' lang='lat'><strong>25</strong></span> <span class='ocrx_word' id='word_1_238' title='bbox 363 2753 447 2791; x_wconf 87' lang='lat' dir='ltr'><strong>sqq.</strong></span> <span class='ocrx_word' id='word_1_239' title='bbox 469 2741 616 2779; x_wconf 77' lang='lat' dir='ltr'><strong>excitat</strong></span> <span class='ocrx_word' id='word_1_240' title='bbox 636 2739 775 2779; x_wconf 88' lang='lat' dir='ltr'><strong>Cerda.</strong></span> 
     </span>
    </p>
   </div>
   <div class='ocr_carea' id='block_1_5' title="bbox 230 2818 319 2864">
    <p class='ocr_par' dir='ltr' id='par_1_9' title="bbox 230 2818 319 2864">
     <span class='ocr_line' id='line_1_45' title="bbox 230 2818 319 2864; baseline 0.022 -2"><span class='ocrx_word' id='word_1_241' title='bbox 230 2818 319 2864; x_wconf 90' lang='lat'><strong>111.</strong></span> 
     </span>
    </p>
   </div>
   <div class='ocr_carea' id='block_1_6' title="bbox 830 661 1561 2794">
    <p class='ocr_par' dir='ltr' id='par_1_10' title="bbox 833 661 1561 1176">
     <span class='ocr_line' id='line_1_46' title="bbox 839 661 1561 701; baseline 0 -1"><span class='ocrx_word' id='word_1_242' title='bbox 839 665 991 701; x_wconf 88' lang='lat' dir='ltr'><strong>Partem</strong></span> <span class='ocrx_word' id='word_1_243' title='bbox 1004 663 1082 700; x_wconf 92' lang='lat' dir='ltr'><strong>loci</strong></span> <span class='ocrx_word' id='word_1_244' title='bbox 1094 663 1136 699; x_wconf 92' lang='lat' dir='ltr'><strong>in</strong></span> <span class='ocrx_word' id='word_1_245' title='bbox 1149 662 1230 699; x_wconf 92' lang='lat' dir='ltr'><strong>Laii</strong></span> <span class='ocrx_word' id='word_1_246' title='bbox 1244 661 1425 700; x_wconf 89' lang='lat' dir='ltr'><strong>umbram</strong></span> <span class='ocrx_word' id='word_1_247' title='bbox 1440 673 1561 701; x_wconf 80' lang='lat' dir='ltr'><strong>trans-</strong></span> 
     </span>
     <span class='ocr_line' id='line_1_47' title="bbox 839 719 1558 773; baseline 0.003 -15"><span class='ocrx_word' id='word_1_248' title='bbox 839 720 930 758; x_wconf 80' lang='lat' dir='ltr'><strong>tulit</strong></span> <span class='ocrx_word' id='word_1_249' title='bbox 959 722 1105 758; x_wconf 82' lang='lat' dir='ltr'><strong>Statius</strong></span> <span class='ocrx_word' id='word_1_250' title='bbox 1130 719 1257 758; x_wconf 87' lang='lat' dir='ltr'><strong>Theb.</strong></span> <span class='ocrx_word' id='word_1_251' title='bbox 1284 722 1347 766; x_wconf 91' lang='lat'><strong>11,</strong></span> <span class='ocrx_word' id='word_1_252' title='bbox 1369 728 1424 770; x_wconf 69' lang='grc'><strong>94</strong></span> <span class='ocrx_word' id='word_1_253' title='bbox 1449 734 1558 773; x_wconf 86' lang='lat' dir='ltr'><strong>seqq.</strong></span> 
     </span>
     <span class='ocr_line' id='line_1_48' title="bbox 837 778 1558 830; baseline 0 -12"><span class='ocrx_word' id='word_1_254' title='bbox 837 779 994 818; x_wconf 88' lang='lat' dir='ltr'><strong>Semina</strong></span> <span class='ocrx_word' id='word_1_255' title='bbox 1013 780 1140 830; x_wconf 88' lang='lat' dir='ltr'><strong>prima</strong></span> <span class='ocrx_word' id='word_1_256' title='bbox 1163 779 1221 815; x_wconf 91' lang='lat' dir='ltr'><strong>rei</strong></span> <span class='ocrx_word' id='word_1_257' title='bbox 1240 786 1333 815; x_wconf 88' lang='lat' dir='ltr'><strong>sunt</strong></span> <span class='ocrx_word' id='word_1_258' title='bbox 1351 778 1456 829; x_wconf 88' lang='lat' dir='ltr'><strong>apud</strong></span> <span class='ocrx_word' id='word_1_259' title='bbox 1476 782 1558 818; x_wconf 86' lang='lat' dir='ltr'><strong>Ho-</strong></span> 
     </span>
     <span class='ocr_line' id='line_1_49' title="bbox 837 836 1556 884; baseline 0.001 -11"><span class='ocrx_word' id='word_1_260' title='bbox 837 849 934 874; x_wconf 87' lang='lat' dir='ltr'><strong>mer.</strong></span> <span class='ocrx_word' id='word_1_261' title='bbox 969 836 1080 874; x_wconf 86' lang='lat' dir='ltr'><strong>Iliad.</strong></span> <span class='ocrx_word' id='word_1_262' title='bbox 1112 850 1145 882; x_wconf 87' lang='grc' dir='ltr'><strong>ι,</strong></span> <span class='ocrx_word' id='word_1_263' title='bbox 1179 837 1283 881; x_wconf 87' lang='grc'><strong><em>565,</em></strong></span> <span class='ocrx_word' id='word_1_264' title='bbox 1316 836 1422 883; x_wconf 82' lang='lat'><strong>567,</strong></span> <span class='ocrx_word' id='word_1_265' title='bbox 1450 838 1556 884; x_wconf 82' lang='lat'>568;</span> 
     </span>
     <span class='ocr_line' id='line_1_50' title="bbox 837 895 1557 933; baseline 0.003 -2"><span class='ocrx_word' id='word_1_266' title='bbox 837 895 879 931; x_wconf 86' lang='lat' dir='ltr'><strong>in</strong></span> <span class='ocrx_word' id='word_1_267' title='bbox 908 896 1047 932; x_wconf 88' lang='lat' dir='ltr'><strong>ceteris</strong></span> <span class='ocrx_word' id='word_1_268' title='bbox 1074 896 1160 933; x_wconf 83' lang='lat' dir='ltr'><strong>Eris</strong></span> <span class='ocrx_word' id='word_1_269' title='bbox 1192 896 1402 932; x_wconf 85' lang='lat' dir='ltr'><strong>Homerica</strong></span> <span class='ocrx_word' id='word_1_270' title='bbox 1423 908 1557 933; x_wconf 81' lang='lat' dir='ltr'><strong>exem-</strong></span> 
     </span>
     <span class='ocr_line' id='line_1_51' title="bbox 837 953 1556 1004; baseline 0.001 -15"><span class='ocrx_word' id='word_1_271' title='bbox 837 953 906 1002; x_wconf 86' lang='lat' dir='ltr'><strong>plo</strong></span> <span class='ocrx_word' id='word_1_272' title='bbox 929 966 1010 990; x_wconf 88' lang='lat' dir='ltr'><strong>esse</strong></span> <span class='ocrx_word' id='word_1_273' title='bbox 1022 953 1445 1004; x_wconf 84' lang='lat' dir='ltr'><strong>potuit.·-Horrenda</strong></span> <span class='ocrx_word' id='word_1_274' title='bbox 1458 981 1470 997; x_wconf 92' lang='lat'><strong><em>,</em></strong></span> <span class='ocrx_word' id='word_1_275' title='bbox 1487 964 1533 990; x_wconf 88' lang='lat' dir='ltr'><strong>ut</strong></span> <span class='ocrx_word' id='word_1_276' title='bbox 1545 982 1556 996; x_wconf 89' lang='lat'><strong>‚</strong></span> 
     </span>
     <span class='ocr_line' id='line_1_52' title="bbox 833 1011 1557 1061; baseline 0.003 -15"><span class='ocrx_word' id='word_1_277' title='bbox 833 1023 961 1055; x_wconf 78' lang='lat' dir='ltr'><strong>sceva,</strong></span> <span class='ocrx_word' id='word_1_278' title='bbox 996 1023 1070 1061; x_wconf 90' lang='lat' dir='ltr'><strong>pro</strong></span> <span class='ocrx_word' id='word_1_279' title='bbox 1105 1011 1217 1049; x_wconf 85' lang='lat' dir='ltr'><strong>irata.</strong></span> <span class='ocrx_word' id='word_1_280' title='bbox 1239 1033 1297 1039; x_wconf 88' lang='lat'><strong>—-</strong></span> <span class='ocrx_word' id='word_1_281' title='bbox 1322 1012 1426 1057; x_wconf 68' lang='lat'><strong>327,</strong></span> <span class='ocrx_word' id='word_1_282' title='bbox 1460 1011 1557 1048; x_wconf 84' lang='lat'><strong>328.</strong></span> 
     </span>
     <span class='ocr_line' id='line_1_53' title="bbox 834 1068 1558 1119; baseline 0.001 -14"><span class='ocrx_word' id='word_1_283' title='bbox 834 1068 964 1106; x_wconf 87' lang='lat' dir='ltr'><strong>Habes</strong></span> <span class='ocrx_word' id='word_1_284' title='bbox 988 1069 1129 1105; x_wconf 87' lang='lat' dir='ltr'><strong>similia</strong></span> <span class='ocrx_word' id='word_1_285' title='bbox 1149 1068 1325 1119; x_wconf 80' lang='lat' dir='ltr'><strong>AEschyli</strong></span> <span class='ocrx_word' id='word_1_286' title='bbox 1343 1068 1463 1105; x_wconf 86' lang='lat' dir='ltr'><strong>verba</strong></span> <span class='ocrx_word' id='word_1_287' title='bbox 1481 1070 1558 1106; x_wconf 86' lang='lat' dir='ltr'><strong>Eu-</strong></span> 
     </span>
     <span class='ocr_line' id='line_1_54' title="bbox 835 1125 1557 1176; baseline 0 -13"><span class='ocrx_word' id='word_1_288' title='bbox 835 1139 939 1164; x_wconf 91' lang='lat' dir='ltr'><strong>men.</strong></span> <span class='ocrx_word' id='word_1_289' title='bbox 963 1126 1043 1175; x_wconf 86' lang='lat'><strong>69,</strong></span> <span class='ocrx_word' id='word_1_290' title='bbox 1068 1138 1141 1173; x_wconf 75' lang='lat'><strong>70,</strong></span> <span class='ocrx_word' id='word_1_291' title='bbox 1167 1125 1238 1162; x_wconf 87' lang='lat' dir='ltr'><strong>ubi</strong></span> <span class='ocrx_word' id='word_1_292' title='bbox 1257 1134 1346 1176; x_wconf 88' lang='lat' dir='ltr'><strong>post</strong></span> <span class='ocrx_word' id='word_1_293' title='bbox 1376 1126 1447 1163; x_wconf 88' lang='lat' dir='ltr'><strong>alia</strong></span> <span class='ocrx_word' id='word_1_294' title='bbox 1473 1135 1557 1164; x_wconf 84' lang='lat' dir='ltr'><strong>tan-</strong></span> 
     </span>
    </p>

    <p class='ocr_par' dir='ltr' id='par_1_11' title="bbox 835 1179 1555 1278">
     <span class='ocr_line' id='line_1_55' title="bbox 835 1179 1555 1240; baseline -0.001 -20"><span class='ocrx_word' id='word_1_295' title='bbox 835 1183 924 1220; x_wconf 88' lang='lat' dir='ltr'><strong>dem</strong></span> <span class='ocrx_word' id='word_1_296' title='bbox 945 1183 993 1220; x_wconf 91' lang='lat' dir='ltr'><strong>de</strong></span> <span class='ocrx_word' id='word_1_297' title='bbox 1012 1184 1163 1240; x_wconf 71' lang='lat' dir='ltr'><strong>Furiis:</strong></span> <span class='ocrx_word' id='word_1_298' title='bbox 1183 1186 1235 1220; x_wconf 84' lang='lat' dir='ltr'><strong>M-</strong></span> <span class='ocrx_word' id='word_1_299' title='bbox 1230 1183 1384 1235; x_wconf 60' lang='grc' dir='ltr'><strong>’.αἵματ’</strong></span> <span class='ocrx_word' id='word_1_300' title='bbox 1405 1179 1499 1236; x_wconf 63' lang='grc' dir='ltr'><strong>ὰνὸρ</strong></span> <span class='ocrx_word' id='word_1_301' title='bbox 1483 1197 1555 1221; x_wconf 72' lang='grc' dir='ltr'><strong>ωι</strong></span> 
     </span>
     <span class='ocr_line' id='line_1_56' title="bbox 835 1232 1554 1293; baseline 0 -16"><span class='ocrx_word' id='word_1_302' title='bbox 835 1238 902 1278; x_wconf 56' lang='grc' dir='ltr'><strong>καὶ</strong></span> <span class='ocrx_word' id='word_1_303' title='bbox 930 1241 968 1278; x_wconf 70' lang='grc' dir='ltr'><strong>ΘΞ</strong></span> <span class='ocrx_word' id='word_1_304' title='bbox 956 1245 1022 1278; x_wconf 69' lang='lat' dir='ltr'><strong>-Gn</strong></span> <span class='ocrx_word' id='word_1_305' title='bbox 1049 1232 1191 1293; x_wconf 74' lang='grc' dir='ltr'>Ολυμπ</span> <span class='ocrx_word' id='word_1_306' title='bbox 1197 1238 1276 1278; x_wconf 76' lang='lat' dir='ltr'><strong>ime.</strong></span> <span class='ocrx_word' id='word_1_307' title='bbox 1309 1241 1361 1278; x_wconf 86' lang='lat' dir='ltr'><strong>cf.</strong></span> <span class='ocrx_word' id='word_1_308' title='bbox 1392 1241 1490 1279; x_wconf 87' lang='lat' dir='ltr'><strong>ibid.</strong></span> <span class='ocrx_word' id='word_1_309' title='bbox 1518 1256 1554 1279; x_wconf 62' lang='grc' dir='ltr'><strong>ι.</strong></span> 
     </span>
    </p>

    <p class='ocr_par' dir='ltr' id='par_1_12' title="bbox 833 1298 1558 1463">
     <span class='ocr_line' id='line_1_57' title="bbox 840 1298 1557 1352; baseline 0.001 -17"><span class='ocrx_word' id='word_1_310' title='bbox 840 1311 918 1347; x_wconf 85' lang='lat'><strong>190</strong></span> <span class='ocrx_word' id='word_1_311' title='bbox 938 1312 1023 1348; x_wconf 90' lang='lat' dir='ltr'><strong>sqq.</strong></span> <span class='ocrx_word' id='word_1_312' title='bbox 1045 1306 1205 1343; x_wconf 78' lang='lat' dir='ltr'><strong>et414‚</strong></span> <span class='ocrx_word' id='word_1_313' title='bbox 1229 1299 1324 1352; x_wconf 77' lang='lat'><strong>415.</strong></span> <span class='ocrx_word' id='word_1_314' title='bbox 1347 1298 1422 1336; x_wconf 92' lang='lat' dir='ltr'><strong>Sed</strong></span> <span class='ocrx_word' id='word_1_315' title='bbox 1440 1301 1557 1336; x_wconf 88' lang='lat' dir='ltr'><strong>Maro</strong></span> 
     </span>
     <span class='ocr_line' id='line_1_58' title="bbox 834 1355 1558 1393; baseline 0.001 -1"><span class='ocrx_word' id='word_1_316' title='bbox 834 1356 976 1393; x_wconf 86' lang='lat' dir='ltr'><strong>Alecto</strong></span> <span class='ocrx_word' id='word_1_317' title='bbox 995 1355 1044 1392; x_wconf 88' lang='lat' dir='ltr'><strong>ad</strong></span> <span class='ocrx_word' id='word_1_318' title='bbox 1057 1357 1197 1393; x_wconf 88' lang='lat' dir='ltr'><strong>Martis</strong></span> <span class='ocrx_word' id='word_1_319' title='bbox 1209 1357 1414 1393; x_wconf 88' lang='lat' dir='ltr'><strong>Homerici</strong></span> <span class='ocrx_word' id='word_1_320' title='bbox 1426 1369 1558 1393; x_wconf 76' lang='lat' dir='ltr'><strong>exem-</strong></span> 
     </span>
     <span class='ocr_line' id='line_1_59' title="bbox 833 1412 1555 1463; baseline 0.001 -14"><span class='ocrx_word' id='word_1_321' title='bbox 833 1413 946 1463; x_wconf 90' lang='lat' dir='ltr'><strong>plum</strong></span> <span class='ocrx_word' id='word_1_322' title='bbox 966 1413 1218 1450; x_wconf 84' lang='lat' dir='ltr'><strong>adumbrasse</strong></span> <span class='ocrx_word' id='word_1_323' title='bbox 1239 1412 1423 1459; x_wconf 80' lang='lat' dir='ltr'><strong>videtur,</strong></span> <span class='ocrx_word' id='word_1_324' title='bbox 1442 1414 1555 1451; x_wconf 89' lang='lat' dir='ltr'><strong>Iliad.</strong></span> 
     </span>
    </p>

    <p class='ocr_par' dir='ltr' id='par_1_13' title="bbox 832 1462 1556 1577">
     <span class='ocr_line' id='line_1_60' title="bbox 835 1462 1556 1531; baseline 0.004 -25"><span class='ocrx_word' id='word_1_325' title='bbox 835 1483 874 1515; x_wconf 84' lang='grc' dir='ltr'><strong>ε,</strong></span> <span class='ocrx_word' id='word_1_326' title='bbox 903 1471 984 1520; x_wconf 83' lang='grc'><strong>890</strong></span> <span class='ocrx_word' id='word_1_327' title='bbox 1014 1483 1079 1531; x_wconf 89' lang='lat' dir='ltr'><strong>sq.</strong></span> <span class='ocrx_word' id='word_1_328' title='bbox 1107 1462 1201 1520; x_wconf 68' lang='grc' dir='ltr'><strong>Εγθ.</strong></span> <span class='ocrx_word' id='word_1_329' title='bbox 1204 1483 1268 1508; x_wconf 61' lang='grc' dir='ltr'><strong>στα</strong></span> <span class='ocrx_word' id='word_1_330' title='bbox 1274 1465 1359 1514; x_wconf 70' lang='grc' dir='ltr'><strong>ς.δὲ</strong></span> <span class='ocrx_word' id='word_1_331' title='bbox 1390 1483 1436 1508; x_wconf 67' lang='lat' dir='ltr'><strong>u:</strong></span> <span class='ocrx_word' id='word_1_332' title='bbox 1478 1471 1556 1509; x_wconf 72' lang='grc' dir='ltr'><strong>ἐσσὶ</strong></span> 
     </span>
     <span class='ocr_line' id='line_1_61' title="bbox 832 1518 1557 1578; baseline 0.003 -14"><span class='ocrx_word' id='word_1_333' title='bbox 832 1528 871 1564; x_wconf 84' lang='grc' dir='ltr'><strong>θε</strong></span> <span class='ocrx_word' id='word_1_334' title='bbox 855 1531 950 1573; x_wconf 65' lang='grc' dir='ltr'><strong>ιῶν,</strong></span> <span class='ocrx_word' id='word_1_335' title='bbox 991 1526 1025 1566; x_wconf 77' lang='grc' dir='ltr'><strong>οἳ</strong></span> <span class='ocrx_word' id='word_1_336' title='bbox 1053 1518 1237 1566; x_wconf 66' lang='grc' dir='ltr'>Οὶυαπον</span> <span class='ocrx_word' id='word_1_337' title='bbox 1276 1527 1339 1578; x_wconf 74' lang='grc' dir='ltr'><strong>ἔγς</strong></span> <span class='ocrx_word' id='word_1_338' title='bbox 1328 1541 1438 1566; x_wconf 64' lang='lat' dir='ltr'><strong>uoto·</strong></span> <span class='ocrx_word' id='word_1_339' title='bbox 1474 1527 1557 1567; x_wconf 53' lang='lat' dir='ltr'><strong>Aia&amp;</strong></span> 
     </span>
    </p>

    <p class='ocr_par' dir='ltr' id='par_1_14' title="bbox 830 1582 1556 1693">
     <span class='ocr_line' id='line_1_62' title="bbox 830 1582 1556 1640; baseline 0.003 -18"><span class='ocrx_word' id='word_1_340' title='bbox 830 1582 1033 1640; x_wconf 69' lang='grc' dir='ltr'><strong>γὰρτοιε</strong></span> <span class='ocrx_word' id='word_1_341' title='bbox 1075 1598 1468 1639; x_wconf 52' lang='lat' dir='ltr'><strong>‘otim-tu</strong></span> <span class='ocrx_word' id='word_1_342' title='bbox 1463 1600 1556 1631; x_wconf 76' lang='grc' dir='ltr'>.·.·ε,</span> 
     </span>
     <span class='ocr_line' id='line_1_63' title="bbox 832 1645 1555 1696; baseline 0.004 -16"><span class='ocrx_word' id='word_1_343' title='bbox 832 1656 1006 1696; x_wconf 58' lang='lat' dir='ltr'><strong>unqu?</strong></span> <span class='ocrx_word' id='word_1_344' title='bbox 1041 1645 1146 1689; x_wconf 84' lang='lat' dir='ltr'><strong>;etsi</strong></span> <span class='ocrx_word' id='word_1_345' title='bbox 1171 1657 1255 1681; x_wconf 89' lang='lat' dir='ltr'><strong>rem</strong></span> <span class='ocrx_word' id='word_1_346' title='bbox 1285 1646 1448 1682; x_wconf 50' lang='lat' dir='ltr'><strong>vrniavit</strong></span> <span class='ocrx_word' id='word_1_347' title='bbox 1472 1645 1555 1683; x_wconf 88' lang='lat' dir='ltr'><strong>feli-</strong></span> 
     </span>
    </p>

    <p class='ocr_par' dir='ltr' id='par_1_15' title="bbox 830 1657 1559 2794">
     <span class='ocr_line' id='line_1_64' title="bbox 831 1657 1558 1752; baseline 0.003 -14"><span class='ocrx_word' id='word_1_348' title='bbox 831 1703 942 1739; x_wconf 89' lang='lat' dir='ltr'><strong>citer.</strong></span> <span class='ocrx_word' id='word_1_349' title='bbox 947 1657 1057 1752; x_wconf 87' lang='lat' dir='ltr'><strong>Quid</strong></span> <span class='ocrx_word' id='word_1_350' title='bbox 1066 1704 1172 1739; x_wconf 89' lang='lat' dir='ltr'><strong>enim</strong></span> <span class='ocrx_word' id='word_1_351' title='bbox 1182 1704 1211 1740; x_wconf 92' lang='lat' dir='ltr'>F</span> <span class='ocrx_word' id='word_1_352' title='bbox 1215 1715 1312 1739; x_wconf 82' lang='lat' dir='ltr'><strong>uriae</strong></span> <span class='ocrx_word' id='word_1_353' title='bbox 1320 1702 1458 1740; x_wconf 80' lang='lat' dir='ltr'><strong>faciem</strong></span> <span class='ocrx_word' id='word_1_354' title='bbox 1469 1703 1558 1741; x_wconf 89' lang='lat' dir='ltr'><strong>hor-</strong></span> 
     </span>
     <span class='ocr_line' id='line_1_65' title="bbox 830 1759 1557 1811; baseline 0 -15"><span class='ocrx_word' id='word_1_355' title='bbox 830 1759 988 1796; x_wconf 83' lang='lat' dir='ltr'><strong>ribilem</strong></span> <span class='ocrx_word' id='word_1_356' title='bbox 1012 1769 1050 1797; x_wconf 91' lang='lat' dir='ltr'><strong>et</strong></span> <span class='ocrx_word' id='word_1_357' title='bbox 1070 1759 1378 1797; x_wconf 89' lang='lat' dir='ltr'><strong>abominandam</strong></span> <span class='ocrx_word' id='word_1_358' title='bbox 1396 1763 1557 1811; x_wconf 72' lang='lat' dir='ltr'><strong>gravius</strong></span> 
     </span>
     <span class='ocr_line' id='line_1_66' title="bbox 830 1817 1554 1868; baseline 0.003 -15"><span class='ocrx_word' id='word_1_359' title='bbox 830 1817 1028 1854; x_wconf 90' lang='lat' dir='ltr'><strong>declarare</strong></span> <span class='ocrx_word' id='word_1_360' title='bbox 1057 1819 1198 1867; x_wconf 88' lang='lat' dir='ltr'><strong>possit,</strong></span> <span class='ocrx_word' id='word_1_361' title='bbox 1228 1830 1344 1867; x_wconf 84' lang='lat' dir='ltr'><strong>quam</strong></span> <span class='ocrx_word' id='word_1_362' title='bbox 1359 1847 1369 1862; x_wconf 90' lang='lat'>‚</span> <span class='ocrx_word' id='word_1_363' title='bbox 1391 1818 1466 1867; x_wconf 87' lang='lat' dir='ltr'><strong>ipsi</strong></span> <span class='ocrx_word' id='word_1_364' title='bbox 1485 1831 1554 1868; x_wconf 85' lang='lat' dir='ltr'><strong>pa-</strong></span> 
     </span>
     <span class='ocr_line' id='line_1_67' title="bbox 831 1874 1555 1924; baseline 0.004 -14"><span class='ocrx_word' id='word_1_365' title='bbox 831 1876 881 1911; x_wconf 88' lang='lat' dir='ltr'><strong>tri</strong></span> <span class='ocrx_word' id='word_1_366' title='bbox 904 1874 1078 1924; x_wconf 86' lang='lat' dir='ltr'><strong>ipsisque</strong></span> <span class='ocrx_word' id='word_1_367' title='bbox 1098 1874 1303 1912; x_wconf 88' lang='lat' dir='ltr'><strong>sororibus</strong></span> <span class='ocrx_word' id='word_1_368' title='bbox 1323 1888 1406 1912; x_wconf 89' lang='lat' dir='ltr'><strong>eam</strong></span> <span class='ocrx_word' id='word_1_369' title='bbox 1431 1875 1555 1913; x_wconf 77' lang='lat' dir='ltr'><strong>detes-</strong></span> 
     </span>
     <span class='ocr_line' id='line_1_68' title="bbox 830 1931 1557 1971; baseline 0.006 -4"><span class='ocrx_word' id='word_1_370' title='bbox 830 1931 989 1968; x_wconf 88' lang='lat' dir='ltr'><strong>tabilem</strong></span> <span class='ocrx_word' id='word_1_371' title='bbox 1008 1931 1173 1969; x_wconf 79' lang='lat' dir='ltr'><strong>haberi?</strong></span> <span class='ocrx_word' id='word_1_372' title='bbox 1192 1931 1267 1970; x_wconf 86' lang='lat' dir='ltr'><strong>Sed</strong></span> <span class='ocrx_word' id='word_1_373' title='bbox 1297 1941 1336 1969; x_wconf 90' lang='lat' dir='ltr'><strong>et</strong></span> <span class='ocrx_word' id='word_1_374' title='bbox 1356 1933 1488 1969; x_wconf 89' lang='lat' dir='ltr'><strong>locum</strong></span> <span class='ocrx_word' id='word_1_375' title='bbox 1512 1936 1557 1971; x_wconf 87' lang='lat' dir='ltr'><strong>in</strong></span> 
     </span>
     <span class='ocr_line' id='line_1_69' title="bbox 831 1988 1554 2037; baseline 0.003 -11"><span class='ocrx_word' id='word_1_376' title='bbox 831 1990 962 2026; x_wconf 91' lang='lat' dir='ltr'><strong>Ennio</strong></span> <span class='ocrx_word' id='word_1_377' title='bbox 973 1988 1091 2025; x_wconf 80' lang='lat' dir='ltr'><strong>fuisse</strong></span> <span class='ocrx_word' id='word_1_378' title='bbox 1102 1991 1319 2037; x_wconf 85' lang='lat' dir='ltr'><strong>conjectare</strong></span> <span class='ocrx_word' id='word_1_379' title='bbox 1331 1990 1424 2027; x_wconf 88' lang='lat' dir='ltr'><strong>licet</strong></span> <span class='ocrx_word' id='word_1_380' title='bbox 1435 2018 1445 2035; x_wconf 95' lang='lat'><strong><em>‚</em></strong></span> <span class='ocrx_word' id='word_1_381' title='bbox 1458 1990 1554 2028; x_wconf 88' lang='lat' dir='ltr'><strong>huic</strong></span> 
     </span>
     <span class='ocr_line' id='line_1_70' title="bbox 834 2045 1553 2099; baseline 0.006 -17"><span class='ocrx_word' id='word_1_382' title='bbox 834 2059 916 2083; x_wconf 89' lang='lat' dir='ltr'><strong>non</strong></span> <span class='ocrx_word' id='word_1_383' title='bbox 948 2045 1199 2093; x_wconf 78' lang='lat' dir='ltr'><strong>dissimilem,</strong></span> <span class='ocrx_word' id='word_1_384' title='bbox 1223 2045 1328 2084; x_wconf 90' lang='lat' dir='ltr'><strong>unde</strong></span> <span class='ocrx_word' id='word_1_385' title='bbox 1359 2048 1553 2099; x_wconf 79' lang='lat' dir='ltr'><strong>fragmen-</strong></span> 
     </span>
     <span class='ocr_line' id='line_1_71' title="bbox 836 2103 1554 2143; baseline 0.004 -3"><span class='ocrx_word' id='word_1_386' title='bbox 836 2113 921 2141; x_wconf 89' lang='lat' dir='ltr'><strong>tum</strong></span> <span class='ocrx_word' id='word_1_387' title='bbox 941 2116 961 2140; x_wconf 87' lang='lat' dir='ltr'><strong>a</strong></span> <span class='ocrx_word' id='word_1_388' title='bbox 985 2103 1118 2142; x_wconf 87' lang='lat' dir='ltr'><strong>Probo</strong></span> <span class='ocrx_word' id='word_1_389' title='bbox 1149 2113 1188 2142; x_wconf 90' lang='lat' dir='ltr'><strong>et</strong></span> <span class='ocrx_word' id='word_1_390' title='bbox 1218 2117 1239 2141; x_wconf 91' lang='lat' dir='ltr'><strong>a</strong></span> <span class='ocrx_word' id='word_1_391' title='bbox 1267 2107 1447 2143; x_wconf 86' lang='lat' dir='ltr'><strong>Varrone</strong></span> <span class='ocrx_word' id='word_1_392' title='bbox 1474 2119 1554 2143; x_wconf 89' lang='lat' dir='ltr'><strong>ser-</strong></span> 
     </span>
     <span class='ocr_line' id='line_1_72' title="bbox 834 2162 1553 2215; baseline 0.008 -18"><span class='ocrx_word' id='word_1_393' title='bbox 834 2170 968 2198; x_wconf 69' lang='lat' dir='ltr'><strong>vatum</strong></span> <span class='ocrx_word' id='word_1_394' title='bbox 993 2162 1191 2211; x_wconf 87' lang='lat' dir='ltr'><strong>est(Enn.</strong></span> <span class='ocrx_word' id='word_1_395' title='bbox 1223 2164 1374 2215; x_wconf 86' lang='lat' dir='ltr'><strong>Fragm.</strong></span> <span class='ocrx_word' id='word_1_396' title='bbox 1396 2177 1436 2214; x_wconf 86' lang='lat' dir='ltr'><strong>p.</strong></span> <span class='ocrx_word' id='word_1_397' title='bbox 1478 2178 1553 2203; x_wconf 82' lang='lat'><strong>120</strong></span> 
     </span>
     <span class='ocr_line' id='line_1_73' title="bbox 834 2219 1552 2272; baseline 0.006 -16"><span class='ocrx_word' id='word_1_398' title='bbox 834 2233 892 2270; x_wconf 88' lang='lat' dir='ltr'><strong>sq.</strong></span> <span class='ocrx_word' id='word_1_399' title='bbox 908 2219 949 2269; x_wconf 90' lang='lat'><strong>):</strong></span> <span class='ocrx_word' id='word_1_400' title='bbox 987 2219 1158 2271; x_wconf 84' lang='lat' dir='ltr'><strong>Corpore</strong></span> <span class='ocrx_word' id='word_1_401' title='bbox 1197 2221 1410 2258; x_wconf 75' lang='lat' dir='ltr'><strong>Tarentino</strong></span> <span class='ocrx_word' id='word_1_402' title='bbox 1434 2221 1552 2272; x_wconf 84' lang='lat' dir='ltr'><strong>(hor-</strong></span> 
     </span>
     <span class='ocr_line' id='line_1_74' title="bbox 835 2275 1555 2329; baseline 0.006 -15"><span class='ocrx_word' id='word_1_403' title='bbox 835 2275 959 2329; x_wconf 73' lang='lat' dir='ltr'><strong>rendo</strong></span> <span class='ocrx_word' id='word_1_404' title='bbox 973 2305 983 2323; x_wconf 91' lang='lat'>‚</span> <span class='ocrx_word' id='word_1_405' title='bbox 1002 2278 1170 2317; x_wconf 84' lang='lat' dir='ltr'><strong>terribili</strong></span> <span class='ocrx_word' id='word_1_406' title='bbox 1182 2306 1193 2324; x_wconf 93' lang='lat'>‚</span> <span class='ocrx_word' id='word_1_407' title='bbox 1217 2287 1263 2316; x_wconf 90' lang='lat' dir='ltr'><strong>nt</strong></span> <span class='ocrx_word' id='word_1_408' title='bbox 1281 2280 1418 2317; x_wconf 86' lang='lat' dir='ltr'><strong>Festus</strong></span> <span class='ocrx_word' id='word_1_409' title='bbox 1438 2281 1555 2318; x_wconf 83' lang='lat' dir='ltr'><strong>inter-</strong></span> 
     </span>
     <span class='ocr_line' id='line_1_75' title="bbox 834 2335 1553 2389; baseline 0.006 -18"><span class='ocrx_word' id='word_1_410' title='bbox 834 2343 1011 2385; x_wconf 86' lang='lat' dir='ltr'><strong>pretatur</strong></span> <span class='ocrx_word' id='word_1_411' title='bbox 1027 2335 1042 2387; x_wconf 91' lang='lat'>)</span> <span class='ocrx_word' id='word_1_412' title='bbox 1054 2345 1258 2388; x_wconf 71' lang='lat' dir='ltr'><strong>prognata</strong></span> <span class='ocrx_word' id='word_1_413' title='bbox 1279 2337 1439 2387; x_wconf 80' lang='lat' dir='ltr'><strong>puluda</strong></span> <span class='ocrx_word' id='word_1_414' title='bbox 1457 2338 1471 2388; x_wconf 95' lang='lat'>(</span> <span class='ocrx_word' id='word_1_415' title='bbox 1489 2351 1553 2389; x_wconf 79' lang='lat' dir='ltr'><strong>pa-</strong></span> 
     </span>
     <span class='ocr_line' id='line_1_76' title="bbox 835 2392 1555 2446; baseline 0.004 -17"><span class='ocrx_word' id='word_1_416' title='bbox 835 2392 991 2438; x_wconf 81' lang='lat' dir='ltr'><strong>ludata3</strong></span> <span class='ocrx_word' id='word_1_417' title='bbox 1014 2395 1086 2432; x_wconf 88' lang='lat' dir='ltr'><strong>etsi</strong></span> <span class='ocrx_word' id='word_1_418' title='bbox 1115 2394 1235 2432; x_wconf 92' lang='lat' dir='ltr'><strong>Probi</strong></span> <span class='ocrx_word' id='word_1_419' title='bbox 1257 2395 1375 2433; x_wconf 89' lang='lat' dir='ltr'><strong>lectio</strong></span> <span class='ocrx_word' id='word_1_420' title='bbox 1399 2396 1555 2446; x_wconf 83' lang='lat' dir='ltr'><strong>palude</strong></span> 
     </span>
     <span class='ocr_line' id='line_1_77' title="bbox 837 2451 1555 2505; baseline 0.004 -18"><span class='ocrx_word' id='word_1_421' title='bbox 837 2459 1019 2501; x_wconf 63' lang='lat' dir='ltr'><strong>praestare</strong></span> <span class='ocrx_word' id='word_1_422' title='bbox 1039 2451 1223 2504; x_wconf 87' lang='lat' dir='ltr'><strong>videtur)</strong></span> <span class='ocrx_word' id='word_1_423' title='bbox 1242 2452 1405 2503; x_wconf 75' lang='lat' dir='ltr'><strong>virago.</strong></span> <span class='ocrx_word' id='word_1_424' title='bbox 1425 2455 1555 2505; x_wconf 80' lang='lat' dir='ltr'><strong>Pergit</strong></span> 
     </span>
     <span class='ocr_line' id='line_1_78' title="bbox 840 2509 1554 2561; baseline 0.003 -15"><span class='ocrx_word' id='word_1_425' title='bbox 840 2509 946 2555; x_wconf 81' lang='lat'><strong>328,</strong></span> <span class='ocrx_word' id='word_1_426' title='bbox 984 2510 1089 2560; x_wconf 84' lang='lat'><strong>329,</strong></span> <span class='ocrx_word' id='word_1_427' title='bbox 1110 2510 1147 2548; x_wconf 88' lang='lat' dir='ltr'><strong>ei</strong></span> <span class='ocrx_word' id='word_1_428' title='bbox 1177 2523 1248 2561; x_wconf 90' lang='lat' dir='ltr'><strong>par</strong></span> <span class='ocrx_word' id='word_1_429' title='bbox 1273 2511 1374 2548; x_wconf 86' lang='lat' dir='ltr'><strong>nihil</strong></span> <span class='ocrx_word' id='word_1_430' title='bbox 1403 2525 1485 2549; x_wconf 87' lang='lat' dir='ltr'><strong>esse</strong></span> <span class='ocrx_word' id='word_1_431' title='bbox 1513 2514 1554 2548; x_wconf 89' lang='lat' dir='ltr'><strong>in</strong></span> 
     </span>
     <span class='ocr_line' id='line_1_79' title="bbox 842 2571 1555 2607; baseline 0.004 -4"><span class='ocrx_word' id='word_1_432' title='bbox 842 2575 923 2604; x_wconf 87' lang='lat' dir='ltr'><strong>tota</strong></span> <span class='ocrx_word' id='word_1_433' title='bbox 943 2579 1076 2605; x_wconf 87' lang='lat' dir='ltr'><strong>rerum</strong></span> <span class='ocrx_word' id='word_1_434' title='bbox 1106 2576 1259 2607; x_wconf 87' lang='lat' dir='ltr'><strong>natura.</strong></span> <span class='ocrx_word' id='word_1_435' title='bbox 1290 2571 1555 2607; x_wconf 81' lang='lat' dir='ltr'><strong>Imitationem</strong></span> 
     </span>
     <span class='ocr_line' id='line_1_80' title="bbox 842 2625 1559 2675; baseline 0.003 -14"><span class='ocrx_word' id='word_1_436' title='bbox 842 2626 1027 2675; x_wconf 87' lang='lat' dir='ltr'><strong>Spenceri</strong></span> <span class='ocrx_word' id='word_1_437' title='bbox 1064 2639 1148 2663; x_wconf 90' lang='lat' dir='ltr'><strong>non</strong></span> <span class='ocrx_word' id='word_1_438' title='bbox 1176 2625 1378 2665; x_wconf 80' lang='lat' dir='ltr'><strong>indoctam</strong></span> <span class='ocrx_word' id='word_1_439' title='bbox 1405 2628 1559 2665; x_wconf 75' lang='lat' dir='ltr'><strong>notavit</strong></span> 
     </span>
     <span class='ocr_line' id='line_1_81' title="bbox 843 2682 1556 2736; baseline 0.001 -17"><span class='ocrx_word' id='word_1_440' title='bbox 843 2683 1030 2733; x_wconf 86' lang='lat' dir='ltr'><strong>Uptonus</strong></span> <span class='ocrx_word' id='word_1_441' title='bbox 1063 2682 1216 2735; x_wconf 77' lang='lat' dir='ltr'><strong>(Fairy</strong></span> <span class='ocrx_word' id='word_1_442' title='bbox 1254 2686 1390 2736; x_wconf 82' lang='lat' dir='ltr'><strong>Queen</strong></span> <span class='ocrx_word' id='word_1_443' title='bbox 1439 2686 1556 2723; x_wconf 80' lang='lat' dir='ltr'><strong>cam.</strong></span> 
     </span>
     <span class='ocr_line' id='line_1_82' title="bbox 844 2741 1558 2794; baseline -0.001 -17"><span class='ocrx_word' id='word_1_444' title='bbox 844 2741 946 2789; x_wconf 82' lang='lat' dir='ltr'>VII,</span> <span class='ocrx_word' id='word_1_445' title='bbox 970 2743 1008 2780; x_wconf 74' lang='lat' dir='ltr'>X</span> <span class='ocrx_word' id='word_1_446' title='bbox 1023 2770 1034 2791; x_wconf 87' lang='lat'>,</span> <span class='ocrx_word' id='word_1_447' title='bbox 1054 2755 1096 2793; x_wconf 90' lang='lat' dir='ltr'><strong>p.</strong></span> <span class='ocrx_word' id='word_1_448' title='bbox 1115 2742 1198 2787; x_wconf 74' lang='grc'><strong>644</strong></span> <span class='ocrx_word' id='word_1_449' title='bbox 1212 2742 1227 2794; x_wconf 88' lang='grc'>)</span> <span class='ocrx_word' id='word_1_450' title='bbox 1241 2772 1251 2791; x_wconf 88' lang='grc'><strong>,</strong></span> <span class='ocrx_word' id='word_1_451' title='bbox 1274 2743 1389 2781; x_wconf 82' lang='lat' dir='ltr'><strong>aliam</strong></span> <span class='ocrx_word' id='word_1_452' title='bbox 1413 2743 1558 2780; x_wconf 71' lang='lat' dir='ltr'><strong>Lucani</strong></span> 
     </span>
    </p>
   </div>
   <div class='ocr_carea' id='block_1_7' title="bbox 1308 2838 1364 2866">
    <p class='ocr_par' dir='ltr' id='par_1_16' title="bbox 1308 2838 1364 2866">
     <span class='ocr_line' id='line_1_83' title="bbox 1308 2838 1364 2866; baseline 0 0"><span class='ocrx_word' id='word_1_453' title='bbox 1308 2838 1364 2866; x_wconf 81' lang='lat'><strong>20</strong></span> 
     </span>
    </p>
   </div>
  </div>
 </body>
</html>
