1767 3054
673 94 828 132 LIBER
857 93 970 130 VIII.

1485 96 1561 143 327

74 171 109 214 F
114 167 299 230 ulgores
321 182 446 214 nunc
467 163 736 221 horrificos,
762 163 1085 225 sonitumque,
1110 174 1381 227 metumque

72 241 337 289 Miscebant
356 240 512 304 operi,
537 238 831 299 flammisque
854 238 1135 300 sequacibus
1159 239 1268 286 iras.

70 320 207 364 Parte
230 317 320 364 alia
340 315 484 361 Marti
504 329 792 374 currumque
816 324 1039 376 rotasque
1062 314 1269 361 volucris

69 389 336 446 Instabant,
359 387 531 450 quibus
555 388 632 434 ille
654 388 803 444 viros,
827 387 1001 450 quibus
1025 388 1199 435 excitat
1223 387 1378 449 urbis;

69 462 329 524 AEgidaque
352 461 657 517 horriferam,
682 459 882 506 turbatae
901 460 1102 507 Palladis
1127 477 1279 521 arma,

1498 472 1558 510 4³⁵

68 537 293 588 Certatim
316 537 521 600 squamis
543 546 814 599 serpentum
833 551 1044 597 auroque
1065 535 1304 597 polibant,

66 612 410 675 Connexosque
437 610 620 674 anguis,
649 611 892 673 ipsamque
921 610 970 655 in
995 620 1186 672 pectore
1209 611 1329 658 divae

68 690 315 749 Gorgona,
340 687 529 734 desecto
549 696 810 733 vertentem
829 684 1006 733 lumina
1028 685 1163 732 collo.

68 896 107 926 et
136 887 272 925 affecta
305 887 542 937 subjiceret,
569 898 696 941 poetae
721 893 782 929 in-

66 947 183 997 genio
213 946 256 983 in
284 956 473 997 promptu
503 960 584 984 esse
616 949 779 997 debuit;

66 1004 219 1055 faciunt
239 1005 343 1040 enim
362 1004 447 1042 haec
471 1006 721 1043 mirationem
742 1015 782 1044 et

68 1059 264 1098 delectant
306 1071 474 1108 omatu3
510 1065 581 1101 etsi
621 1065 665 1101 in
701 1065 780 1103 hoc

63 1119 219 1168 praeivit
232 1119 392 1158 Homer.
413 1120 521 1159 Iliad.
536 1134 577 1168 σ,
595 1121 674 1168 373
692 1135 776 1173 sqq.

64 1174 113 1212 d.
139 1175 291 1214 Callim.
312 1177 355 1213 in
377 1179 491 1215 Dian.
515 1186 582 1229 49,
608 1179 660 1217 50
675 1206 685 1225 ,
707 1181 780 1218 ubi

63 1235 154 1269 satis
179 1233 312 1279 jejune
331 1246 526 1284 equorum
555 1238 778 1286 Neptuuio·

63 1302 151 1326 mm
164 1291 369 1340 aquarium
383 1293 554 1342 procudi
574 1302 755 1331 narratur
765 1306 778 1333 ε

61 1357 212 1397 quanto
233 1347 418 1399 grandius
441 1358 479 1386 et
495 1351 703 1388 sublimius
719 1360 777 1389 est

60 1403 313 1454 phantasma,
346 1407 456 1457 quod
487 1408 665 1445 fulminis
695 1422 775 1446 ma-

60 1463 169 1500 teriae
193 1462 389 1514 Cyclopes
412 1464 629 1503 admiscent
647 1464 778 1513 fulgo-

57 1529 141 1565 res,
163 1522 336 1555 sonttum
351 1545 361 1564 ,
401 1525 573 1564 metum,
596 1525 635 1556 et
665 1517 775 1559 flam-

58 1587 162 1612 mam
179 1576 408 1627 sequacem!

119 1634 225 1680 433,
251 1635 348 1678 434.
378 1634 499 1671 Marti
528 1645 669 1672 currus
689 1634 773 1673 bet·

56 1690 154 1730 licus
179 1693 340 1742 proprie
372 1690 586 1737 tribuitur,
620 1704 671 1729 ex
700 1691 770 1730 he-

57 1749 158 1786 roici
175 1749 310 1787 saeculi
328 1761 437 1787 more
450 1748 645 1796 bellandi3
661 1751 770 1800 quod

57 1807 135 1844 uit:
157 1806 295 1858 quibus
313 1806 383 1843 ille
392 1807 503 1844 viros
513 1834 525 1851 ‚
547 1808 686 1858 quibus
702 1822 770 1845 ex-

56 1863 155 1900 citat
176 1863 310 1907 urbes,
330 1863 372 1901 h.
400 1876 482 1914 quo
514 1876 637 1901 curru
658 1864 691 1900 si
709 1866 770 1902 in-

55 1929 193 1958 vectus
217 1921 360 1966 fuerit,
390 1920 439 1957 ad
469 1921 619 1958 bellum
639 1923 770 1959 conci-

56 1985 113 2015 tat
129 2006 140 2024 ,
161 1991 212 2015 ex
250 1978 335 2015 istis
371 1978 619 2015 illustrantur
652 1991 770 2028 supra

55 2037 182 2082 vm,
210 2036 230 2072 3
257 2037 307 2072 Ut
335 2033 431 2072 belli
457 2035 681 2087 signum—
703 2038 771 2072 Uc-

55 2106 132 2143 que
160 2106 272 2130 acres
305 2092 500 2130 concussit
532 2106 652 2143 equos
691 2100 766 2131 etc.

55 2151 104 2187 Iu
123 2151 262 2188 Martis
280 2152 442 2201 gratiam
458 2149 661 2188 instabant
679 2163 765 2187 cnr-

55 2220 164 2252 rmn,
192 2216 261 2253 ut,
283 2207 463 2245 festinare
492 2208 661 2258 aliquam
682 2220 764 2244 rem

54 2264 181 2317 (conf.
199 2266 335 2303 Heius.
357 2265 405 2302 ad
425 2267 504 2303 XII
519 2294 528 2312 ‚
545 2267 623 2312 748
639 2265 653 2316 )
672 2278 764 2315 pro-

53 2323 158 2373 prie,
189 2323 380 2360 instamus
415 2325 525 2373 operi
557 2322 761 2367 faciendo,

53 2379 317 2431 properando.
333 2402 389 2410 —
416 2382 510 2426 434.
533 2382 768 2419 Instaurant

53 2438 229 2477 Parthas.
244 2467 255 2486 ‚
268 2438 316 2476 de
327 2453 407 2490 quo
420 2438 672 2490 cogitandum
685 2451 765 2476 esse

55 2505 187 2534 censet
214 2497 351 2534 Burm.
384 2498 540 2534 Vitium
571 2510 652 2534 esse
681 2508 765 2533 uon

55 2549 208 2592 dubito.
227 2555 384 2592 Instare
399 2554 463 2604 (h.
486 2567 624 2605 urgere
643 2552 762 2604 opus)

55 2612 246 2660 exquisite
268 2625 360 2649 cum
377 2621 519 2663 quarto
538 2626 628 2650 casu
649 2613 762 2659 junc-

55 2673 165 2715 tum,
185 2678 229 2707 ut
253 2669 401 2709 instare
437 2669 564 2709 viam.
601 2668 766 2719 Excitet

54 2724 156 2763 Veu.

911 888 1172 934 435—438.
1197 889 1324 929 Etiam
1351 889 1418 929 hic
1445 890 1559 931 dubi-

848 948 922 983 tari
942 954 1070 998 potest
1083 946 1098 997 (
1111 948 1216 986 conf.
1235 949 1285 986 ad
1305 949 1439 1001 354),
1460 953 1562 988 sitne

847 1005 937 1056 argis
971 1004 1018 1041 de
1056 1004 1212 1042 thorace
1225 1033 1236 1052 ‚
1266 1019 1315 1043 an
1348 1006 1397 1045 de
1430 1007 1561 1058 clipeo

846 1061 1086 1111 accipienda,
1104 1061 1319 1111 hacteuus,
1336 1073 1382 1102 ut
1404 1064 1453 1102 de
1476 1065 1562 1103 tho-

845 1131 934 1156 race
953 1132 1034 1156 uon
1055 1120 1132 1156 nisi
1151 1134 1187 1158 v.
1217 1122 1295 1169 437
1319 1129 1456 1174 agatur
1473 1150 1484 1169 ,
1500 1122 1560 1173 ip-

844 1188 1010 1226 samque
1033 1175 1074 1213 in
1088 1187 1250 1227 pectore
1279 1178 1379 1216 divae
1406 1179 1559 1230 Gorgo-

844 1246 913 1272 na.
934 1233 1168 1284 Expeditior
1186 1244 1315 1273 tamen
1327 1236 1488 1274 viderur
1504 1250 1560 1275 ra-

844 1290 923 1338 tio,
947 1293 981 1328 si
1001 1299 1129 1330 totum
1155 1292 1291 1330 locum
1320 1292 1370 1331 de
1400 1293 1560 1332 thorace

842 1348 1113 1398 interpreteris
1126 1379 1136 1397 ,
1157 1351 1270 1399 cujus
1282 1360 1468 1389 extremae
1480 1365 1561 1390 orae

841 1406 1036 1455 anguibus
1056 1409 1248 1445 connexis
1264 1415 1303 1445 et
1318 1409 1422 1446 inter
1433 1421 1474 1443 se
1489 1410 1559 1446 im-

838 1461 985 1508 plicitis
1016 1467 1110 1497 sunt
1150 1464 1314 1508 cinctae,
1341 1463 1385 1499 in
1424 1465 1557 1503 medio

841 1516 1028 1568 Gorgone
1062 1519 1190 1568 posita
1216 1531 1225 1556 :
1256 1520 1371 1567 cujus
1403 1525 1557 1571 generis

839 1573 1020 1624 exempla
1056 1577 1201 1624 passim
1235 1586 1477 1625 occurrunt3
1510 1589 1557 1617 ut

838 1642 966 1667 unum
983 1643 1287 1671 commemorem
1299 1661 1309 1680 ,
1326 1635 1436 1684 quod
1448 1637 1556 1676 adire

837 1687 940 1724 forte
966 1688 1009 1725 iu
1036 1698 1226 1740 promptu
1249 1699 1329 1737 est,
1348 1705 1385 1728 v.
1408 1696 1552 1744 SpenC.

836 1744 1032 1795 Polymet.
1052 1754 1078 1783 t.
1098 1748 1171 1792 IV,
1191 1754 1229 1791 4.
1254 1748 1458 1795 Turbatae,
1479 1754 1555 1788 ira-

836 1808 886 1837 tae
900 1829 910 1847 ,
933 1811 979 1838 ut
999 1814 1123 1851 saepe3
1147 1803 1265 1841 Silius
1284 1817 1294 1842 ε
1315 1805 1475 1856 obliqua
1493 1822 1553 1846 re-

835 1865 1017 1908 torquens
1026 1858 1207 1909 fitlmina
1225 1861 1378 1898 turbato
1394 1876 1551 1915 supera-

836 1914 887 1950 vit
907 1914 1094 1966 Gorgona
1110 1918 1245 1962 vultu,
1263 1918 1333 1956 lib.
1347 1920 1406 1957 IX
1419 1949 1429 1967 ‚
1451 1923 1550 1967 461.

832 1991 892 1999 -·
906 1973 1001 2015 438.
1023 1973 1188 2024 Dejecto
1206 1976 1374 2014 Roman.
1393 1978 1550 2030 defecto

835 2027 942 2066 Leid.
964 2042 1082 2067 uuus.
1101 2032 1163 2067 De
1182 2030 1314 2069 deerat
1332 2033 1505 2075 Gudjan.
1529 2051 1549 2074 a

835 2098 887 2123 m.
918 2099 979 2137 pr.
996 2114 1006 2133 ‚
1029 2086 1135 2124 unde
1155 2090 1291 2127 Heius.
1313 2093 1546 2143 supplebat:

832 2151 914 2179 tum
930 2154 1033 2180 secto
1046 2159 1062 2190 ;
1081 2145 1247 2182 dissecto
1263 2154 1301 2184 et
1324 2148 1488 2199 disjecto
1502 2153 1547 2189 in

832 2200 948 2238 codd.
967 2203 1067 2240 Pier.
1085 2202 1230 2239 lectum
1245 2219 1255 2251 ;
1269 2205 1437 2244 alterum
1452 2222 1549 2259 quo-

831 2270 909 2308 que
928 2259 970 2295 in
990 2259 1111 2297 Goth.
1133 2267 1221 2298 tert.
1248 2271 1286 2299 et
1304 2264 1546 2303 Erf.-——Ver-

832 2323 976 2352 tentem
998 2317 1175 2361 Iumina,
1197 2316 1246 2357 de
1264 2320 1390 2358 oculis
1408 2327 1544 2370 torvis,

832 2371 1026 2422 obliquis,
1050 2388 1100 2411 ex
1134 2377 1195 2411 ira
1222 2385 1261 2414 et
1289 2377 1444 2427 furore3
1462 2378 1548 2429 βλο-

831 2430 955 2482 συρεῖο
973 2426 1174 2475 Μεδούσης
1191 2432 1291 2488 κάρη
1304 2433 1543 2490 σμερδαλέον

832 2486 936 2526 dixit
967 2492 1142 2540 Quintus
1177 2493 1257 2532 Cal.
1283 2495 1329 2531 in
1354 2495 1446 2534 loeo
1475 2499 1546 2546 qui

830 2544 879 2581 de
895 2547 1016 2598 aegide
1036 2550 1320 2599 comparandus
1340 2551 1411 2592 lib.
1427 2555 1540 2600 xlv,

832 2604 882 2647 45
895 2606 1072 2655 1—457.
1087 2606 1288 2647 Videntur
1307 2617 1436 2648 tamen
1452 2611 1492 2649 h.
1512 2612 1542 2650 l.

829 2677 949 2701 versa
987 2665 1140 2703 lumina
1167 2667 1309 2705 melius
1341 2669 1467 2719 accipi
1492 2668 1541 2708 de

830 2722 996 2761 inversis
1017 2751 1028 2771 ,
1068 2723 1228 2774 dejectis
1266 2733 1305 2763 et
1343 2725 1511 2765 occlusis
1530 2755 1539 2774 ,
