1767 3054
230 156 303 190 iaz

848 151 1087 189 AENEIDOS

220 224 417 271 Stabant
443 232 629 268 orantes
650 221 790 284 primi
817 224 1131 269 transmittere
1154 239 1369 281 cursum,

216 300 586 362 Tendebantque
606 315 770 344 manus
796 298 911 359 ripae
936 299 1173 345 ulterioris
1193 315 1367 346 amore.

218 378 390 425 Navita
410 377 492 423 scd
519 376 662 421 tristis
681 391 806 420 nunc
829 373 940 431 hos,
964 390 1089 420 nunc
1114 374 1291 438 adcipit
1316 375 1442 434 illos;

220 457 304 500 Ast
329 452 444 498 alios
469 451 605 511 longe
631 447 874 494 submotos
902 459 1030 494 arcet
1054 464 1210 495 arena.

1652 386 1712 417 315

287 531 478 581 AEncas,
505 525 700 570 miratus
726 523 873 580 enim,
894 531 1145 585 motusque
1170 525 1378 571 tumultu
1405 543 1415 570 :

221 628 237 645 «
262 604 373 659 Dic,
397 602 481 657 ait,
507 615 535 644 o
560 600 721 661 virgo,
744 597 860 660 quid
882 598 985 644 vult
1006 614 1265 644 concursus
1279 599 1347 645 -ad
1368 603 1581 647 amnem?

221 679 407 737 Quidve
430 686 597 739 petunt
623 674 919 720 animae?'vel
940 691 1035 736 quo
1057 674 1326 721 discrimine
1350 673 1476 737 ripas

217 756 303 799 Hae
326 753 571 813 linquunt,
592 749 682 795 illae
709 749 852 794 remis
867 749 989 795 vada
1014 748 1159 794 livida
1182 751 1410 795 verrunt?
1430 769 1449 789 »

1651 762 1710 793 320

219 829 313 875 Olli
337 829 403 874 sic
419 826 631 872 breviter
652 826 746 871 sata
769 836 837 871 cst
858 825 1071 886 longaeva
1089 824 1311 871 sacerdos
1331 841 1342 868 :

219 926 236 942 «
260 901 465 948 Anchisa
489 910 731 962 generate,
758 899 898 945 deum
923 899 1181 945 certissima
1205 899 1385 961 proles,

218 977 381 1037 Cocyti
405 987 567 1037 stagna
592 975 684 1020 alta
702 974 856 1032 vides,
881 975 1185 1036 Stygiamque
1207 975 1450 1036 paludem,

217 1052 277 1096 Di
303 1052 434 1113 cujus
455 1052 617 1112 jurare
637 1051 802 1094 timent
825 1060 870 1094 et
896 1049 1054 1094 fallere
1078 1065 1266 1094 numen.

218 1129 328 1171 Haec
350 1125 514 1182 omnis,
530 1139 671 1186 quam
691 1123 858 1179 cernis,
873 1124 1008 1185 inops
1027 1122 1365 1184 inhumataque
1386 1122 1524 1169 turba
1542 1132 1631 1182 est3
1647 1135 1707 1166 325

215 1298 330 1350 gebat
349 1310 357 1335 :
383 1295 566 1333 Threcius
585 1294 729 1332 amnis.
759 1294 824 1331 Ad
848 1306 928 1330 ma-

215 1369 311 1393 num
326 1362 453 1391 essent
465 1354 535 1390 alia
554 1354 673 1403 magis
690 1361 926 1403 opportuna,

216 1415 247 1450 si
271 1413 490 1449 mutatione
511 1424 613 1463 opus
633 1419 743 1447 esset.

278 1472 298 1507 3
310 1484 323 1506 1
336 1471 442 1507 3--3
455 1483 468 1505 1
478 1470 517 1508 6.
552 1471 586 1506 T
584 1468 833 1504 ranstnittere
850 1480 930 1503 cur-

216 1542 299 1565 sum
317 1528 356 1565 h.
372 1536 428 1565 est
445 1528 621 1564 transire.
640 1528 700 1563 De
716 1525 793 1562 hoc
810 1537 928 1561 nemo

215 1587 385 1623 dubitet.
425 1584 500 1622 Sed
536 1583 737 1634 quomodo
777 1582 928 1618 dictum

214 1645 320 1682 hoc?
350 1645 491 1693 Figura
511 1643 647 1679 Graeca
667 1649 747 1686 est,
768 1642 821 1677 ait
840 1641 927 1677 Ser·

217 1705 316 1739 vius.
336 1701 493 1738 Scilicet
508 1699 658 1751 vulgari
672 1711 795 1744 more,
806 1707 928 1734 trans-

218 1759 405 1796 mittimus
442 1759 548 1809 (nos
587 1755 723 1806 trans)
764 1769 926 1792 amnem

217 1830 328 1853 cursu
355 1816 395 1853 h.
418 1829 450 1853 e.
474 1816 745 1865 navigatione,
761 1811 900 1865 περέιᾳ
916 1840 925 1858 ,

217 1875 309 1911 hinc
348 1874 430 1924 ipse
472 1873 604 1909 amnis
652 1870 930 1908 transmittitur

217 1945 354 1976 cursu;
388 1939 473 1968 tum
507 1943 601 1968 vero
637 1929 814 1975 doctius,
844 1930 927 1978 ipse

218 2003 348 2026 cursus
390 1987 679 2025 transmittitur.
720 1989 777 2023 Ita
818 1986 929 2039 ‘nopo-

220 2046 344 2099 μεύειν
359 2044 421 2084 τὶν
439 2046 665 2084 mewa—3
678 2045 740 2081 16.
757 2046 930 2082 Summo-

219 2115 278 2142 tos
308 2113 418 2142 arcet
437 2106 482 2141 iu
515 2104 631 2142 litore
669 2102 825 2153 plenius
855 2116 929 2153 pro

219 2171 454 2200 summovet.

282 2222 302 2258 3
315 2234 328 2257 1
340 2221 521 2264 8-324,
550 2221 605 2257 L't
627 2217 810 2256 Palinuri
823 2231 930 2255 men-

223 2280 368 2314 tionem
402 2279 530 2314 facere
559 2285 714 2326 posset,
746 2278 931 2327 sagaciter

220 2336 433 2372 intertexta
469 2343 561 2371 sunt
594 2333 677 2371 haec
711 2333 758 2370 de
787 2342 929 2384 negato

222 2389 324 2441 parti
337 2392 574 2430 Umbrarum
588 2393 927 2439 trajecta-320.

223 2449 343 2497 Ripas
370 2448 432 2486 lzoe
463 2449 670 2499 linquunt,
702 2451 845 2485 iterum
871 2462 930 2486 re-

203 2506 392 2551 sedunt,
423 2520 506 2543 uon
536 2507 710 2543 admissae
747 2508 789 2543 in
823 2519 930 2557 cym-

222 2564 325 2600 bam.
363 2564 494 2600 Remis
524 2563 639 2600 vada
667 2573 844 2602 verrunt.
876 2566 932 2600 At

222 2634 308 2671 sup.
339 2621 416 2657 302
449 2623 530 2670 ipse
556 2621 713 2658 Charon
742 2622 931 2671 remigat?

222 2678 355 2715 Potuit
382 2690 472 2713 sane
490 2679 551 2713 sui
574 2677 722 2714 oblitus
743 2691 822 2715 esse
842 2690 931 2728 poe-

221 2744 272 2773 ta.
302 2736 514 2772 Enimvero
544 2746 697 2770 necesse
732 2747 814 2771 non
848 2743 926 2778 est,

219 2801 265 2829 ut
284 2793 378 2843 ipsae
409 2793 545 2830 animae
580 2792 787 2840 remigent3
822 2791 932 2842 quod

996 1294 1100 1344 apud
1113 1295 1329 1332 Lucianum
1343 1294 1492 1333 faciunt
1503 1296 1707 1348 aliquoties

995 1354 1133 1389 animae
1149 1353 1477 1401 Charontisjussu
1489 1368 1499 1400 3
1513 1367 1604 1391 nam
1615 1356 1707 1392 sim-

995 1410 1087 1459 plic.
1120 1410 1273 1446 dictum
1291 1423 1371 1447 esse
1391 1420 1521 1460 potest
1536 1425 1623 1462 pro,
1643 1425 1706 1449 na-

994 1468 1132 1518 vigant
1150 1476 1255 1504 trans
1277 1465 1448 1504 fluvium
1469 1480 1478 1506 ε
1500 1471 1614 1506 etiam
1634 1470 1704 1508 inf.

998 1532 1047 1568 41
1062 1537 1076 1561 1
1109 1538 1186 1575 per
1215 1523 1315 1575 juga
1355 1525 1479 1578 longa
1515 1527 1724 1564 sedebant>

995 1582 1168 1627 animoe,
1191 1590 1377 1632 tanquam
1400 1592 1578 1622 vectores
1607 1585 1706 1622 locis

995 1642 1209 1691 assignatis,
1221 1661 1280 1668 -
1291 1641 1312 1677 3
1321 1654 1342 1678 2
1354 1654 1368 1677 1
1379 1670 1387 1679 .
1402 1643 1603 1694 Longaeva
1615 1670 1626 1689 ‚
1638 1656 1706 1680 no-

995 1706 1031 1734 ta
1050 1698 1182 1734 fabula
1200 1697 1249 1734 de
1278 1698 1429 1749 Sibylla
1449 1713 1458 1738 :
1480 1699 1560 1737 vid.
1594 1703 1702 1739 Serv.

994 1777 1051 1783 —
1077 1757 1171 1792 322.
1213 1754 1439 1792 Certissima
1453 1770 1474 1802 ‚·
1500 1769 1593 1794 uam
1614 1771 1702 1809 sup.

1000 1827 1015 1849 1
1027 1815 1078 1850 30
1093 1841 1103 1859 ,
1130 1826 1146 1848 1
1157 1813 1178 1849 3
1191 1825 1205 1848 1
1230 1812 1374 1859 Pauci,
1396 1813 1455 1851 dis
1470 1813 1622 1865 geniti,
1638 1829 1705 1866 po-

994 1879 1104 1908 tuere
1128 1869 1255 1907 redire
1277 1884 1328 1907 ex
1351 1871 1502 1909 inferis,
1524 1893 1580 1900 --
1605 1874 1702 1911 323.

999 1928 1185 1976 Cocytum
1215 1937 1255 1965 et
1279 1930 1440 1978 Stygem
1460 1931 1705 1980 appositione

994 1983 1117 2032 dixit,
1143 1987 1215 2023 etsi
1237 1999 1328 2023 vere
1352 1987 1528 2025 diversos
1557 2001 1702 2027 amnes.

997 2044 1053 2081 Di
1088 2043 1218 2095 cujus,
1260 2056 1311 2080 ex
1338 2044 1481 2096 Odyss.
1515 2057 1551 2092 ε,
1597 2046 1676 2084 185
1689 2074 1700 2092 ,

1001 2104 1093 2141 186.
1142 2104 1286 2138 Ιανανε
1316 2110 1372 2139 et.
1379 2101 1552 2154 fallere,
1597 2105 1702 2154 peje÷

996 2174 1094 2199 rare·

1057 2219 1137 2257 325
1158 2241 1217 2247 —
1236 2219 1333 2257 336.
1358 2220 1469 2256 Bona
1492 2218 1629 2269 religio
1654 2232 1704 2256 ex

996 2277 1171 2327 Orphica
1191 2276 1398 2327 disciplina
1411 2304 1421 2321 ‚
1439 2275 1490 2313 ad
1503 2274 1704 2314 inflecten-

996 2333 1067 2372 dos
1096 2335 1271 2372 ferorum
1309 2334 1516 2371 hominum
1554 2334 1705 2372 animos

995 2394 1178 2438 inventa,
1199 2400 1246 2428 ut
1270 2390 1524 2428 humanitatis
1546 2402 1703 2428 sensum

993 2451 1191 2498 justorum
1208 2445 1559 2499 persolvendorum
1574 2460 1704 2485 neces—

997 2508 1086 2543 sitas
1126 2513 1348 2543 consecrata
1390 2505 1599 2551 excitaret3
1634 2507 1705 2555 qui

998 2565 1150 2613 primus
1160 2562 1402 2598 humanioris
1414 2560 1543 2598 cultas
1559 2561 1702 2612 gradus

997 2628 1078 2666 est3
1096 2631 1222 2668 quum
1242 2631 1408 2669 corpora
1424 2619 1620 2669 insepulta
1639 2618 1704 2656 ab-

993 2678 1096 2724 jecta
1118 2675 1308 2712 feritatem
1328 2678 1551 2713 animorum
1581 2683 1620 2713 et
1641 2689 1701 2713 ar-

997 2741 1120 2783 guant
1141 2741 1180 2769 et
1200 2733 1315 2771 alant.
1337 2736 1477 2784 Inops,
1502 2733 1568 2770 cui
1583 2746 1702 2771 nemo

998 2802 1113 2841 opem
1137 2789 1228 2827 tulit
1241 2817 1252 2837 ,
1270 2791 1372 2840 justa
1390 2789 1700 2842 persolvit.Nam
