1767 3054
217 149 230 172 1
243 143 264 179 4
838 132 1079 170 AENEIDOS

213 210 432 263 Quatuor
452 219 511 250 ex
532 201 660 249 omni
683 200 874 248 delectae
896 203 1040 248 classe
1065 202 1250 249 carinae.
1650 218 1708 248 ηε

212 283 432 327 Velocem
454 278 730 325 Mnestheus
757 279 851 339 agit
877 279 975 323 acri
1002 278 1177 340 remige
1198 279 1393 337 Pristin,

211 359 328 402 Mox
353 355 499 402 Italus
519 351 818 408 Mnestheus,
843 368 987 414 genus
1011 368 1037 398 a
1057 368 1151 414 quo
1175 354 1365 400 nomine
1390 354 1609 413 Memmi;

208 436 548 494 lugentemque
574 433 700 490 Gyas
721 428 900 491 ingenti
924 428 1048 474 mole
1073 428 1378 488 Chimaeram,

209 505 355 552 Urbis
381 521 524 566 opus,
546 502 721 564 triplici
747 502 897 564 pubes
922 519 1065 564 quani
1092 504 1316 550 Dardana
1339 520 1480 551 versu

209 581 470 643 lupellum,
492 590 627 627 terno
651 590 942 641 consurgunt
961 579 1128 625 ordine
1153 581 1286 626 remi.
1649 603 1707 623 120

209 662 573 720 Sergestusque,
597 654 765 701 domus
785 665 911 700 tenet
931 671 958 700 a
979 670 1074 716 quo
1098 655 1261 717 Sergia
1282 671 1453 701 nomen
1467 691 1480 713 ,

207 735 444 778 Centauro
466 730 708 777 invehitur
729 745 920 792 magna,
946 729 1197 792 Scyllaque
1223 730 1481 777 Cloanthus

208 808 439 867 Caerulea,
462 822 608 870 genus
628 805 754 851 unde
776 804 886 863 tibi,
908 808 1121 851 Romane
1148 804 1347 851 Cluenti.

205 992 310 1029 tibus
325 1018 334 1036 ‚
359 998 406 1027 ut
425 991 533 1028 Serv.
552 988 728 1027 Omnino
748 989 779 1025 si
800 987 924 1026 delec-

205 1051 395 1086 tationem
429 1047 595 1097 quaeris,
631 1047 679 1083 ad
707 1046 924 1084 verborum

205 1114 391 1144 ornatum
433 1117 476 1142 ae
514 1105 654 1141 miram
698 1105 924 1141 varietatem

205 1165 439 1214 copiamque
468 1164 513 1199 in
543 1161 604 1198 hjs
644 1161 926 1199 certaminibus

204 1223 360 1259 animus
405 1229 464 1257 est
511 1220 793 1258 intendendus.
842 1221 925 1258 Nos

204 1279 367 1329 quidem
395 1279 554 1328 potiora
577 1284 732 1313 tantum
768 1277 924 1313 notabi-

203 1349 304 1373 mus.
331 1336 602 1374 Nominantur
622 1342 754 1371 autem
776 1335 819 1370 in
839 1347 924 1383 sqq.

203 1395 374 1444 insignia
418 1394 581 1428 navium
616 1404 691 1441 pro
728 1390 924 1428 navibus:

204 1454 258 1488 sic
281 1448 443 1494 Pristis,
473 1447 685 1485 Chimaera.
717 1449 780 1487 Sic
801 1448 929 1500 Tigris

206 1509 275 1546 inf.
332 1510 395 1554 X,
443 1507 522 1544 166
567 1505 762 1544 Blassicus
798 1515 927 1543 cerata

200 1566 385 1616 princeps
398 1573 508 1602 secat
527 1577 691 1614 cequora
713 1563 836 1616 Tigri.

270 1624 363 1661 116.
399 1621 559 1660 Pristim
588 1622 744 1660 Nonius
769 1630 807 1658 et
836 1635 926 1673 pars

207 1681 350 1727 codd.‚
392 1689 528 1727 recte,
577 1681 710 1730 inquit
749 1680 886 1718 Heius.
915 1709 925 1725 ‚

205 1754 295 1777 nam
320 1740 480 1777 Maroni
499 1737 687 1775 souennis
706 1739 927 1775 enuntiatio

204 1799 326 1835 latina
342 1798 385 1834 in
405 1796 637 1833 nominibus
659 1797 808 1847 graecis.
843 1795 927 1832 Pis-

207 1856 285 1892 trin
313 1863 350 1892 et
379 1853 540 1891 Pistrim
570 1853 635 1890 alii
663 1861 702 1890 et
732 1853 797 1889 hic
822 1854 925 1890 etin

206 1927 292 1964 sqq.
315 1911 420 1949 conf.
450 1911 500 1948 ad
525 1912 606 1957 III,
631 1918 727 1958 427.
747 1932 806 1939 -
833 1924 925 1958 117.

209 1972 310 2008 (lum
354 1969 607 2021 grammatica
642 1971 746 2005 inter
782 1977 928 2005 ceteras

207 2038 308 2066 artes
327 2028 451 2065 serius
474 2026 647 2077 perfecta
673 2026 794 2063 fuerit
812 2054 822 2073 ,
847 2035 928 2077 ety-

208 2087 380 2137 mologia
443 2085 625 2134 inprimis
647 2112 657 2130 ,
709 2083 756 2121 ad
805 2092 929 2121 certas

208 2146 380 2182 rationes
421 2140 529 2178 haud
571 2151 781 2188 revocata,
823 2143 928 2177 intra

207 2202 339 2238 lusum
377 2199 456 2236 fere
491 2198 708 2236 verborum
738 2198 926 2237 substitit.

209 2260 350 2304 Dicas,
386 2255 590 2308 quomodo
614 2270 665 2294 ex
699 2255 927 2294 illnescheus

210 2315 394 2354 Memmii
414 2328 561 2353 nomen
591 2313 737 2352 confici
766 2315 925 2364 potuit?

210 2374 367 2413 Scilicet
403 2386 453 2410 ex
495 2374 649 2425 μνῆστις
686 2372 808 2409 latine
844 2384 927 2408 ver-

210 2445 296 2468 sum
319 2444 329 2469 ε
354 2427 551 2483 μνησθεὶς,
585 2429 692 2467 unde
722 2426 925 2482 μνησθεῦς,

211 2489 281 2539 qui
316 2487 508 2526 meminit.
543 2489 645 2525 Mox
681 2486 840 2538 Sergius
878 2499 929 2523 ex

214 2548 394 2597 Sergesto
435 2558 518 2581 non
558 2546 692 2581 minus
736 2544 832 2580 dura
869 2552 926 2580 est

213 2602 463 2653 etymologia.
502 2601 676 2638 Cluentii
697 2614 747 2637 ex
782 2600 926 2637 Cloan-

213 2659 323 2704 thus,
347 2658 559 2697 Cloanthii.
588 2657 710 2708 Apud
729 2661 925 2708 Pompon.

215 2717 306 2756 Sab.
334 2717 449 2753 etiam
480 2714 558 2753 hoc
590 2715 760 2766 legitur:
780 2715 928 2751 Probus

216 2775 306 2813 vult
327 2773 430 2812 hunc
457 2772 586 2810 Iocum
614 2781 780 2810 sumtum
801 2785 827 2808 a
841 2771 927 2822 pri-

993 1002 1056 1025 mo
1083 987 1186 1025 bello
1206 987 1360 1025 Punico
1384 986 1582 1040 (Naevii).
1614 991 1713 1028 Prae-

991 1048 1115 1083 iverat
1134 1046 1235 1082 forte
1253 1047 1297 1082 in
1315 1046 1524 1099 his-,Varro
1543 1048 1587 1084 in
1606 1047 1711 1085 libro

992 1107 1052 1142 De
1106 1102 1263 1140 familiis
1301 1105 1495 1152 Trojanis.
1540 1106 1711 1142 Nomina

995 1163 1095 1212 Gyae
1129 1169 1168 1197 et
1200 1159 1383 1199 Cloanthj
1431 1175 1519 1212 sup.
1550 1163 1593 1209 Ι,
1626 1163 1708 1200 612

995 1218 1180 1256 vidimus.
1215 1240 1274 1246 —
1298 1218 1512 1269 Jungenda
1545 1228 1709 1258 autem:

992 1275 1219 1314 Mnestheus
1230 1304 1242 1321 ‚
1268 1288 1365 1312 mox
1384 1276 1512 1312 Italus
1534 1289 1588 1313 sc.
1608 1277 1710 1315 futu-

993 1347 1074 1372 rus,
1091 1355 1150 1361 —-—
1166 1333 1336 1370 Memmi
1359 1333 1515 1370 doctius
1542 1347 1616 1384 pro
1640 1348 1711 1373 no-

993 1391 1185 1427 minativo
1224 1390 1370 1440 plurali
1409 1389 1604 1438 habetur,
1636 1405 1710 1442 pro

994 1448 1149 1499 vulgari
1178 1449 1486 1495 Memmiorum,
1516 1461 1635 1498 quam
1666 1459 1711 1486 ut

995 1508 1045 1543 sit
1064 1519 1192 1557 genus
1211 1505 1396 1543 ,Memmii
1410 1534 1421 1553 ‚
1452 1505 1493 1544 h.
1522 1519 1555 1544 e.
1576 1508 1711 1544 Mnes-

993 1564 1089 1603 thei.
1132 1565 1351 1600 Memmum
1386 1563 1536 1602 Zulich.
1552 1592 1563 1610 ,
1605 1564 1712 1602 unde

995 1623 1132 1660 Heins.
1150 1621 1316 1659 faciebat
1340 1620 1586 1660 stlemmium.

1058 1681 1135 1717 118
1160 1701 1218 1708 —-
1246 1693 1336 1718 120.
1363 1680 1569 1727 Chimaera,
1607 1680 1712 1718 urbis

994 1751 1103 1789 opus,
1138 1739 1297 1776 Servius
1321 1749 1330 1776 :
1357 1737 1413 1774 ita
1449 1750 1601 1789 magna
1619 1765 1630 1783 ,
1668 1747 1711 1774 ιιι·

993 1795 1125 1833 urbem
1159 1803 1338 1846 putares.
1379 1796 1545 1832 Diversa
1589 1795 1713 1845 igitur

992 1855 1144 1891 ratione
1163 1853 1315 1890 dictum
1333 1867 1375 1891 ac
1392 1854 1424 1890 si
1443 1865 1452 1891 :
1474 1852 1714 1901 Pyramides

993 1924 1129 1963 regum
1166 1925 1261 1962 opus
1277 1940 1290 1956 ,
1333 1911 1375 1949 h.
1417 1924 1451 1948 e.
1492 1923 1513 1947 a
1553 1909 1715 1962 regibus

994 1978 1255 2006 exstructum.
1269 1971 1360 2007 Vss.
1379 1982 1396 2005 1
1409 1981 1458 2018 19
1471 1976 1510 2005 et
1528 1981 1544 2005 1
1554 1980 1606 2005 20
1621 1967 1713 2005 clas-

995 2028 1067 2064 sici
1090 2034 1184 2063 sunt
1212 2028 1256 2063 in
1285 2025 1455 2063 triremis
1477 2024 1713 2062 declaranda

994 2084 1121 2122 forma
1140 2092 1179 2120 et
1196 2082 1347 2134 triplici
1360 2083 1500 2120 ordine
1512 2096 1710 2120 remorum

993 2141 1264 2192 remigumque
1282 2154 1354 2191 per
1376 2139 1519 2193 'gradus
1541 2142 1584 2177 in
1613 2140 1712 2178 obli-

994 2212 1118 2249 quum
1155 2198 1373 2236 asserendo.
1409 2197 1524 2236 Adde
1562 2200 1710 2237 Lucan.

994 2258 1078 2303 ΙΙΙ,
1113 2256 1219 2302 5343
1240 2257 1380 2297 Silium
1402 2257 1515 2302 XIV,
1544 2262 1627 2301 424
1650 2269 1708 2307 sq.

993 2323 1032 2351 et
1052 2313 1166 2353 Phot.
1195 2314 1295 2352 Cod.
1326 2313 1546 2359 CCXXIV,
1571 2326 1605 2351 c.
1645 2321 1708 2358 14.

993 2385 1032 2410 v.
1062 2369 1271 2408 Antichitc'z
1297 2370 1340 2407 d'
1368 2370 1502 2409 Ercol.
1535 2379 1631 2408 tom.
1656 2373 1709 2418 V,

994 2428 1169 2480 append.
1192 2440 1353 2472 versus,
1389 2435 1436 2464 ut
1459 2425 1609 2478 στίχος,
1637 2441 1709 2478 per

995 2486 1172 2524 ordinem
1202 2485 1435 2535 explicatur.
1466 2499 1504 2524 v.
1527 2485 1615 2525 Ind.
1646 2487 1708 2523 Li-

995 2544 1100 2582 vian.
1124 2543 1207 2580 Etsi
1223 2543 1399 2579 triremes
1421 2544 1546 2580 serius
1564 2545 1706 2581 inven-

992 2609 1061 2646 tae,
1089 2608 1136 2637 ut
1161 2612 1212 2636 ex
1238 2598 1475 2650 Thucydide
1493 2602 1584 2638 satis
1608 2613 1706 2637 con-

991 2665 1066 2694 stat
1084 2684 1094 2704 ,
1140 2665 1271 2693 tamen
1318 2657 1511 2707 Virgilius
1551 2658 1594 2694 in
1642 2657 1706 2694 his

992 2715 1241 2752 Homericam
1269 2713 1526 2753 subtilitatem
1562 2715 1704 2753 verita·
1766 2759 1767 2762 Ἴ

993 2780 1149 2823 temque
1167 2785 1249 2810 non
1263 2773 1455 2824 sequitur.
