<?xml version="1.0" encoding="UTF-8"?>
<!DOCTYPE html PUBLIC "-//W3C//DTD XHTML 1.0 Transitional//EN"
    "http://www.w3.org/TR/xhtml1/DTD/xhtml1-transitional.dtd">
<html xmlns="http://www.w3.org/1999/xhtml" xml:lang="en" lang="en">
 <head>
  <title>
</title>
<meta http-equiv="Content-Type" content="text/html;charset=utf-8" />
  <meta name='ocr-system' content='tesseract 3.04.00' />
  <meta name='ocr-capabilities' content='ocr_page ocr_carea ocr_par ocr_line ocrx_word'/>
</head>
<body>
  <div class='ocr_page' id='page_1' title='image "./operahey03virguoft_0125.png"; bbox 0 0 1767 3054; ppageno 0'>
   <div class='ocr_carea' id='block_1_1' title="bbox 745 148 1001 186">
    <p class='ocr_par' dir='ltr' id='par_1_1' title="bbox 745 148 1001 186">
     <span class='ocr_line' id='line_1_1' title="bbox 745 148 1001 186; baseline -0.012 -1"><span class='ocrx_word' id='word_1_1' title='bbox 745 148 898 186; x_wconf 84' lang='lat' dir='ltr'>LIBER</span> <span class='ocrx_word' id='word_1_2' title='bbox 930 148 1001 183; x_wconf 74' lang='lat' dir='ltr'><strong>VI.</strong></span> 
     </span>
    </p>
   </div>
   <div class='ocr_carea' id='block_1_2' title="bbox 1550 149 1623 185">
    <p class='ocr_par' dir='ltr' id='par_1_2' title="bbox 1550 149 1623 185">
     <span class='ocr_line' id='line_1_2' title="bbox 1550 149 1623 185; baseline -0.014 0"><span class='ocrx_word' id='word_1_3' title='bbox 1550 149 1623 185; x_wconf 64' lang='lat'><strong>1113</strong></span> 
     </span>
    </p>
   </div>
   <div class='ocr_carea' id='block_1_3' title="bbox 125 216 1635 1104">
    <p class='ocr_par' dir='ltr' id='par_1_3' title="bbox 126 216 1184 280">
     <span class='ocr_line' id='line_1_3' title="bbox 126 216 1184 280; baseline -0.009 -10"><span class='ocrx_word' id='word_1_4' title='bbox 126 225 394 269; x_wconf 83' lang='lat' dir='ltr'>Conclamat</span> <span class='ocrx_word' id='word_1_5' title='bbox 415 231 569 276; x_wconf 85' lang='lat' dir='ltr'><strong>vates,</strong></span> <span class='ocrx_word' id='word_1_6' title='bbox 591 229 789 280; x_wconf 86' lang='lat' dir='ltr'><strong>totoque</strong></span> <span class='ocrx_word' id='word_1_7' title='bbox 815 218 1029 264; x_wconf 84' lang='lat' dir='ltr'><strong>absistite</strong></span> <span class='ocrx_word' id='word_1_8' title='bbox 1050 216 1184 272; x_wconf 87' lang='lat' dir='ltr'><strong>luco;</strong></span> 
     </span>
    </p>

    <p class='ocr_par' dir='ltr' id='par_1_4' title="bbox 125 292 1629 432">
     <span class='ocr_line' id='line_1_4' title="bbox 125 292 1629 360; baseline -0.008 -16"><span class='ocrx_word' id='word_1_9' title='bbox 125 302 292 360; x_wconf 85' lang='lat' dir='ltr'><strong>Tuque</strong></span> <span class='ocrx_word' id='word_1_10' title='bbox 313 294 481 342; x_wconf 79' lang='lat' dir='ltr'><strong>invado</strong></span> <span class='ocrx_word' id='word_1_11' title='bbox 502 293 652 351; x_wconf 83' lang='lat' dir='ltr'><strong>viam,</strong></span> <span class='ocrx_word' id='word_1_12' title='bbox 673 294 940 356; x_wconf 80' lang='lat' dir='ltr'>vaginaque</span> <span class='ocrx_word' id='word_1_13' title='bbox 961 293 1093 355; x_wconf 86' lang='lat' dir='ltr'><strong>eripe</strong></span> <span class='ocrx_word' id='word_1_14' title='bbox 1121 292 1298 337; x_wconf 84' lang='lat' dir='ltr'><strong>serrum</strong></span> <span class='ocrx_word' id='word_1_15' title='bbox 1322 308 1331 335; x_wconf 90' lang='lat'>:</span> <span class='ocrx_word' id='word_1_16' title='bbox 1570 307 1629 334; x_wconf 51' lang='grc' dir='ltr'><strong>,πη</strong></span> 
     </span>
     <span class='ocr_line' id='line_1_5' title="bbox 125 366 1401 432; baseline -0.005 -15"><span class='ocrx_word' id='word_1_17' title='bbox 125 376 264 419; x_wconf 77' lang='lat' dir='ltr'><strong>Nunc</strong></span> <span class='ocrx_word' id='word_1_18' title='bbox 283 370 447 416; x_wconf 87' lang='lat' dir='ltr'><strong>animis</strong></span> <span class='ocrx_word' id='word_1_19' title='bbox 472 386 618 432; x_wconf 86' lang='lat' dir='ltr'><strong>opus,</strong></span> <span class='ocrx_word' id='word_1_20' title='bbox 643 371 818 425; x_wconf 85' lang='lat' dir='ltr'><strong>AEnca,</strong></span> <span class='ocrx_word' id='word_1_21' title='bbox 838 384 964 414; x_wconf 91' lang='lat' dir='ltr'><strong>nunc</strong></span> <span class='ocrx_word' id='word_1_22' title='bbox 990 377 1183 430; x_wconf 80' lang='lat' dir='ltr'><strong>pectore</strong></span> <span class='ocrx_word' id='word_1_23' title='bbox 1209 366 1359 411; x_wconf 84' lang='lat' dir='ltr'><strong>firmo.</strong></span> <span class='ocrx_word' id='word_1_24' title='bbox 1383 386 1401 406; x_wconf 71' lang='lat' dir='ltr'>n</span> 
     </span>
    </p>

    <p class='ocr_par' dir='ltr' id='par_1_5' title="bbox 125 443 1368 504">
     <span class='ocr_line' id='line_1_6' title="bbox 125 443 1368 504; baseline -0.006 -10"><span class='ocrx_word' id='word_1_25' title='bbox 125 451 326 494; x_wconf 88' lang='lat' dir='ltr'><strong>Tantum</strong></span> <span class='ocrx_word' id='word_1_26' title='bbox 349 445 513 502; x_wconf 84' lang='lat' dir='ltr'><strong>effata,</strong></span> <span class='ocrx_word' id='word_1_27' title='bbox 542 445 705 492; x_wconf 87' lang='lat' dir='ltr'><strong>furens</strong></span> <span class='ocrx_word' id='word_1_28' title='bbox 732 455 871 491; x_wconf 85' lang='lat' dir='ltr'><strong>antro</strong></span> <span class='ocrx_word' id='word_1_29' title='bbox 896 461 945 490; x_wconf 87' lang='lat' dir='ltr'><strong>se</strong></span> <span class='ocrx_word' id='word_1_30' title='bbox 969 443 1149 490; x_wconf 88' lang='lat' dir='ltr'><strong>inmisit</strong></span> <span class='ocrx_word' id='word_1_31' title='bbox 1170 453 1335 504; x_wconf 86' lang='lat' dir='ltr'><strong>aperto</strong></span> <span class='ocrx_word' id='word_1_32' title='bbox 1358 460 1368 486; x_wconf 91' lang='lat'>:</span> 
     </span>
    </p>

    <p class='ocr_par' dir='ltr' id='par_1_6' title="bbox 128 518 1466 581">
     <span class='ocr_line' id='line_1_7' title="bbox 128 518 1466 581; baseline -0.005 -11"><span class='ocrx_word' id='word_1_33' title='bbox 128 524 212 571; x_wconf 91' lang='lat' dir='ltr'><strong>Ille</strong></span> <span class='ocrx_word' id='word_1_34' title='bbox 231 522 400 568; x_wconf 90' lang='lat' dir='ltr'><strong>ducem</strong></span> <span class='ocrx_word' id='word_1_35' title='bbox 419 520 548 566; x_wconf 83' lang='lat' dir='ltr'><strong>haud</strong></span> <span class='ocrx_word' id='word_1_36' title='bbox 575 520 751 566; x_wconf 89' lang='lat' dir='ltr'><strong>timidis</strong></span> <span class='ocrx_word' id='word_1_37' title='bbox 777 519 1027 565; x_wconf 81' lang='lat' dir='ltr'><strong>vadentem</strong></span> <span class='ocrx_word' id='word_1_38' title='bbox 1053 518 1271 581; x_wconf 81' lang='lat' dir='ltr'><strong>passibus</strong></span> <span class='ocrx_word' id='word_1_39' title='bbox 1297 529 1466 580; x_wconf 82' lang='lat' dir='ltr'><strong>aequat.</strong></span> 
     </span>
    </p>

    <p class='ocr_par' dir='ltr' id='par_1_7' title="bbox 129 591 1635 806">
     <span class='ocr_line' id='line_1_8' title="bbox 193 591 1635 657; baseline -0.005 -15"><span class='ocrx_word' id='word_1_40' title='bbox 193 596 270 652; x_wconf 92' lang='lat' dir='ltr'><strong>Di,</strong></span> <span class='ocrx_word' id='word_1_41' title='bbox 283 594 457 657; x_wconf 90' lang='lat' dir='ltr'><strong>quibus</strong></span> <span class='ocrx_word' id='word_1_42' title='bbox 471 595 726 657; x_wconf 87' lang='lat' dir='ltr'><strong>imperium</strong></span> <span class='ocrx_word' id='word_1_43' title='bbox 741 606 810 641; x_wconf 88' lang='lat' dir='ltr'><strong>est</strong></span> <span class='ocrx_word' id='word_1_44' title='bbox 825 594 1109 650; x_wconf 88' lang='lat' dir='ltr'><strong>animarum,</strong></span> <span class='ocrx_word' id='word_1_45' title='bbox 1123 591 1415 654; x_wconf 87' lang='lat' dir='ltr'><strong>Umbraeque</strong></span> <span class='ocrx_word' id='word_1_46' title='bbox 1429 593 1635 643; x_wconf 65' lang='lat' dir='ltr'><strong>silentes,</strong></span> 
     </span>
     <span class='ocr_line' id='line_1_9' title="bbox 129 667 1634 731; baseline -0.007 -13"><span class='ocrx_word' id='word_1_47' title='bbox 129 675 187 718; x_wconf 89' lang='lat' dir='ltr'><strong>Et</strong></span> <span class='ocrx_word' id='word_1_48' title='bbox 209 669 388 725; x_wconf 84' lang='lat' dir='ltr'>Chaos,</span> <span class='ocrx_word' id='word_1_49' title='bbox 412 680 457 714; x_wconf 92' lang='lat' dir='ltr'><strong>et</strong></span> <span class='ocrx_word' id='word_1_50' title='bbox 478 668 795 731; x_wconf 81' lang='lat' dir='ltr'><strong>Phlegethon,</strong></span> <span class='ocrx_word' id='word_1_51' title='bbox 816 669 919 714; x_wconf 91' lang='lat' dir='ltr'><strong>loca</strong></span> <span class='ocrx_word' id='word_1_52' title='bbox 939 677 1079 713; x_wconf 90' lang='lat' dir='ltr'><strong>nocte</strong></span> <span class='ocrx_word' id='word_1_53' title='bbox 1100 668 1303 712; x_wconf 83' lang='lat' dir='ltr'><strong>tacentia</strong></span> <span class='ocrx_word' id='word_1_54' title='bbox 1324 667 1438 726; x_wconf 87' lang='lat' dir='ltr'><strong>late,</strong></span> <span class='ocrx_word' id='word_1_55' title='bbox 1577 678 1634 707; x_wconf 68' lang='grc' dir='ltr'><strong>ιω</strong></span> 
     </span>
     <span class='ocr_line' id='line_1_10' title="bbox 132 742 1336 806; baseline -0.002 -14"><span class='ocrx_word' id='word_1_56' title='bbox 132 746 205 793; x_wconf 91' lang='lat' dir='ltr'><strong>Sit</strong></span> <span class='ocrx_word' id='word_1_57' title='bbox 224 744 341 790; x_wconf 89' lang='lat' dir='ltr'><strong>mihi</strong></span> <span class='ocrx_word' id='word_1_58' title='bbox 362 745 429 790; x_wconf 87' lang='lat' dir='ltr'><strong>sas</strong></span> <span class='ocrx_word' id='word_1_59' title='bbox 451 745 613 790; x_wconf 86' lang='lat' dir='ltr'><strong>audita</strong></span> <span class='ocrx_word' id='word_1_60' title='bbox 640 745 795 806; x_wconf 79' lang='lat' dir='ltr'><strong>loqui3</strong></span> <span class='ocrx_word' id='word_1_61' title='bbox 821 744 904 801; x_wconf 87' lang='lat' dir='ltr'><strong>sit,</strong></span> <span class='ocrx_word' id='word_1_62' title='bbox 933 742 1126 789; x_wconf 88' lang='lat' dir='ltr'><strong>numine</strong></span> <span class='ocrx_word' id='word_1_63' title='bbox 1151 753 1336 800; x_wconf 88' lang='lat' dir='ltr'><strong>vestro,</strong></span> 
     </span>
    </p>

    <p class='ocr_par' dir='ltr' id='par_1_8' title="bbox 133 818 1634 1104">
     <span class='ocr_line' id='line_1_11' title="bbox 133 818 1214 880; baseline -0.003 -15"><span class='ocrx_word' id='word_1_64' title='bbox 133 818 347 866; x_wconf 89' lang='lat' dir='ltr'><strong>Pandere</strong></span> <span class='ocrx_word' id='word_1_65' title='bbox 371 835 443 864; x_wconf 87' lang='lat' dir='ltr'><strong>res</strong></span> <span class='ocrx_word' id='word_1_66' title='bbox 469 819 562 864; x_wconf 85' lang='lat' dir='ltr'><strong>alta</strong></span> <span class='ocrx_word' id='word_1_67' title='bbox 587 829 714 864; x_wconf 88' lang='lat' dir='ltr'><strong>terra</strong></span> <span class='ocrx_word' id='word_1_68' title='bbox 734 828 779 864; x_wconf 92' lang='lat' dir='ltr'><strong>et</strong></span> <span class='ocrx_word' id='word_1_69' title='bbox 803 818 1001 880; x_wconf 77' lang='lat' dir='ltr'><strong>caligine</strong></span> <span class='ocrx_word' id='word_1_70' title='bbox 1024 832 1214 862; x_wconf 87' lang='lat' dir='ltr'><strong>mersas.</strong></span> 
     </span>
     <span class='ocr_line' id='line_1_12' title="bbox 200 889 1328 954; baseline -0.004 -14"><span class='ocrx_word' id='word_1_71' title='bbox 200 892 341 940; x_wconf 90' lang='lat' dir='ltr'><strong>Ibant</strong></span> <span class='ocrx_word' id='word_1_72' title='bbox 357 892 549 939; x_wconf 85' lang='lat' dir='ltr'>obscuri</span> <span class='ocrx_word' id='word_1_73' title='bbox 574 893 673 940; x_wconf 89' lang='lat' dir='ltr'><strong>sola</strong></span> <span class='ocrx_word' id='word_1_74' title='bbox 692 893 780 939; x_wconf 90' lang='lat' dir='ltr'><strong>sub</strong></span> <span class='ocrx_word' id='word_1_75' title='bbox 807 903 946 938; x_wconf 88' lang='lat' dir='ltr'><strong>nocte</strong></span> <span class='ocrx_word' id='word_1_76' title='bbox 972 907 1058 954; x_wconf 87' lang='lat' dir='ltr'><strong>per</strong></span> <span class='ocrx_word' id='word_1_77' title='bbox 1084 889 1328 947; x_wconf 88' lang='lat' dir='ltr'><strong>umbram,</strong></span> 
     </span>
     <span class='ocr_line' id='line_1_13' title="bbox 137 966 1303 1030; baseline -0.002 -17"><span class='ocrx_word' id='word_1_78' title='bbox 137 972 319 1030; x_wconf 86' lang='lat' dir='ltr'><strong>Perque</strong></span> <span class='ocrx_word' id='word_1_79' title='bbox 344 967 510 1013; x_wconf 89' lang='lat' dir='ltr'><strong>domos</strong></span> <span class='ocrx_word' id='word_1_80' title='bbox 529 967 651 1013; x_wconf 89' lang='lat' dir='ltr'><strong>Ditis</strong></span> <span class='ocrx_word' id='word_1_81' title='bbox 671 984 869 1024; x_wconf 84' lang='lat' dir='ltr'><strong>vacuas,</strong></span> <span class='ocrx_word' id='word_1_82' title='bbox 890 978 935 1013; x_wconf 90' lang='lat' dir='ltr'><strong>et</strong></span> <span class='ocrx_word' id='word_1_83' title='bbox 960 966 1118 1012; x_wconf 88' lang='lat' dir='ltr'><strong>inania</strong></span> <span class='ocrx_word' id='word_1_84' title='bbox 1144 982 1303 1028; x_wconf 86' lang='lat' dir='ltr'><strong>regna.</strong></span> 
     </span>
     <span class='ocr_line' id='line_1_14' title="bbox 139 1039 1634 1104; baseline -0.003 -18"><span class='ocrx_word' id='word_1_85' title='bbox 139 1042 291 1098; x_wconf 87' lang='lat' dir='ltr'><strong>Quale</strong></span> <span class='ocrx_word' id='word_1_86' title='bbox 311 1058 397 1104; x_wconf 88' lang='lat' dir='ltr'><strong>per</strong></span> <span class='ocrx_word' id='word_1_87' title='bbox 416 1042 644 1088; x_wconf 83' lang='lat' dir='ltr'><strong>incertam</strong></span> <span class='ocrx_word' id='word_1_88' title='bbox 663 1043 824 1089; x_wconf 88' lang='lat' dir='ltr'><strong>lunam</strong></span> <span class='ocrx_word' id='word_1_89' title='bbox 849 1042 938 1088; x_wconf 84' lang='lat' dir='ltr'><strong>sub</strong></span> <span class='ocrx_word' id='word_1_90' title='bbox 961 1041 1065 1086; x_wconf 89' lang='lat' dir='ltr'><strong>lucc</strong></span> <span class='ocrx_word' id='word_1_91' title='bbox 1088 1039 1292 1101; x_wconf 82' lang='lat' dir='ltr'><strong>maligna</strong></span> <span class='ocrx_word' id='word_1_92' title='bbox 1576 1061 1634 1089; x_wconf 75' lang='lat'><strong>270</strong></span> 
     </span>
    </p>
   </div>
   <div class='ocr_carea' id='block_1_4' title="bbox 141 1188 881 2784">
    <p class='ocr_par' dir='ltr' id='par_1_9' title="bbox 141 1188 859 1584">
     <span class='ocr_line' id='line_1_15' title="bbox 141 1188 855 1240; baseline 0.003 -16"><span class='ocrx_word' id='word_1_93' title='bbox 141 1188 203 1226; x_wconf 86' lang='lat' dir='ltr'><strong>da.</strong></span> <span class='ocrx_word' id='word_1_94' title='bbox 225 1190 280 1225; x_wconf 73' lang='lat' dir='ltr'><strong>At</strong></span> <span class='ocrx_word' id='word_1_95' title='bbox 298 1190 388 1238; x_wconf 88' lang='lat' dir='ltr'><strong>quis</strong></span> <span class='ocrx_word' id='word_1_96' title='bbox 411 1202 453 1226; x_wconf 82' lang='lat' dir='ltr'><strong>ea</strong></span> <span class='ocrx_word' id='word_1_97' title='bbox 479 1202 549 1239; x_wconf 87' lang='lat' dir='ltr'><strong>per</strong></span> <span class='ocrx_word' id='word_1_98' title='bbox 571 1188 765 1240; x_wconf 83' lang='lat' dir='ltr'><strong>profanos</strong></span> <span class='ocrx_word' id='word_1_99' title='bbox 789 1189 855 1226; x_wconf 91' lang='lat' dir='ltr'><strong>de-</strong></span> 
     </span>
     <span class='ocr_line' id='line_1_16' title="bbox 142 1246 859 1298; baseline 0.001 -16"><span class='ocrx_word' id='word_1_100' title='bbox 142 1248 290 1297; x_wconf 87' lang='lat' dir='ltr'><strong>signata</strong></span> <span class='ocrx_word' id='word_1_101' title='bbox 307 1246 438 1283; x_wconf 85' lang='lat' dir='ltr'><strong>credat</strong></span> <span class='ocrx_word' id='word_1_102' title='bbox 453 1249 460 1283; x_wconf 94' lang='lat'>!</span> <span class='ocrx_word' id='word_1_103' title='bbox 481 1247 755 1285; x_wconf 63' lang='lat' dir='ltr'><strong>Vl&#39;arburtono</strong></span> <span class='ocrx_word' id='word_1_104' title='bbox 773 1249 859 1298; x_wconf 89' lang='lat' dir='ltr'><strong>qui-</strong></span> 
     </span>
     <span class='ocr_line' id='line_1_17' title="bbox 141 1303 857 1355; baseline 0.001 -15"><span class='ocrx_word' id='word_1_105' title='bbox 141 1303 230 1341; x_wconf 90' lang='lat' dir='ltr'><strong>dem</strong></span> <span class='ocrx_word' id='word_1_106' title='bbox 250 1317 310 1340; x_wconf 90' lang='lat' dir='ltr'><strong>res</strong></span> <span class='ocrx_word' id='word_1_107' title='bbox 326 1313 407 1341; x_wconf 88' lang='lat' dir='ltr'><strong>erat</strong></span> <span class='ocrx_word' id='word_1_108' title='bbox 423 1306 515 1341; x_wconf 82' lang='lat' dir='ltr'><strong>satis</strong></span> <span class='ocrx_word' id='word_1_109' title='bbox 532 1304 714 1355; x_wconf 83' lang='lat' dir='ltr'><strong>expedita</strong></span> <span class='ocrx_word' id='word_1_110' title='bbox 728 1334 738 1352; x_wconf 93' lang='lat'>‚</span> <span class='ocrx_word' id='word_1_111' title='bbox 761 1305 857 1341; x_wconf 86' lang='lat' dir='ltr'><strong>dum</strong></span> 
     </span>
     <span class='ocr_line' id='line_1_18' title="bbox 144 1361 859 1414; baseline 0.001 -16"><span class='ocrx_word' id='word_1_112' title='bbox 144 1362 253 1399; x_wconf 78' lang='lat' dir='ltr'><strong>initia</strong></span> <span class='ocrx_word' id='word_1_113' title='bbox 271 1361 470 1399; x_wconf 82' lang='lat' dir='ltr'><strong>Eleusinia</strong></span> <span class='ocrx_word' id='word_1_114' title='bbox 497 1363 563 1398; x_wconf 92' lang='lat' dir='ltr'><strong>hic</strong></span> <span class='ocrx_word' id='word_1_115' title='bbox 588 1376 770 1414; x_wconf 80' lang='lat' dir='ltr'><strong>expressa</strong></span> <span class='ocrx_word' id='word_1_116' title='bbox 793 1376 859 1400; x_wconf 83' lang='lat' dir='ltr'><strong>vo-</strong></span> 
     </span>
     <span class='ocr_line' id='line_1_19' title="bbox 144 1419 859 1469; baseline 0.003 -13"><span class='ocrx_word' id='word_1_117' title='bbox 144 1419 260 1456; x_wconf 84' lang='lat' dir='ltr'><strong>lebat.</strong></span> <span class='ocrx_word' id='word_1_118' title='bbox 280 1420 382 1468; x_wconf 81' lang='lat' dir='ltr'><strong>Quae</strong></span> <span class='ocrx_word' id='word_1_119' title='bbox 414 1429 638 1469; x_wconf 85' lang='lat' dir='ltr'><strong>sequuntur</strong></span> <span class='ocrx_word' id='word_1_120' title='bbox 652 1449 662 1466; x_wconf 89' lang='lat'><strong><em>‚</em></strong></span> <span class='ocrx_word' id='word_1_121' title='bbox 700 1421 749 1457; x_wconf 89' lang='lat' dir='ltr'><strong>de</strong></span> <span class='ocrx_word' id='word_1_122' title='bbox 768 1434 859 1458; x_wconf 83' lang='lat' dir='ltr'><strong>ense</strong></span> 
     </span>
     <span class='ocr_line' id='line_1_20' title="bbox 143 1475 859 1520; baseline 0.003 -7"><span class='ocrx_word' id='word_1_123' title='bbox 143 1475 294 1514; x_wconf 83' lang='lat' dir='ltr'><strong>nudato</strong></span> <span class='ocrx_word' id='word_1_124' title='bbox 311 1504 322 1520; x_wconf 91' lang='lat'>‚</span> <span class='ocrx_word' id='word_1_125' title='bbox 374 1489 425 1513; x_wconf 87' lang='lat' dir='ltr'><strong>ex</strong></span> <span class='ocrx_word' id='word_1_126' title='bbox 465 1478 641 1515; x_wconf 87' lang='lat' dir='ltr'><strong>Homero</strong></span> <span class='ocrx_word' id='word_1_127' title='bbox 683 1487 859 1515; x_wconf 86' lang='lat' dir='ltr'><strong>mutuata</strong></span> 
     </span>
     <span class='ocr_line' id='line_1_21' title="bbox 145 1532 625 1584; baseline 0 -13"><span class='ocrx_word' id='word_1_128' title='bbox 145 1544 240 1571; x_wconf 87' lang='lat' dir='ltr'><strong>sunt</strong></span> <span class='ocrx_word' id='word_1_129' title='bbox 258 1532 401 1584; x_wconf 80' lang='lat' dir='ltr'><strong>Odyss.</strong></span> <span class='ocrx_word' id='word_1_130' title='bbox 422 1537 445 1571; x_wconf 80' lang='grc' dir='ltr'>λ</span> <span class='ocrx_word' id='word_1_131' title='bbox 459 1563 470 1580; x_wconf 90' lang='grc'><strong>,</strong></span> <span class='ocrx_word' id='word_1_132' title='bbox 493 1535 544 1579; x_wconf 81' lang='grc'><strong>48</strong></span> <span class='ocrx_word' id='word_1_133' title='bbox 566 1548 625 1584; x_wconf 89' lang='lat' dir='ltr'><strong>sq.</strong></span> 
     </span>
    </p>

    <p class='ocr_par' dir='ltr' id='par_1_10' title="bbox 146 1591 881 2784">
     <span class='ocr_line' id='line_1_22' title="bbox 205 1591 861 1643; baseline 0 -15"><span class='ocrx_word' id='word_1_134' title='bbox 205 1591 287 1628; x_wconf 82' lang='lat'><strong>265</strong></span> <span class='ocrx_word' id='word_1_135' title='bbox 301 1592 469 1638; x_wconf 84' lang='lat'><strong>-267.</strong></span> <span class='ocrx_word' id='word_1_136' title='bbox 506 1592 636 1630; x_wconf 86' lang='lat' dir='ltr'><strong>Habet</strong></span> <span class='ocrx_word' id='word_1_137' title='bbox 665 1593 861 1643; x_wconf 81' lang='lat' dir='ltr'><strong>insignem</strong></span> 
     </span>
     <span class='ocr_line' id='line_1_23' title="bbox 147 1648 864 1696; baseline 0.001 -11"><span class='ocrx_word' id='word_1_138' title='bbox 147 1651 228 1686; x_wconf 81' lang='lat' dir='ltr'><strong>vim</strong></span> <span class='ocrx_word' id='word_1_139' title='bbox 263 1648 311 1686; x_wconf 85' lang='lat' dir='ltr'><strong>ad</strong></span> <span class='ocrx_word' id='word_1_140' title='bbox 345 1651 497 1687; x_wconf 86' lang='lat' dir='ltr'><strong>animos</strong></span> <span class='ocrx_word' id='word_1_141' title='bbox 533 1649 788 1696; x_wconf 82' lang='lat' dir='ltr'><strong>excitandos,</strong></span> <span class='ocrx_word' id='word_1_142' title='bbox 825 1659 864 1687; x_wconf 86' lang='lat' dir='ltr'><strong>et</strong></span> 
     </span>
     <span class='ocr_line' id='line_1_24' title="bbox 146 1707 863 1757; baseline -0.001 -13"><span class='ocrx_word' id='word_1_143' title='bbox 146 1707 312 1744; x_wconf 86' lang='lat' dir='ltr'><strong>horrore</strong></span> <span class='ocrx_word' id='word_1_144' title='bbox 337 1707 515 1757; x_wconf 87' lang='lat' dir='ltr'><strong>quodam</strong></span> <span class='ocrx_word' id='word_1_145' title='bbox 544 1720 654 1744; x_wconf 83' lang='lat' dir='ltr'><strong>sacro</strong></span> <span class='ocrx_word' id='word_1_146' title='bbox 683 1707 863 1744; x_wconf 88' lang='lat' dir='ltr'><strong>imbuen-</strong></span> 
     </span>
     <span class='ocr_line' id='line_1_25' title="bbox 149 1764 863 1810; baseline 0 -9"><span class='ocrx_word' id='word_1_147' title='bbox 149 1764 244 1810; x_wconf 87' lang='lat' dir='ltr'><strong>dos,</strong></span> <span class='ocrx_word' id='word_1_148' title='bbox 277 1764 409 1801; x_wconf 88' lang='lat' dir='ltr'><strong>subita</strong></span> <span class='ocrx_word' id='word_1_149' title='bbox 441 1765 525 1801; x_wconf 84' lang='lat' dir='ltr'><strong>haec</strong></span> <span class='ocrx_word' id='word_1_150' title='bbox 561 1764 730 1802; x_wconf 86' lang='lat' dir='ltr'><strong>deorum</strong></span> <span class='ocrx_word' id='word_1_151' title='bbox 763 1765 863 1801; x_wconf 83' lang='lat' dir='ltr'><strong>infe-</strong></span> 
     </span>
     <span class='ocr_line' id='line_1_26' title="bbox 150 1823 863 1873; baseline 0 -15"><span class='ocrx_word' id='word_1_152' title='bbox 150 1834 288 1859; x_wconf 86' lang='lat' dir='ltr'><strong>rorum</strong></span> <span class='ocrx_word' id='word_1_153' title='bbox 305 1831 345 1858; x_wconf 88' lang='lat' dir='ltr'><strong>et</strong></span> <span class='ocrx_word' id='word_1_154' title='bbox 359 1823 543 1860; x_wconf 85' lang='lat' dir='ltr'><strong>Manium</strong></span> <span class='ocrx_word' id='word_1_155' title='bbox 558 1823 769 1873; x_wconf 87' lang='lat' dir='ltr'><strong>appellatio</strong></span> <span class='ocrx_word' id='word_1_156' title='bbox 783 1851 793 1868; x_wconf 89' lang='lat'>,</span> <span class='ocrx_word' id='word_1_157' title='bbox 819 1831 863 1858; x_wconf 90' lang='lat' dir='ltr'><strong>ut</strong></span> 
     </span>
     <span class='ocr_line' id='line_1_27' title="bbox 152 1878 864 1929; baseline 0 -14"><span class='ocrx_word' id='word_1_158' title='bbox 152 1887 256 1915; x_wconf 91' lang='lat' dir='ltr'><strong>recte</strong></span> <span class='ocrx_word' id='word_1_159' title='bbox 279 1878 328 1915; x_wconf 81' lang='lat' dir='ltr'><strong>ab</strong></span> <span class='ocrx_word' id='word_1_160' title='bbox 353 1881 530 1929; x_wconf 88' lang='lat' dir='ltr'><strong>Interpp.</strong></span> <span class='ocrx_word' id='word_1_161' title='bbox 551 1889 745 1918; x_wconf 83' lang='lat' dir='ltr'><strong>notatum.</strong></span> <span class='ocrx_word' id='word_1_162' title='bbox 765 1883 864 1918; x_wconf 86' lang='lat' dir='ltr'><strong>Sane</strong></span> 
     </span>
     <span class='ocr_line' id='line_1_28' title="bbox 153 1936 864 1986; baseline 0.001 -13"><span class='ocrx_word' id='word_1_163' title='bbox 153 1945 288 1986; x_wconf 78' lang='lat' dir='ltr'><strong>poeta,</strong></span> <span class='ocrx_word' id='word_1_164' title='bbox 323 1936 432 1986; x_wconf 88' lang='lat' dir='ltr'><strong>quod</strong></span> <span class='ocrx_word' id='word_1_165' title='bbox 469 1937 617 1986; x_wconf 87' lang='lat' dir='ltr'><strong>alioqui</strong></span> <span class='ocrx_word' id='word_1_166' title='bbox 654 1937 864 1986; x_wconf 88' lang='lat' dir='ltr'><strong>reprehen-</strong></span> 
     </span>
     <span class='ocr_line' id='line_1_29' title="bbox 154 1993 867 2044; baseline 0.001 -14"><span class='ocrx_word' id='word_1_167' title='bbox 154 1996 305 2031; x_wconf 81' lang='lat' dir='ltr'><strong>sionem</strong></span> <span class='ocrx_word' id='word_1_168' title='bbox 334 1993 473 2038; x_wconf 82' lang='lat' dir='ltr'><strong>habet,</strong></span> <span class='ocrx_word' id='word_1_169' title='bbox 517 2007 626 2031; x_wconf 88' lang='lat' dir='ltr'><strong>nunc</strong></span> <span class='ocrx_word' id='word_1_170' title='bbox 662 1996 793 2044; x_wconf 85' lang='lat' dir='ltr'><strong>ipsum</strong></span> <span class='ocrx_word' id='word_1_171' title='bbox 827 2008 867 2031; x_wconf 84' lang='lat' dir='ltr'><strong>se</strong></span> 
     </span>
     <span class='ocr_line' id='line_1_30' title="bbox 155 2050 868 2102; baseline 0 -14"><span class='ocrx_word' id='word_1_172' title='bbox 155 2050 311 2102; x_wconf 82' lang='lat' dir='ltr'><strong>prodit,</strong></span> <span class='ocrx_word' id='word_1_173' title='bbox 333 2060 372 2087; x_wconf 90' lang='lat' dir='ltr'><strong>et</strong></span> <span class='ocrx_word' id='word_1_174' title='bbox 392 2051 638 2088; x_wconf 84' lang='lat' dir='ltr'><strong>audientium</strong></span> <span class='ocrx_word' id='word_1_175' title='bbox 658 2053 809 2088; x_wconf 85' lang='lat' dir='ltr'><strong>animos</strong></span> <span class='ocrx_word' id='word_1_176' title='bbox 827 2052 868 2088; x_wconf 91' lang='lat' dir='ltr'><strong>in</strong></span> 
     </span>
     <span class='ocr_line' id='line_1_31' title="bbox 156 2109 872 2156; baseline -0.001 -10"><span class='ocrx_word' id='word_1_177' title='bbox 156 2123 195 2146; x_wconf 75' lang='lat' dir='ltr'><strong>se</strong></span> <span class='ocrx_word' id='word_1_178' title='bbox 223 2111 419 2146; x_wconf 83' lang='lat' dir='ltr'><strong>convertit</strong></span> <span class='ocrx_word' id='word_1_179' title='bbox 437 2122 446 2147; x_wconf 95' lang='lat'><strong>:</strong></span> <span class='ocrx_word' id='word_1_180' title='bbox 472 2109 543 2146; x_wconf 88' lang='lat' dir='ltr'><strong>etsi</strong></span> <span class='ocrx_word' id='word_1_181' title='bbox 560 2110 644 2156; x_wconf 85' lang='lat' dir='ltr'><strong>ejus</strong></span> <span class='ocrx_word' id='word_1_182' title='bbox 662 2109 771 2145; x_wconf 86' lang='lat' dir='ltr'><strong>nulla</strong></span> <span class='ocrx_word' id='word_1_183' title='bbox 790 2123 872 2146; x_wconf 88' lang='lat' dir='ltr'><strong>om-</strong></span> 
     </span>
     <span class='ocr_line' id='line_1_32' title="bbox 158 2167 874 2204; baseline 0 0"><span class='ocrx_word' id='word_1_184' title='bbox 158 2168 255 2204; x_wconf 81' lang='lat' dir='ltr'><strong>uino</strong></span> <span class='ocrx_word' id='word_1_185' title='bbox 274 2167 493 2204; x_wconf 84' lang='lat' dir='ltr'><strong>recordatio</strong></span> <span class='ocrx_word' id='word_1_186' title='bbox 510 2167 553 2203; x_wconf 93' lang='lat' dir='ltr'><strong>in</strong></span> <span class='ocrx_word' id='word_1_187' title='bbox 576 2168 801 2204; x_wconf 82' lang='lat' dir='ltr'><strong>narratione</strong></span> <span class='ocrx_word' id='word_1_188' title='bbox 820 2181 874 2203; x_wconf 82' lang='lat' dir='ltr'><strong>es-</strong></span> 
     </span>
     <span class='ocr_line' id='line_1_33' title="bbox 157 2224 868 2275; baseline 0 -14"><span class='ocrx_word' id='word_1_189' title='bbox 157 2239 196 2261; x_wconf 77' lang='lat' dir='ltr'><strong>se</strong></span> <span class='ocrx_word' id='word_1_190' title='bbox 233 2224 427 2271; x_wconf 57' lang='lat' dir='ltr'><strong>debelnt,</strong></span> <span class='ocrx_word' id='word_1_191' title='bbox 459 2226 607 2275; x_wconf 87' lang='lat' dir='ltr'><strong>quippe</strong></span> <span class='ocrx_word' id='word_1_192' title='bbox 641 2238 718 2274; x_wconf 88' lang='lat' dir='ltr'><strong>qua</strong></span> <span class='ocrx_word' id='word_1_193' title='bbox 758 2238 868 2261; x_wconf 86' lang='lat' dir='ltr'><strong>error</strong></span> 
     </span>
     <span class='ocr_line' id='line_1_34' title="bbox 157 2282 868 2333; baseline -0.001 -14"><span class='ocrx_word' id='word_1_194' title='bbox 157 2282 222 2319; x_wconf 87' lang='lat' dir='ltr'><strong>ille</strong></span> <span class='ocrx_word' id='word_1_195' title='bbox 240 2284 482 2333; x_wconf 84' lang='lat' dir='ltr'><strong>gratissimus</strong></span> <span class='ocrx_word' id='word_1_196' title='bbox 496 2311 506 2327; x_wconf 91' lang='lat'>,</span> <span class='ocrx_word' id='word_1_197' title='bbox 523 2295 604 2332; x_wconf 89' lang='lat' dir='ltr'><strong>quo</strong></span> <span class='ocrx_word' id='word_1_198' title='bbox 624 2283 718 2332; x_wconf 88' lang='lat' dir='ltr'><strong>ipsis</strong></span> <span class='ocrx_word' id='word_1_199' title='bbox 737 2282 868 2327; x_wconf 86' lang='lat' dir='ltr'><strong>rebus,</strong></span> 
     </span>
     <span class='ocr_line' id='line_1_35' title="bbox 159 2340 869 2390; baseline 0.001 -14"><span class='ocrx_word' id='word_1_200' title='bbox 159 2352 249 2390; x_wconf 87' lang='lat' dir='ltr'><strong>quae</strong></span> <span class='ocrx_word' id='word_1_201' title='bbox 290 2349 488 2390; x_wconf 80' lang='lat' dir='ltr'><strong>aguntur,</strong></span> <span class='ocrx_word' id='word_1_202' title='bbox 530 2341 716 2376; x_wconf 87' lang='lat' dir='ltr'><strong>interesse</strong></span> <span class='ocrx_word' id='word_1_203' title='bbox 755 2340 869 2377; x_wconf 81' lang='lat' dir='ltr'><strong>volu-</strong></span> 
     </span>
     <span class='ocr_line' id='line_1_36' title="bbox 160 2397 873 2449; baseline 0 -15"><span class='ocrx_word' id='word_1_204' title='bbox 160 2410 247 2434; x_wconf 83' lang='lat' dir='ltr'><strong>mus</strong></span> <span class='ocrx_word' id='word_1_205' title='bbox 260 2425 271 2443; x_wconf 93' lang='lat'>‚</span> <span class='ocrx_word' id='word_1_206' title='bbox 292 2411 376 2434; x_wconf 90' lang='lat' dir='ltr'><strong>non</strong></span> <span class='ocrx_word' id='word_1_207' title='bbox 394 2397 534 2435; x_wconf 87' lang='lat' dir='ltr'><strong>audire</strong></span> <span class='ocrx_word' id='word_1_208' title='bbox 557 2411 618 2435; x_wconf 89' lang='lat' dir='ltr'><strong>res</strong></span> <span class='ocrx_word' id='word_1_209' title='bbox 639 2406 764 2449; x_wconf 83' lang='lat' dir='ltr'><strong>gestas</strong></span> <span class='ocrx_word' id='word_1_210' title='bbox 788 2411 873 2434; x_wconf 84' lang='lat' dir='ltr'><strong>nar·</strong></span> 
     </span>
     <span class='ocr_line' id='line_1_37' title="bbox 162 2456 874 2506; baseline 0.001 -15"><span class='ocrx_word' id='word_1_211' title='bbox 162 2463 252 2492; x_wconf 82' lang='lat' dir='ltr'><strong>ratu</strong></span> <span class='ocrx_word' id='word_1_212' title='bbox 282 2464 433 2506; x_wconf 83' lang='lat' dir='ltr'><strong>poetae,</strong></span> <span class='ocrx_word' id='word_1_213' title='bbox 465 2456 632 2495; x_wconf 88' lang='lat' dir='ltr'><strong>tollitur.</strong></span> <span class='ocrx_word' id='word_1_214' title='bbox 660 2457 874 2493; x_wconf 78' lang='lat' dir='ltr'><strong>Enimvero</strong></span> 
     </span>
     <span class='ocr_line' id='line_1_38' title="bbox 162 2513 875 2565; baseline 0 -15"><span class='ocrx_word' id='word_1_215' title='bbox 162 2514 328 2550; x_wconf 81' lang='lat' dir='ltr'><strong>Homeri</strong></span> <span class='ocrx_word' id='word_1_216' title='bbox 342 2527 504 2565; x_wconf 87' lang='lat' dir='ltr'><strong>quoque</strong></span> <span class='ocrx_word' id='word_1_217' title='bbox 518 2513 671 2561; x_wconf 85' lang='lat' dir='ltr'><strong>judicio</strong></span> <span class='ocrx_word' id='word_1_218' title='bbox 687 2522 726 2551; x_wconf 93' lang='lat' dir='ltr'><strong>et</strong></span> <span class='ocrx_word' id='word_1_219' title='bbox 744 2527 875 2550; x_wconf 81' lang='lat' dir='ltr'><strong>exem-</strong></span> 
     </span>
     <span class='ocr_line' id='line_1_39' title="bbox 163 2569 878 2622; baseline 0 -15"><span class='ocrx_word' id='word_1_220' title='bbox 163 2569 255 2620; x_wconf 89' lang='lat' dir='ltr'><strong>plo,</strong></span> <span class='ocrx_word' id='word_1_221' title='bbox 290 2572 335 2608; x_wconf 88' lang='lat' dir='ltr'><strong>in</strong></span> <span class='ocrx_word' id='word_1_222' title='bbox 367 2571 615 2609; x_wconf 86' lang='lat' dir='ltr'><strong>memorabili</strong></span> <span class='ocrx_word' id='word_1_223' title='bbox 650 2571 783 2622; x_wconf 87' lang='lat' dir='ltr'><strong>aliquo</strong></span> <span class='ocrx_word' id='word_1_224' title='bbox 820 2584 878 2607; x_wconf 85' lang='lat' dir='ltr'><strong>re·</strong></span> 
     </span>
     <span class='ocr_line' id='line_1_40' title="bbox 165 2629 878 2668; baseline 0.001 -4"><span class='ocrx_word' id='word_1_225' title='bbox 165 2639 256 2665; x_wconf 81' lang='lat' dir='ltr'><strong>rum</strong></span> <span class='ocrx_word' id='word_1_226' title='bbox 272 2629 442 2668; x_wconf 84' lang='lat' dir='ltr'><strong>articulo</strong></span> <span class='ocrx_word' id='word_1_227' title='bbox 468 2631 762 2667; x_wconf 85' lang='lat' dir='ltr'><strong>invocationem</strong></span> <span class='ocrx_word' id='word_1_228' title='bbox 789 2630 878 2666; x_wconf 86' lang='lat' dir='ltr'><strong>facit</strong></span> 
     </span>
     <span class='ocr_line' id='line_1_41' title="bbox 166 2687 877 2734; baseline 0.001 -11"><span class='ocrx_word' id='word_1_229' title='bbox 166 2694 294 2734; x_wconf 79' lang='lat' dir='ltr'><strong>poeta.</strong></span> <span class='ocrx_word' id='word_1_230' title='bbox 313 2687 381 2724; x_wconf 84' lang='lat' dir='ltr'><strong>Ad</strong></span> <span class='ocrx_word' id='word_1_231' title='bbox 410 2689 646 2724; x_wconf 86' lang='lat' dir='ltr'><strong>sententiam</strong></span> <span class='ocrx_word' id='word_1_232' title='bbox 666 2687 714 2725; x_wconf 88' lang='lat' dir='ltr'><strong>cf.</strong></span> <span class='ocrx_word' id='word_1_233' title='bbox 743 2690 877 2725; x_wconf 83' lang='lat' dir='ltr'><strong>Senec.</strong></span> 
     </span>
     <span class='ocr_line' id='line_1_42' title="bbox 170 2742 881 2784; baseline 0 -4"><span class='ocrx_word' id='word_1_234' title='bbox 170 2742 286 2782; x_wconf 79' lang='lat' dir='ltr'><strong>Herc.</strong></span> <span class='ocrx_word' id='word_1_235' title='bbox 319 2743 398 2782; x_wconf 75' lang='lat' dir='ltr'><strong>fur.</strong></span> <span class='ocrx_word' id='word_1_236' title='bbox 434 2745 516 2782; x_wconf 86' lang='lat'><strong>658</strong></span> <span class='ocrx_word' id='word_1_237' title='bbox 548 2767 608 2774; x_wconf 93' lang='lat'><strong>-—-</strong></span> <span class='ocrx_word' id='word_1_238' title='bbox 639 2745 736 2783; x_wconf 85' lang='lat'><strong>661.</strong></span> <span class='ocrx_word' id='word_1_239' title='bbox 769 2747 881 2784; x_wconf 81' lang='lat' dir='ltr'><strong>Cete-</strong></span> 
     </span>
    </p>
   </div>
   <div class='ocr_carea' id='block_1_5' title="bbox 925 1187 1661 2792">
    <p class='ocr_par' dir='ltr' id='par_1_11' title="bbox 925 1187 1649 2030">
     <span class='ocr_line' id='line_1_43' title="bbox 925 1187 1641 1236; baseline -0.007 -11"><span class='ocrx_word' id='word_1_240' title='bbox 925 1207 943 1221; x_wconf 90' lang='lat'>«</span> <span class='ocrx_word' id='word_1_241' title='bbox 965 1189 1111 1236; x_wconf 83' lang='lat' dir='ltr'><strong>majore</strong></span> <span class='ocrx_word' id='word_1_242' title='bbox 1136 1194 1267 1226; x_wconf 84' lang='lat' dir='ltr'><strong>autem</strong></span> <span class='ocrx_word' id='word_1_243' title='bbox 1289 1194 1398 1236; x_wconf 87' lang='lat' dir='ltr'><strong>parte</strong></span> <span class='ocrx_word' id='word_1_244' title='bbox 1421 1187 1616 1236; x_wconf 85' lang='lat' dir='ltr'><strong>Syronem</strong></span> <span class='ocrx_word' id='word_1_245' title='bbox 1631 1214 1641 1230; x_wconf 92' lang='lat'>‚</span> 
     </span>
     <span class='ocr_line' id='line_1_44' title="bbox 925 1244 1644 1294; baseline -0.007 -10"><span class='ocrx_word' id='word_1_246' title='bbox 925 1264 943 1278; x_wconf 72' lang='lat' dir='ltr'>u</span> <span class='ocrx_word' id='word_1_247' title='bbox 966 1246 1009 1283; x_wconf 89' lang='lat' dir='ltr'><strong>id</strong></span> <span class='ocrx_word' id='word_1_248' title='bbox 1031 1255 1113 1294; x_wconf 87' lang='lat' dir='ltr'><strong>est,</strong></span> <span class='ocrx_word' id='word_1_249' title='bbox 1146 1245 1375 1294; x_wconf 84' lang='lat' dir='ltr'><strong>magistrum</strong></span> <span class='ocrx_word' id='word_1_250' title='bbox 1406 1256 1525 1280; x_wconf 86' lang='lat' dir='ltr'><strong>suum</strong></span> <span class='ocrx_word' id='word_1_251' title='bbox 1552 1244 1644 1293; x_wconf 86' lang='lat' dir='ltr'><strong>Epi-</strong></span> 
     </span>
     <span class='ocr_line' id='line_1_45' title="bbox 927 1300 1640 1351; baseline -0.006 -10"><span class='ocrx_word' id='word_1_252' title='bbox 927 1321 945 1335; x_wconf 85' lang='lat'>«</span> <span class='ocrx_word' id='word_1_253' title='bbox 966 1317 1151 1351; x_wconf 78' lang='lat' dir='ltr'><strong>careum,</strong></span> <span class='ocrx_word' id='word_1_254' title='bbox 1183 1303 1375 1350; x_wconf 85' lang='lat' dir='ltr'><strong>sequitur.</strong></span> <span class='ocrx_word' id='word_1_255' title='bbox 1403 1320 1421 1333; x_wconf 75' lang='lat' dir='ltr'>n</span> <span class='ocrx_word' id='word_1_256' title='bbox 1446 1300 1460 1350; x_wconf 87' lang='lat'>(</span> <span class='ocrx_word' id='word_1_257' title='bbox 1484 1301 1533 1338; x_wconf 89' lang='lat' dir='ltr'><strong>cf.</strong></span> <span class='ocrx_word' id='word_1_258' title='bbox 1559 1302 1640 1337; x_wconf 94' lang='lat' dir='ltr'><strong>Do-</strong></span> 
     </span>
     <span class='ocr_line' id='line_1_46' title="bbox 926 1357 1645 1409; baseline -0.006 -11"><span class='ocrx_word' id='word_1_259' title='bbox 926 1370 1008 1399; x_wconf 84' lang='lat' dir='ltr'><strong>nat.</strong></span> <span class='ocrx_word' id='word_1_260' title='bbox 1034 1363 1115 1402; x_wconf 87' lang='lat' dir='ltr'><strong>Vit.</strong></span> <span class='ocrx_word' id='word_1_261' title='bbox 1141 1363 1256 1409; x_wconf 80' lang='lat' dir='ltr'><strong>virg.</strong></span> <span class='ocrx_word' id='word_1_262' title='bbox 1293 1358 1318 1409; x_wconf 81' lang='lat'>§</span> <span class='ocrx_word' id='word_1_263' title='bbox 1354 1358 1450 1409; x_wconf 81' lang='lat'><strong>79.)</strong></span> <span class='ocrx_word' id='word_1_264' title='bbox 1480 1357 1645 1395; x_wconf 79' lang='lat' dir='ltr'><strong>Indocte</strong></span> 
     </span>
     <span class='ocr_line' id='line_1_47' title="bbox 926 1417 1643 1466; baseline -0.007 -10"><span class='ocrx_word' id='word_1_265' title='bbox 926 1419 1017 1457; x_wconf 91' lang='lat' dir='ltr'><strong>hoc.</strong></span> <span class='ocrx_word' id='word_1_266' title='bbox 1056 1422 1158 1459; x_wconf 86' lang='lat' dir='ltr'><strong>Nam</strong></span> <span class='ocrx_word' id='word_1_267' title='bbox 1191 1417 1377 1466; x_wconf 75' lang='lat' dir='ltr'><strong>Epicurei</strong></span> <span class='ocrx_word' id='word_1_268' title='bbox 1417 1417 1643 1453; x_wconf 86' lang='lat' dir='ltr'><strong>alienissimi</strong></span> 
     </span>
     <span class='ocr_line' id='line_1_48' title="bbox 927 1474 1644 1519; baseline -0.006 -6"><span class='ocrx_word' id='word_1_269' title='bbox 927 1477 976 1513; x_wconf 86' lang='lat' dir='ltr'><strong>ab</strong></span> <span class='ocrx_word' id='word_1_270' title='bbox 993 1476 1056 1513; x_wconf 85' lang='lat' dir='ltr'><strong>his</strong></span> <span class='ocrx_word' id='word_1_271' title='bbox 1073 1477 1230 1514; x_wconf 85' lang='lat' dir='ltr'><strong>fabulis.</strong></span> <span class='ocrx_word' id='word_1_272' title='bbox 1257 1474 1362 1513; x_wconf 91' lang='lat' dir='ltr'><strong>conf.</strong></span> <span class='ocrx_word' id='word_1_273' title='bbox 1385 1475 1541 1511; x_wconf 88' lang='lat' dir='ltr'><strong>Lucret.</strong></span> <span class='ocrx_word' id='word_1_274' title='bbox 1562 1476 1620 1510; x_wconf 85' lang='lat'><strong>111</strong></span> <span class='ocrx_word' id='word_1_275' title='bbox 1634 1502 1644 1519; x_wconf 74' lang='lat'>‚</span> 
     </span>
     <span class='ocr_line' id='line_1_49' title="bbox 928 1533 1646 1584; baseline -0.006 -13"><span class='ocrx_word' id='word_1_276' title='bbox 928 1534 1007 1584; x_wconf 78' lang='lat'><strong>951</strong></span> <span class='ocrx_word' id='word_1_277' title='bbox 1031 1548 1115 1584; x_wconf 84' lang='lat' dir='ltr'><strong>sqq.</strong></span> <span class='ocrx_word' id='word_1_278' title='bbox 1139 1533 1271 1573; x_wconf 75' lang='lat' dir='ltr'><strong>Chaos</strong></span> <span class='ocrx_word' id='word_1_279' title='bbox 1290 1533 1391 1569; x_wconf 87' lang='lat' dir='ltr'><strong>bene</strong></span> <span class='ocrx_word' id='word_1_280' title='bbox 1411 1534 1623 1569; x_wconf 84' lang='lat' dir='ltr'><strong>invocatur</strong></span> <span class='ocrx_word' id='word_1_281' title='bbox 1638 1561 1646 1576; x_wconf 93' lang='lat'>‚</span> 
     </span>
     <span class='ocr_line' id='line_1_50' title="bbox 928 1589 1644 1641; baseline -0.006 -13"><span class='ocrx_word' id='word_1_282' title='bbox 928 1605 978 1628; x_wconf 88' lang='lat' dir='ltr'><strong>ex</strong></span> <span class='ocrx_word' id='word_1_283' title='bbox 1017 1605 1097 1641; x_wconf 86' lang='lat' dir='ltr'><strong>quo</strong></span> <span class='ocrx_word' id='word_1_284' title='bbox 1128 1593 1222 1629; x_wconf 81' lang='lat' dir='ltr'><strong>Nox</strong></span> <span class='ocrx_word' id='word_1_285' title='bbox 1254 1599 1371 1635; x_wconf 87' lang='lat' dir='ltr'><strong>nata,</strong></span> <span class='ocrx_word' id='word_1_286' title='bbox 1407 1599 1447 1626; x_wconf 90' lang='lat' dir='ltr'><strong>et</strong></span> <span class='ocrx_word' id='word_1_287' title='bbox 1480 1589 1644 1627; x_wconf 77' lang='lat' dir='ltr'><strong>Erebus.</strong></span> 
     </span>
     <span class='ocr_line' id='line_1_51' title="bbox 929 1647 1647 1700; baseline -0.003 -15"><span class='ocrx_word' id='word_1_288' title='bbox 929 1648 1178 1700; x_wconf 73' lang='lat' dir='ltr'><strong>Phlegethon</strong></span> <span class='ocrx_word' id='word_1_289' title='bbox 1197 1651 1364 1687; x_wconf 88' lang='lat' dir='ltr'><strong>omnino</strong></span> <span class='ocrx_word' id='word_1_290' title='bbox 1379 1660 1454 1697; x_wconf 86' lang='lat' dir='ltr'><strong>pro</strong></span> <span class='ocrx_word' id='word_1_291' title='bbox 1472 1647 1571 1684; x_wconf 87' lang='lat' dir='ltr'><strong>locis</strong></span> <span class='ocrx_word' id='word_1_292' title='bbox 1592 1648 1647 1683; x_wconf 89' lang='lat' dir='ltr'><strong>in-</strong></span> 
     </span>
     <span class='ocr_line' id='line_1_52' title="bbox 930 1706 1647 1751; baseline -0.003 -9"><span class='ocrx_word' id='word_1_293' title='bbox 930 1706 1045 1751; x_wconf 87' lang='lat' dir='ltr'><strong>feris,</strong></span> <span class='ocrx_word' id='word_1_294' title='bbox 1073 1706 1141 1744; x_wconf 91' lang='lat' dir='ltr'><strong>sed</strong></span> <span class='ocrx_word' id='word_1_295' title='bbox 1169 1707 1218 1744; x_wconf 85' lang='lat' dir='ltr'><strong>ad</strong></span> <span class='ocrx_word' id='word_1_296' title='bbox 1251 1717 1443 1745; x_wconf 87' lang='lat' dir='ltr'><strong>terrorem</strong></span> <span class='ocrx_word' id='word_1_297' title='bbox 1467 1706 1647 1742; x_wconf 84' lang='lat' dir='ltr'><strong>nomina-</strong></span> 
     </span>
     <span class='ocr_line' id='line_1_53' title="bbox 932 1763 1646 1814; baseline -0.004 -14"><span class='ocrx_word' id='word_1_298' title='bbox 932 1773 994 1801; x_wconf 85' lang='lat' dir='ltr'><strong>tus</strong></span> <span class='ocrx_word' id='word_1_299' title='bbox 1031 1778 1114 1814; x_wconf 88' lang='lat' dir='ltr'><strong>prae</strong></span> <span class='ocrx_word' id='word_1_300' title='bbox 1143 1767 1294 1803; x_wconf 86' lang='lat' dir='ltr'><strong>ceteris.</strong></span> <span class='ocrx_word' id='word_1_301' title='bbox 1325 1763 1433 1801; x_wconf 87' lang='lat' dir='ltr'><strong>conf.</strong></span> <span class='ocrx_word' id='word_1_302' title='bbox 1461 1763 1536 1800; x_wconf 87' lang='lat' dir='ltr'><strong>inf.</strong></span> <span class='ocrx_word' id='word_1_303' title='bbox 1566 1764 1646 1800; x_wconf 78' lang='lat'><strong>550</strong></span> 
     </span>
     <span class='ocr_line' id='line_1_54' title="bbox 930 1821 1649 1872; baseline -0.004 -14"><span class='ocrx_word' id='word_1_304' title='bbox 930 1835 1015 1872; x_wconf 85' lang='lat' dir='ltr'><strong>sqq.</strong></span> <span class='ocrx_word' id='word_1_305' title='bbox 1038 1822 1099 1858; x_wconf 79' lang='lat' dir='ltr'><strong>Sit</strong></span> <span class='ocrx_word' id='word_1_306' title='bbox 1119 1823 1283 1860; x_wconf 78' lang='lat' dir='ltr'><strong>nurnine</strong></span> <span class='ocrx_word' id='word_1_307' title='bbox 1310 1836 1355 1859; x_wconf 79' lang='lat' dir='ltr'><strong>v.</strong></span> <span class='ocrx_word' id='word_1_308' title='bbox 1372 1835 1417 1871; x_wconf 82' lang='lat' dir='ltr'><strong>p.</strong></span> <span class='ocrx_word' id='word_1_309' title='bbox 1441 1821 1558 1858; x_wconf 88' lang='lat' dir='ltr'><strong>liceat</strong></span> <span class='ocrx_word' id='word_1_310' title='bbox 1577 1834 1649 1870; x_wconf 80' lang='lat' dir='ltr'><strong>per</strong></span> 
     </span>
     <span class='ocr_line' id='line_1_55' title="bbox 931 1877 1647 1930; baseline -0.004 -15"><span class='ocrx_word' id='word_1_311' title='bbox 931 1892 1082 1916; x_wconf 91' lang='lat' dir='ltr'><strong>numen</strong></span> <span class='ocrx_word' id='word_1_312' title='bbox 1123 1890 1325 1926; x_wconf 82' lang='lat' dir='ltr'><strong>vestrum3</strong></span> <span class='ocrx_word' id='word_1_313' title='bbox 1365 1887 1562 1930; x_wconf 86' lang='lat' dir='ltr'><strong>quantum</strong></span> <span class='ocrx_word' id='word_1_314' title='bbox 1599 1877 1647 1913; x_wconf 83' lang='lat' dir='ltr'><strong>ad</strong></span> 
     </span>
     <span class='ocr_line' id='line_1_56' title="bbox 932 1937 1648 1983; baseline -0.003 -11"><span class='ocrx_word' id='word_1_315' title='bbox 932 1950 1001 1973; x_wconf 82' lang='lat' dir='ltr'><strong>vos</strong></span> <span class='ocrx_word' id='word_1_316' title='bbox 1025 1938 1193 1983; x_wconf 85' lang='lat' dir='ltr'><strong>attinet,</strong></span> <span class='ocrx_word' id='word_1_317' title='bbox 1222 1938 1300 1975; x_wconf 87' lang='lat' dir='ltr'><strong>hoc</strong></span> <span class='ocrx_word' id='word_1_318' title='bbox 1321 1945 1399 1980; x_wconf 89' lang='lat' dir='ltr'><strong>est,</strong></span> <span class='ocrx_word' id='word_1_319' title='bbox 1422 1948 1515 1972; x_wconf 89' lang='lat' dir='ltr'><strong>cum</strong></span> <span class='ocrx_word' id='word_1_320' title='bbox 1534 1937 1648 1971; x_wconf 80' lang='lat' dir='ltr'><strong>venia</strong></span> 
     </span>
     <span class='ocr_line' id='line_1_57' title="bbox 936 2001 1075 2030; baseline 0.014 -2"><span class='ocrx_word' id='word_1_321' title='bbox 936 2001 1075 2030; x_wconf 82' lang='lat' dir='ltr'><strong>vestra.</strong></span> 
     </span>
    </p>

    <p class='ocr_par' dir='ltr' id='par_1_12' title="bbox 937 2049 1661 2792">
     <span class='ocr_line' id='line_1_58' title="bbox 996 2049 1650 2089; baseline -0.003 -2"><span class='ocrx_word' id='word_1_322' title='bbox 996 2051 1092 2089; x_wconf 85' lang='lat'><strong>268.</strong></span> <span class='ocrx_word' id='word_1_323' title='bbox 1124 2052 1300 2088; x_wconf 81' lang='lat' dir='ltr'><strong>Obscura</strong></span> <span class='ocrx_word' id='word_1_324' title='bbox 1322 2049 1397 2087; x_wconf 85' lang='lat' dir='ltr'><strong>soli</strong></span> <span class='ocrx_word' id='word_1_325' title='bbox 1418 2049 1527 2087; x_wconf 86' lang='lat' dir='ltr'><strong>Gud.</strong></span> <span class='ocrx_word' id='word_1_326' title='bbox 1548 2062 1571 2086; x_wconf 90' lang='lat' dir='ltr'><strong>a</strong></span> <span class='ocrx_word' id='word_1_327' title='bbox 1599 2063 1650 2085; x_wconf 90' lang='lat' dir='ltr'><strong>m.</strong></span> 
     </span>
     <span class='ocr_line' id='line_1_59' title="bbox 938 2107 1652 2159; baseline -0.003 -14"><span class='ocrx_word' id='word_1_328' title='bbox 938 2122 998 2158; x_wconf 89' lang='lat' dir='ltr'><strong>pr.</strong></span> <span class='ocrx_word' id='word_1_329' title='bbox 1015 2136 1025 2154; x_wconf 95' lang='lat'>,</span> <span class='ocrx_word' id='word_1_330' title='bbox 1060 2117 1104 2145; x_wconf 90' lang='lat' dir='ltr'><strong>ut</strong></span> <span class='ocrx_word' id='word_1_331' title='bbox 1136 2109 1298 2159; x_wconf 87' lang='lat' dir='ltr'><strong>quidam</strong></span> <span class='ocrx_word' id='word_1_332' title='bbox 1325 2107 1433 2159; x_wconf 86' lang='lat' dir='ltr'><strong>apud</strong></span> <span class='ocrx_word' id='word_1_333' title='bbox 1456 2107 1652 2149; x_wconf 83' lang='lat' dir='ltr'><strong>Pierium,</strong></span> 
     </span>
     <span class='ocr_line' id='line_1_60' title="bbox 939 2164 1655 2218; baseline -0.004 -16"><span class='ocrx_word' id='word_1_334' title='bbox 939 2178 1029 2216; x_wconf 85' lang='lat' dir='ltr'><strong>quae</strong></span> <span class='ocrx_word' id='word_1_335' title='bbox 1041 2166 1212 2218; x_wconf 82' lang='lat' dir='ltr'><strong>vulgaris</strong></span> <span class='ocrx_word' id='word_1_336' title='bbox 1228 2175 1327 2204; x_wconf 87' lang='lat' dir='ltr'><strong>esset</strong></span> <span class='ocrx_word' id='word_1_337' title='bbox 1343 2167 1456 2203; x_wconf 88' lang='lat' dir='ltr'><strong>ratio.</strong></span> <span class='ocrx_word' id='word_1_338' title='bbox 1481 2164 1655 2202; x_wconf 75' lang='lat' dir='ltr'><strong>Obscura</strong></span> 
     </span>
     <span class='ocr_line' id='line_1_61' title="bbox 941 2222 1653 2262; baseline -0.003 -3"><span class='ocrx_word' id='word_1_339' title='bbox 941 2223 1027 2260; x_wconf 83' lang='lat' dir='ltr'><strong>sola</strong></span> <span class='ocrx_word' id='word_1_340' title='bbox 1066 2225 1187 2262; x_wconf 86' lang='lat' dir='ltr'><strong>Goth.</strong></span> <span class='ocrx_word' id='word_1_341' title='bbox 1224 2225 1333 2262; x_wconf 90' lang='lat' dir='ltr'><strong>alter.</strong></span> <span class='ocrx_word' id='word_1_342' title='bbox 1365 2226 1445 2260; x_wconf 86' lang='lat' dir='ltr'><strong>Per</strong></span> <span class='ocrx_word' id='word_1_343' title='bbox 1475 2222 1653 2260; x_wconf 82' lang='lat' dir='ltr'><strong>umbram</strong></span> 
     </span>
     <span class='ocr_line' id='line_1_62' title="bbox 937 2281 1656 2320; baseline -0.003 -2"><span class='ocrx_word' id='word_1_344' title='bbox 937 2282 1123 2319; x_wconf 87' lang='lat' dir='ltr'><strong>Heinsius</strong></span> <span class='ocrx_word' id='word_1_345' title='bbox 1169 2296 1190 2319; x_wconf 92' lang='lat' dir='ltr'><strong>e</strong></span> <span class='ocrx_word' id='word_1_346' title='bbox 1228 2281 1458 2320; x_wconf 87' lang='lat' dir='ltr'><strong>melioribus</strong></span> <span class='ocrx_word' id='word_1_347' title='bbox 1499 2282 1580 2317; x_wconf 86' lang='lat' dir='ltr'><strong>suis</strong></span> <span class='ocrx_word' id='word_1_348' title='bbox 1618 2289 1656 2316; x_wconf 90' lang='lat' dir='ltr'><strong>et</strong></span> 
     </span>
     <span class='ocr_line' id='line_1_63' title="bbox 938 2338 1655 2391; baseline -0.003 -16"><span class='ocrx_word' id='word_1_349' title='bbox 938 2340 1105 2377; x_wconf 75' lang='lat' dir='ltr'><strong>Pici-ian.</strong></span> <span class='ocrx_word' id='word_1_350' title='bbox 1136 2340 1270 2391; x_wconf 83' lang='lat' dir='ltr'><strong>Vulgo</strong></span> <span class='ocrx_word' id='word_1_351' title='bbox 1295 2353 1373 2391; x_wconf 82' lang='lat' dir='ltr'><strong>per</strong></span> <span class='ocrx_word' id='word_1_352' title='bbox 1397 2338 1566 2375; x_wconf 85' lang='lat' dir='ltr'><strong>umbras.</strong></span> <span class='ocrx_word' id='word_1_353' title='bbox 1597 2358 1655 2365; x_wconf 92' lang='lat'><strong>——</strong></span> 
     </span>
     <span class='ocr_line' id='line_1_64' title="bbox 942 2396 1655 2447; baseline -0.003 -14"><span class='ocrx_word' id='word_1_354' title='bbox 942 2397 1197 2446; x_wconf 79' lang='lat'><strong>268—272.</strong></span> <span class='ocrx_word' id='word_1_355' title='bbox 1225 2396 1389 2436; x_wconf 81' lang='lat' dir='ltr'><strong>Obscuri</strong></span> <span class='ocrx_word' id='word_1_356' title='bbox 1409 2397 1567 2447; x_wconf 87' lang='lat' dir='ltr'><strong>poetico</strong></span> <span class='ocrx_word' id='word_1_357' title='bbox 1591 2409 1655 2432; x_wconf 88' lang='lat' dir='ltr'><strong>or-</strong></span> 
     </span>
     <span class='ocr_line' id='line_1_65' title="bbox 941 2453 1656 2509; baseline -0.004 -17"><span class='ocrx_word' id='word_1_358' title='bbox 941 2463 1037 2492; x_wconf 82' lang='lat' dir='ltr'><strong>natu</strong></span> <span class='ocrx_word' id='word_1_359' title='bbox 1080 2456 1314 2509; x_wconf 68' lang='lat' dir='ltr'><strong>translatum</strong></span> <span class='ocrx_word' id='word_1_360' title='bbox 1355 2454 1562 2506; x_wconf 87' lang='lat' dir='ltr'><strong>epitheton</strong></span> <span class='ocrx_word' id='word_1_361' title='bbox 1608 2453 1656 2489; x_wconf 82' lang='lat' dir='ltr'><strong>ab</strong></span> 
     </span>
     <span class='ocr_line' id='line_1_66' title="bbox 943 2510 1654 2559; baseline -0.006 -9"><span class='ocrx_word' id='word_1_362' title='bbox 943 2513 1084 2550; x_wconf 85' lang='lat' dir='ltr'><strong>umbra</strong></span> <span class='ocrx_word' id='word_1_363' title='bbox 1102 2514 1165 2551; x_wconf 85' lang='lat' dir='ltr'><strong>vel</strong></span> <span class='ocrx_word' id='word_1_364' title='bbox 1192 2522 1335 2559; x_wconf 88' lang='lat' dir='ltr'><strong>nocte;</strong></span> <span class='ocrx_word' id='word_1_365' title='bbox 1367 2521 1406 2549; x_wconf 86' lang='lat' dir='ltr'><strong>et</strong></span> <span class='ocrx_word' id='word_1_366' title='bbox 1427 2520 1571 2549; x_wconf 86' lang='lat' dir='ltr'><strong>ornant</strong></span> <span class='ocrx_word' id='word_1_367' title='bbox 1590 2510 1654 2547; x_wconf 84' lang='lat' dir='ltr'><strong>ad-</strong></span> 
     </span>
     <span class='ocr_line' id='line_1_67' title="bbox 940 2569 1657 2619; baseline -0.007 -11"><span class='ocrx_word' id='word_1_368' title='bbox 940 2571 1041 2619; x_wconf 82' lang='lat' dir='ltr'><strong>jecta</strong></span> <span class='ocrx_word' id='word_1_369' title='bbox 1059 2582 1068 2609; x_wconf 91' lang='lat'>:</span> <span class='ocrx_word' id='word_1_370' title='bbox 1085 2571 1153 2608; x_wconf 85' lang='lat' dir='ltr'><strong>sub</strong></span> <span class='ocrx_word' id='word_1_371' title='bbox 1171 2581 1286 2609; x_wconf 83' lang='lat' dir='ltr'><strong>nocte</strong></span> <span class='ocrx_word' id='word_1_372' title='bbox 1300 2599 1310 2618; x_wconf 92' lang='lat'>‚</span> <span class='ocrx_word' id='word_1_373' title='bbox 1341 2572 1385 2607; x_wconf 89' lang='lat' dir='ltr'><strong>in</strong></span> <span class='ocrx_word' id='word_1_374' title='bbox 1401 2569 1574 2607; x_wconf 89' lang='lat' dir='ltr'><strong>tenebris</strong></span> <span class='ocrx_word' id='word_1_375' title='bbox 1588 2598 1598 2613; x_wconf 90' lang='lat'>‚</span> <span class='ocrx_word' id='word_1_376' title='bbox 1620 2577 1657 2604; x_wconf 82' lang='lat' dir='ltr'><strong>et</strong></span> 
     </span>
     <span class='ocr_line' id='line_1_68' title="bbox 939 2626 1657 2679; baseline -0.007 -13"><span class='ocrx_word' id='word_1_377' title='bbox 939 2641 1016 2679; x_wconf 85' lang='lat' dir='ltr'><strong>per</strong></span> <span class='ocrx_word' id='word_1_378' title='bbox 1031 2629 1236 2674; x_wconf 85' lang='lat' dir='ltr'><strong>umbram;</strong></span> <span class='ocrx_word' id='word_1_379' title='bbox 1267 2637 1306 2666; x_wconf 90' lang='lat' dir='ltr'><strong>et</strong></span> <span class='ocrx_word' id='word_1_380' title='bbox 1321 2626 1398 2665; x_wconf 79' lang='lat' dir='ltr'><strong>soli</strong></span> <span class='ocrx_word' id='word_1_381' title='bbox 1422 2627 1558 2671; x_wconf 86' lang='lat' dir='ltr'><strong>ibant,</strong></span> <span class='ocrx_word' id='word_1_382' title='bbox 1581 2639 1657 2662; x_wconf 89' lang='lat' dir='ltr'><strong>un-</strong></span> 
     </span>
     <span class='ocr_line' id='line_1_69' title="bbox 947 2684 1659 2734; baseline -0.007 -11"><span class='ocrx_word' id='word_1_383' title='bbox 947 2685 996 2723; x_wconf 88' lang='lat' dir='ltr'><strong>de</strong></span> <span class='ocrx_word' id='word_1_384' title='bbox 1013 2687 1100 2725; x_wconf 85' lang='lat' dir='ltr'><strong>sola</strong></span> <span class='ocrx_word' id='word_1_385' title='bbox 1116 2696 1243 2725; x_wconf 84' lang='lat' dir='ltr'><strong>nocte.</strong></span> <span class='ocrx_word' id='word_1_386' title='bbox 1266 2688 1415 2724; x_wconf 82' lang='lat' dir='ltr'><strong>Domos</strong></span> <span class='ocrx_word' id='word_1_387' title='bbox 1433 2684 1564 2734; x_wconf 87' lang='lat' dir='ltr'><strong>simpl.</strong></span> <span class='ocrx_word' id='word_1_388' title='bbox 1587 2696 1659 2732; x_wconf 77' lang='lat' dir='ltr'><strong>pm</strong></span> 
     </span>
     <span class='ocr_line' id='line_1_70' title="bbox 947 2743 1661 2792; baseline -0.011 -11"><span class='ocrx_word' id='word_1_389' title='bbox 947 2743 1060 2783; x_wconf 80' lang='lat' dir='ltr'><strong>locis.</strong></span> <span class='ocrx_word' id='word_1_390' title='bbox 1084 2766 1140 2773; x_wconf 92' lang='lat'><strong>--</strong></span> <span class='ocrx_word' id='word_1_391' title='bbox 1162 2758 1258 2792; x_wconf 85' lang='lat'><strong>270.</strong></span> <span class='ocrx_word' id='word_1_392' title='bbox 1286 2746 1486 2781; x_wconf 80' lang='lat' dir='ltr'><strong>Incertam</strong></span> <span class='ocrx_word' id='word_1_393' title='bbox 1505 2743 1661 2778; x_wconf 78' lang='lat' dir='ltr'><strong>Lunam</strong></span> 
     </span>
    </p>
   </div>
   <div class='ocr_carea' id='block_1_6' title="bbox 173 2795 1662 2853">
    <p class='ocr_par' dir='ltr' id='par_1_13' title="bbox 173 2795 1662 2853">
     <span class='ocr_line' id='line_1_71' title="bbox 173 2795 1662 2853; baseline -0.002 -16"><span class='ocrx_word' id='word_1_394' title='bbox 173 2810 260 2837; x_wconf 77' lang='lat' dir='ltr'><strong>rum</strong></span> <span class='ocrx_word' id='word_1_395' title='bbox 285 2802 329 2841; x_wconf 85' lang='lat' dir='ltr'><strong>in</strong></span> <span class='ocrx_word' id='word_1_396' title='bbox 362 2804 559 2840; x_wconf 80' lang='lat' dir='ltr'><strong>servianis</strong></span> <span class='ocrx_word' id='word_1_397' title='bbox 586 2802 636 2841; x_wconf 87' lang='lat' dir='ltr'><strong>ad</strong></span> <span class='ocrx_word' id='word_1_398' title='bbox 663 2803 703 2842; x_wconf 91' lang='lat' dir='ltr'><strong>h.</strong></span> <span class='ocrx_word' id='word_1_399' title='bbox 727 2817 764 2840; x_wconf 77' lang='lat' dir='ltr'><strong>v.</strong></span> <span class='ocrx_word' id='word_1_400' title='bbox 785 2821 803 2834; x_wconf 75' lang='grc' dir='ltr'><strong>ιι</strong></span> <span class='ocrx_word' id='word_1_401' title='bbox 823 2804 883 2840; x_wconf 82' lang='lat' dir='ltr'><strong>Ex</strong></span> <span class='ocrx_word' id='word_1_402' title='bbox 950 2810 989 2840; x_wconf 89' lang='lat' dir='ltr'><strong>et</strong></span> <span class='ocrx_word' id='word_1_403' title='bbox 1004 2803 1168 2852; x_wconf 88' lang='lat' dir='ltr'><strong>ratio,et</strong></span> <span class='ocrx_word' id='word_1_404' title='bbox 1179 2803 1352 2853; x_wconf 86' lang='lat' dir='ltr'><strong>optimus</strong></span> <span class='ocrx_word' id='word_1_405' title='bbox 1365 2802 1530 2851; x_wconf 85' lang='lat' dir='ltr'><strong>quisque</strong></span> <span class='ocrx_word' id='word_1_406' title='bbox 1544 2795 1662 2834; x_wconf 73' lang='lat' dir='ltr'><strong>codd.</strong></span> 
     </span>
    </p>
   </div>
  </div>
 </body>
</html>
