1767 3054
175 167 180 175 1
796 127 1036 167 AEN‘EIDOS

171 205 359 247 structa
383 196 498 244 meis
521 197 739 244 manibus
764 201 966 262 perjurae
991 199 1162 246 moenia
1185 201 1355 263 Trojae‚

173 279 310 322 Nunc
333 289 522 337 quoque
543 291 672 320 mens
698 274 862 320 eadem
885 286 1062 337 perstat
1086 276 1203 322 mihi
1225 295 1233 321 :
1257 276 1378 339 pelle
1402 275 1630 322 timorem.

173 355 346 408 Tutus,
367 367 484 412 quos
505 361 661 412 optas,
686 360 852 412 portus
878 349 1073 396 adcedet
1092 351 1284 396 Averni.

174 427 308 472 Unus
330 424 418 469 crit
443 434 647 479 tantum,
674 422 896 468 amissum
919 438 1060 483 quem
1084 424 1268 486 gurgite
1289 435 1488 486 quaeret3

175 504 334 548 Unum
354 515 441 560 pro
465 498 623 542 multis
648 495 840 540 dabitur
862 507 1018 558 caput.
1041 518 1060 536 »

242 577 325 621 His
351 573 435 619 ubi
460 574 562 617 laeta
587 570 685 616 deae
710 570 955 632 permulsit
979 582 1172 633 pectora
1196 573 1330 624 dictis
1351 610 1363 631 ‚

1605 513 1664 541 815

176 756 301 793 Vatic.
324 753 399 792 Sed
429 753 595 790 alterum
625 752 782 789 doctius
812 764 885 801 pro

177 822 315 864 poeta,
358 812 427 861 qui
463 812 688 847 communia
720 810 885 859 respuit.

180 872 223 908 C.
250 883 336 908 cum
365 879 533 905 evertere
567 868 673 906 Gud.
702 876 740 904 et
767 866 885 904 Wall.

179 941 362 978 cuperem
380 935 604 963 convertere
621 929 759 964 Franc.
778 937 889 973 cupe-

182 996 269 1024 rent
297 997 383 1022 cum
413 983 548 1035 fragm.
570 985 700 1022 Vatic.
723 981 785 1020 Ab
805 995 885 1018 uno

182 1046 336 1094 Menag.
356 1056 416 1093 pr.
437 1064 494 1069 —-
512 1042 625 1079 Nube
647 1053 746 1078 cava
777 1053 813 1077 v,
839 1040 884 1077 Il.

179 1116 198 1138 ’.1
213 1131 221 1146 ‚
250 1104 328 1138 320
349 1114 433 1150 sqq.
462 1100 653 1149 Cuperem
672 1110 792 1150 quum
813 1106 886 1135 etc.

182 1173 304 1209 quum
345 1168 476 1195 tamen
513 1159 706 1206 Trojanos
747 1169 889 1194 exosus

181 1231 326 1263 essem,
362 1225 408 1253 ut
441 1216 517 1252 fuit
547 1217 760 1267 Neptunus
787 1216 891 1252 inter

182 1275 320 1312 infesta
338 1275 466 1321 Trojae
487 1275 664 1312 numina.
689 1272 769 1310 vid.
791 1271 888 1309 ibid.

192 1335 238 1376 34
275 1341 313 1369 et
350 1333 427 1369 313
458 1345 542 1381 sqq.
580 1331 670 1382 (cf.
708 1333 795 1368 AEn.
826 1332 888 1375 ΙΙ,

182 1392 265 1427 610
301 1389 393 1440 sq.)
424 1390 608 1427 caussam
639 1391 708 1426 irae
740 1396 893 1425 enarrat

183 1448 288 1484 idem
316 1459 366 1497 φ,
406 1447 487 1491 446
516 1460 625 1498 sqq.‚
658 1446 764 1483 unde
791 1446 832 1484 h.
862 1445 888 1482 l.

178 1504 347 1556 perjurae
359 1532 369 1550 ,
388 1518 411 1541 a
425 1505 585 1555 perjuro
602 1503 868 1543 Laomedonte
883 1532 892 1549 ‚

181 1562 400 1600 mercedem
414 1590 423 1608 ‚
446 1565 499 1599 ob
519 1576 654 1600 muros
672 1570 894 1600 exstructos

183 1622 230 1657 ab
254 1634 300 1658 eo
324 1628 524 1666 exactam,
549 1629 728 1672 negante.

245 1679 266 1714 8
282 1692 293 1714 1
305 1692 342 1716 2.
361 1681 498 1716 Restat
517 1678 669 1728 aliquot
686 1679 787 1716 Pier.
805 1689 896 1713 cum

184 1736 263 1773 Erf.
280 1744 451 1786 praestat
466 1745 544 1773 tres
569 1737 705 1773 Burm.
720 1764 731 1781 ‚
756 1743 803 1771 ut
827 1734 893 1770 ali-

186 1795 226 1829 bi
257 1793 393 1830 eadem
414 1795 592 1830 varietas.
621 1791 724 1829 Mihi
741 1800 899 1841 perstat

189 1850 374 1900 Goth.pr.
384 1850 581 1887 Timorem
594 1850 748 1885 invexit
759 1850 895 1885 Heius.

189 1922 238 1944 ex
249 1907 397 1945 Medic.
411 1917 450 1944 et
465 1907 570 1944 binis
587 1906 689 1952 alji33
707 1905 899 1942 accedunt

188 1968 327 2004 Franc.
353 1978 489 2002 recens
515 1973 552 2001 et
570 1965 729 2012 jejunus
749 1962 876 2000 codex
889 1989 899 2007 ‚

189 2022 248 2060 ed.
288 2025 390 2060 Ven.
431 2031 492 2069 et,
534 2030 580 2058 ut
613 2034 722 2057 nunc
759 2020 899 2064 video,

192 2082 397 2132 fragment.
419 2080 545 2117 Vatic.
566 2081 622 2116 At
638 2081 841 2117 Romanus
863 2086 901 2114 et

192 2140 331 2181 ceteri,
369 2150 462 2174 cum
497 2137 626 2174 tribus
654 2136 827 2174 Gothan.
863 2144 902 2172 et

193 2195 282 2232 edd.
311 2196 441 2247 vulgg.
469 2194 648 2239 timores,
685 2194 792 2244 quod
826 2195 900 2230 mi-

192 2255 288 2290 reris
317 2253 408 2290 loco
436 2252 647 2300 dejectum.
678 2274 736 2280 -—
761 2253 902 2289 812—

196 2311 291 2347 815.
315 2313 457 2347 Porcus
478 2323 518 2347 α.
538 2309 708 2354 Averni,
738 2310 901 2355 Cumas,

193 2368 263 2405 h'b.
288 2369 344 2405 VI
358 2396 367 2413 ‚
389 2380 410 2404 2
427 2397 437 2414 ,
468 2367 645 2417 adeoque
663 2367 827 2405 Italiam.
847 2389 903 2396 ——-

198 2426 293 2462 813.
323 2427 442 2462 Tucos
469 2438 543 2462 sec.
572 2425 760 2463 Rottend.
785 2427 903 2462 Tutus

196 2496 313 2532 equos
336 2482 505 2520 Dorvill.
527 2482 694 2519 Accedit
711 2484 900 2521 Rottend.

195 2553 256 2588 pr.
278 2553 297 2576 a
316 2552 368 2577 m.
393 2554 452 2589 pr.
474 2539 550 2577 hoc
566 2539 673 2577 idem
689 2541 733 2577 in
754 2540 900 2579 Medic.

195 2606 345 2633 exstare
359 2625 368 2642 ‚
394 2599 583 2646 Spencius
598 2605 763 2635 testatur
778 2606 818 2634 et
837 2596 902 2635 fir-

194 2662 294 2691 mat:
312 2655 474 2704 Foggin.
494 2654 618 2691 edidit
634 2655 810 2693 accedet.
830 2656 902 2694 Ce-

198 2719 326 2748 terum
359 2712 504 2747 mirum
542 2713 665 2749 Servii
706 2724 901 2750 acumen:

198 2785 218 2801 <c
258 2771 398 2806 Portus
436 2768 609 2806 accedet.
653 2770 728 2806 Hic
763 2769 901 2807 distin-

954 770 972 783 »
994 751 1219 802 guendum,
1256 766 1304 790 ne
1340 755 1390 790 sit
1422 757 1663 793 contrarium

955 811 1154 846 »Veneris
1192 812 1400 860 petitioni,
1444 826 1533 863 quae
1567 816 1621 852 ait
1650 828 1658 852 :

955 865 1113 904 »liceat
1167 870 1404 906 Laurentem
1473 872 1661 909 accedere

956 943 975 956 »
997 925 1166 973 Tybrim.
1191 946 1210 958 n
1249 928 1465 978 Argutatur
1503 942 1663 980 quoque

951 984 1141 1032 Spencius
1155 1013 1165 1029 ‚
1200 986 1269 1034 qui
1292 987 1459 1022 Veneris
1477 987 1664 1037 precibus

954 1048 1000 1076 ut
1019 1040 1077 1076 ad
1094 1041 1252 1078 Latium
1271 1042 1428 1080 accedat
1446 1043 1511 1095 (v.
1535 1058 1612 1094 797
1629 1043 1665 1095 ),

955 1110 1037 1135 non
1057 1111 1149 1134 sane
1166 1101 1379 1138 convenire
1402 1102 1582 1151 queritur
1605 1115 1668 1139 ac-

957 1168 1108 1193 cessum
1135 1157 1194 1194 ad
1224 1158 1381 1196 Cumas.
1401 1181 1460 1187 —
1487 1159 1584 1204 814.
1620 1162 1665 1197 U.

958 1227 991 1251 e.
1027 1222 1163 1251 tamen
1195 1229 1233 1253 α.
1264 1218 1368 1254 Ven.
1397 1225 1436 1253 et
1465 1215 1525 1254 ed.
1562 1219 1665 1255 Ven.

963 1279 1091 1319 1472,
1126 1285 1210 1310 non
1243 1274 1363 1321 male,
1394 1287 1482 1313 meo
1501 1274 1666 1323 judicio.

957 1330 1093 1367 Heius.
1113 1332 1217 1378 conj.
1243 1334 1348 1368 Unus
1371 1332 1468 1379 erit,
1493 1342 1606 1370 tanto
1628 1346 1667 1370 a.

958 1401 996 1438 q.
1025 1402 1067 1439 g.
1095 1401 1273 1438 quaeres;
1312 1403 1454 1440 parum
1490 1390 1668 1428 feliciter.

962 1447 1123 1494 Quaeret
1137 1448 1217 1494 jam
1235 1446 1389 1484 dudum
1401 1456 1491 1485 ante
1511 1449 1611 1486 Pier.
1633 1457 1672 1485 et

961 1505 1240 1555 Henricopetri
1268 1519 1289 1542 a
1316 1507 1502 1552 Venetis,
1531 1506 1624 1543 inde
1651 1519 1671 1542 a

961 1562 1182 1612 Naugerio‚
1225 1565 1294 1614 qui
1331 1565 1386 1600 sic
1423 1564 1668 1609 emendavit,

961 1618 1112 1655 editum
1143 1628 1213 1657 est.
1248 1621 1381 1672 Vulgo
1410 1630 1553 1672 praeter
1588 1623 1673 1661 Me-

962 1690 1050 1727 nag.
1080 1678 1144 1715 alt.
1175 1686 1213 1714 et
1242 1681 1371 1725 Ven.,
1407 1692 1506 1729 quos
1535 1681 1669 1717 Burm.

961 1734 1116 1780 laudat,
1141 1748 1277 1773 omnes
1303 1735 1418 1773 codd.
1437 1749 1600 1787 quaeres,
1628 1747 1673 1773 ut

963 1804 1046 1828 non
1063 1792 1110 1828 ad
1127 1795 1287 1830 AEneam
1298 1821 1308 1838 ,
1325 1793 1393 1830 sed
1411 1794 1459 1830 ad
1478 1796 1673 1831 Venerem

963 1849 1166 1888 referatur.
1175 1873 1233 1879 —
1247 1853 1366 1897 Unus,
1381 1852 1589 1889 Palinurus
1600 1865 1610 1898 ;
1622 1852 1673 1889 cf.

964 1918 1061 1942 mox
1080 1921 1118 1943 v.
1139 1908 1219 1945 833
1239 1921 1312 1958 sq„
1330 1909 1439 1958 quod
1456 1909 1676 1959 episodium

966 1975 1074 1999 nunc
1090 1967 1310 2014 praestmit3
1334 1965 1440 2004 idem
1462 1980 1584 2004 unum
1607 1981 1675 2004 ea-

960 2028 1038 2069 put
1066 2034 1105 2058 v.
1134 2035 1192 2071 sq.
1228 2023 1332 2060 Male
1377 2027 1484 2063 Serv.
1516 2025 1594 2062 hoc
1629 2025 1677 2061 ad

966 2078 1168 2115 Misenum
1196 2080 1338 2127 refert3
1360 2083 1429 2131 qui
1447 2095 1520 2119 nec
1543 2084 1587 2119 in
1609 2095 1676 2119 na—

967 2136 1164 2185 vigatione
1181 2139 1299 2187 periit
1311 2167 1322 2184 ‚
1341 2139 1411 2176 sed
1427 2152 1584 2178 accessu
1596 2141 1675 2188 jam

968 2193 1016 2230 ad
1037 2194 1259 2232 Cumanum
1274 2195 1369 2232 litus
1385 2197 1502 2234 facto.

1028 2251 1109 2289 816
1129 2264 1213 2302 sqq.
1239 2254 1320 2303 Qui
1339 2255 1517 2303 sequitur
1541 2253 1651 2290 locus
1666 2282 1676 2300 ‚

968 2322 1019 2346 ex
1063 2311 1319 2347 ornatissimis
1366 2318 1446 2356 est,
1493 2312 1675 2361 exemplo

969 2367 1074 2404 haud
1102 2367 1223 2404 dubie
1249 2369 1292 2404 in
1318 2368 1449 2417 priore
1467 2376 1575 2417 parte
1599 2370 1677 2406 Ho-

969 2426 1091 2470 meri,
1115 2424 1225 2462 Iliad.
1246 2438 1289 2468 ν,
1327 2425 1403 2460 123
1429 2437 1512 2474 sqq.
1535 2427 1603 2475 qui
1623 2434 1677 2463 ta-
1742 2422 1745 2426 ’

969 2494 1060 2518 men
1073 2482 1164 2532 plus
1187 2481 1436 2518 sublimitatis
1462 2481 1603 2529 habet,
1633 2485 1675 2520 in

969 2540 1107 2576 ceteris
1122 2538 1280 2574 alterius
1300 2539 1428 2576 Graeci
1445 2547 1572 2589 poetae
1584 2568 1595 2587 ‚
1612 2554 1676 2578 ex-

966 2607 1135 2647 pressus,
1166 2596 1338 2633 Omnino
1356 2595 1433 2634 hoc
1452 2599 1579 2647 poetis
1599 2598 1677 2635 sol-

966 2654 1106 2698 lenne,
1145 2651 1238 2690 deos
1278 2657 1449 2692 marinos
1487 2654 1676 2692 inducere

968 2709 1152 2747 monstris
1203 2713 1362 2748 marinis
1409 2711 1676 2749 alludentibus

968 2767 1233 2805 circumdatos
1272 2769 1546 2820 navigantibus
1582 2782 1674 2807 con·

1724 2838 1757 3023 'l
