1767 3054
169 190 246 228 140

792 186 1033 225 AENEIDOS

165 255 339 302 Omnia
360 254 616 317 Deiphobo
637 255 817 302 solvisti
837 268 882 302 ct
907 258 1084 303 funeris
1109 257 1301 303 umbris.

1598 264 1657 294 510

165 328 262 375 Sed
281 345 356 375 me
381 331 475 375 sata
498 346 602 376 mea
628 340 673 376 et
699 331 848 376 seclus
873 330 1061 376 exitiale
1082 334 1290 377 Lacaenae

165 403 251 449 His
275 419 479 450 mersere
504 404 658 461 mali53
682 404 759 448 illa
779 403 880 448 haec
902 417 1205 452 monumenta
1228 404 1431 466 reliquit.

165 482 404 540 Namque,
429 489 483 524 ut
503 494 769 541 supremam
796 479 911 524 falsa
935 480 1057 524 inter
1082 480 1253 542 gaudia
1275 491 1462 526 noctem

165 554 432 616 Egerimus‚
458 554 582 599 nosti
591 573 603 611 3
631 563 676 599 et
700 553 898 598 nimium
916 554 1181 601 meminisse
1205 571 1392 607 necesse
1417 565 1498 600 est.

167 632 328 686 Quum
352 630 502 675 fatalis
528 646 676 691 equus
701 629 821 674 saltu
845 645 988 690 super
1012 629 1161 674 ardua
1182 631 1312 676 venit

1597 639 1656 668 515

166 706 412 765 Pergama,
439 714 484 749 et
504 715 737 749 armatum
756 702 962 764 peditem
987 703 1142 765 gravis
1167 703 1335 748 adtulit
1356 704 1461 749 alvo
1483 721 1492 747 :

166 779 275 837 Illa,
302 779 502 825 chorum
526 780 772 836 simulans,
799 779 978 825 evantis
1004 779 1137 841 orgia
1162 779 1341 826 circum

166 855 382 902 Ducebat
402 855 650 918 Phrygias3
676 855 910 901 flammam
933 854 1089 901 media
1110 855 1214 918 ipsa
1237 854 1426 901 tenebat

228 1038 252 1074 5
263 1039 397 1075 10-5
408 1051 423 1074 1
434 1051 470 1075 2.
492 1038 655 1075 Funeris
667 1068 678 1083 ,
718 1037 878 1075 cadave-

167 1096 221 1132 ris
242 1096 322 1146 (sic
339 1096 413 1133 inf.
441 1098 499 1134 IX
514 1124 524 1143 ,
559 1104 638 1146 491
661 1110 751 1147 quce
775 1110 880 1133 nunc

155 1152 284 1203 fimus
311 1153 485 1191 lacerum
518 1154 635 1190 tellus
660 1153 779 1192 habet
794 1159 814 1191 ‚³
838 1154 876 1205 )‚

167 1211 343 1259 umbrae,
379 1225 462 1249 non
488 1213 564 1261 ipsi
587 1212 780 1250 cadaveri.
807 1214 879 1248 Vi-

167 1268 315 1305 derunt
333 1271 412 1318 jam
431 1270 510 1307 alii.
538 1270 722 1307 Ceterum
744 1271 881 1308 locum

167 1328 326 1376 respicit
362 1330 517 1365 Auson.
557 1328 602 1363 in
627 1337 725 1365 noto
759 1330 881 1378 epita-

167 1384 264 1433 phio
285 1397 326 1421 n.
364 1387 478 1422 XIII.
508 1387 694 1422 Lacaenoe
721 1399 759 1422 v,
791 1399 879 1436 sup.

169 1443 231 1487 ΙΙ,
258 1441 356 1478 601.
385 1443 446 1479 De
469 1443 631 1480 Helenae
651 1444 694 1479 in
724 1443 880 1480 excidio

170 1500 300 1546 Trojae
331 1499 418 1536 fatis
449 1502 613 1537 omnino
637 1514 675 1537 V.
697 1502 760 1546 ΙΙ,
799 1502 877 1548 56-

169 1569 228 1606 sq.
262 1558 333 1593 Ajt
359 1557 427 1593 illa
452 1558 560 1608 apud
591 1557 820 1607 Euripidem
840 1560 882 1594 in

171 1613 315 1651 Troad.
342 1615 449 1664 966,
486 1616 595 1665 967,
628 1629 668 1651 se
694 1624 785 1665 post
818 1619 884 1653 Pa-

171 1670 266 1708 ridis
297 1681 466 1709 mortem
500 1687 521 1709 a
548 1672 761 1723 Deiphobo
795 1686 883 1723 rap-

170 1737 250 1765 tam
272 1742 365 1767 esse.
394 1732 450 1767 At
476 1731 539 1767 alii
569 1727 762 1782 ἀριστείας
783 1743 882 1779 prae-

169 1787 294 1823 mium
320 1800 405 1823 eam
431 1800 450 1823 a
477 1789 632 1824 Priamo
653 1789 882 1837 assignatam

170 1855 251 1880 esse
268 1853 523 1881 narraverant
545 1856 554 1882 :
576 1844 775 1895 Lycophr.
802 1845 878 1881 168

171 1914 228 1950 sq.
253 1902 383 1939 Schol.
407 1901 454 1938 a'd
470 1902 517 1939 11.
537 1916 566 1939 ω
581 1930 591 1948 ,
623 1903 719 1939 251.
742 1904 881 1938 Monu-

171 1969 332 2003 menta,
365 1954 590 2014 δείγματα,
627 1959 795 2005 indicia,
837 1961 881 1997 in

170 2029 255 2062 me,
279 2017 434 2054 sceleris
457 2019 531 2056 sui.

231 2074 311 2112 513
323 2097 381 2104 -—-
395 2076 491 2125 519.
520 2077 707 2126 Namque
725 2084 768 2111 uc
788 2088 818 2113 s.
838 2089 877 2113 v.

170 2144 256 2182 sup.
288 2134 352 2179 11,
385 2134 458 2180 25,
495 2134 574 2178 248
601 2147 658 2183 sq.
687 2155 745 2162 --
771 2133 876 2180 514,

173 2189 268 2227 515.
299 2191 413 2227 Saltu
435 2191 553 2228 venit
570 2204 706 2241 super,
726 2191 803 2228 hoc
824 2199 880 2227 est

169 2258 442 2298 supergressus
477 2257 555 2296 est,
609 2257 719 2299 parte
751 2261 881 2286 muro-

169 2315 261 2339 rum
279 2304 452 2352 dejecta,
474 2319 547 2343 υπε
553 2319 591 2359 ρε
578 2305 656 2343 5:06
663 2319 723 2353 ε,ν
748 2319 822 2343 υπε
807 2305 881 2358 epi-

170 2356 237 2406 βαί
228 2373 278 2397 νε
292 2375 301 2407 ;
350 2362 541 2400 hactenus
573 2365 691 2401 etiam
726 2364 882 2401 scandet

158 2415 308 2468 fatalis
320 2419 508 2457 maehina
526 2434 655 2458 muros
671 2424 724 2468 ΙΙ,
748 2423 825 2469 237
843 2431 882 2459 et

167 2475 301 2526 gravis
321 2477 468 2528 utfhca
484 2478 629 2515 armis:
647 2492 782 2529 V.sup.
796 2481 879 2524 234

170 2545 255 2582 sqq.
277 2536 325 2571 In
343 2534 383 2572 h.
412 2535 439 2572 1.
468 2545 556 2572 ante
584 2536 722 2573 oculos
752 2545 879 2587 poetae

168 2589 280 2627 locus
296 2604 346 2627 ex
362 2593 491 2630 Enm'o
511 2606 533 2629 a
550 2593 730 2631 Macrob.
748 2597 824 2639 VI,
853 2608 875 2631 2

169 2656 365 2687 servatus:
379 2649 488 2686 Nam
507 2651 686 2687 maximo
702 2651 805 2688 saltu
821 2665 880 2688 su-

161 2704 319 2754 peravit
332 2706 525 2743 Gravidus
536 2708 725 2744 armate-is
737 2721 870 2758 equus,

172 2762 252 2812 Qui
264 2776 333 2800 suo
340 2772 462 2814 partu
479 2764 607 2801 ardua
619 2765 765 2814 perdat
781 2769 875 2802 Per-

165 2833 319 2870 gama5
360 2829 429 2858 aut
453 2830 500 2859 ut
531 2823 721 2874 scriptum
756 2822 874 2860 tuisse

947 1039 1162 1086 conjectes:
1177 1039 1284 1075 Nam
1299 1038 1477 1075 maximo
1489 1037 1593 1074 saltu
1603 1052 1661 1075 su-

940 1106 1063 1147 perat
1087 1096 1280 1133 Gravidus
1296 1095 1485 1133 armateis
1506 1097 1654 1146 Equus,

951 1154 1030 1204 Qui
1044 1167 1112 1190 suo
1125 1168 1168 1204 p.
1190 1153 1270 1205 (se.
1289 1162 1335 1190 ut
1355 1152 1511 1205 gravid'
1528 1167 1659 1190 arma-

948 1211 995 1249 tis
1013 1221 1051 1249 et
1067 1225 1135 1248 suo
1154 1225 1231 1248 una
1248 1211 1397 1262 syllaba
1418 1211 1614 1261 eloquaris
1628 1210 1657 1262 ).

947 1271 1090 1308 Hausit
1109 1283 1159 1306 ex
1179 1269 1319 1307 eodem
1344 1269 1436 1306 loco
1454 1269 1660 1306 Lucretius

948 1332 991 1374 Ι,
1017 1335 1122 1375 477,
1160 1328 1240 1376 478
1260 1329 1341 1375 jam
1363 1326 1412 1363 ab
1440 1327 1524 1364 aliis
1550 1327 1657 1364 exci-

949 1395 1078 1423 tatus:
1103 1387 1191 1422 Nee
1219 1385 1326 1422 elam
1353 1384 1541 1422 durateus
1563 1386 1656 1421 Tro-

938 1443 1050 1493 jam‘s
1066 1445 1266 1495 Pergama
1277 1449 1394 1493 partu
1410 1442 1659 1495 Inflammas-

950 1509 1010 1537 set
1038 1514 1158 1550 equus
1177 1509 1377 1537 nocturno
1409 1499 1661 1567 GraJ‘ugena-

950 1572 1047 1595 rum.
1068 1580 1127 1586 -—
1150 1559 1246 1605 517.
1285 1559 1452 1594 Ovances
1483 1560 1528 1594 in
1559 1571 1660 1595 non-

949 1615 1069 1652 nullis
1096 1616 1268 1661 lectum,
1304 1628 1353 1653 ex
1383 1616 1520 1654 Servio
1550 1615 1660 1653 00111·-

949 1685 1027 1723 gas.
1048 1683 1087 1710 et
1108 1682 1270 1709 ovantes
1299 1672 1451 1710 Zuh'ch.
1483 1671 1661 1710 evhantis

948 1730 1085 1780 fragm.
1105 1731 1233 1766 Vatic.
1258 1737 1296 1766 et
1314 1732 1431 1767 Rom.
1461 1729 1658 1767 bacchan-

948 1796 1004 1823 tes
1033 1800 1110 1824 sec.
1141 1788 1287 1824 Moret.
1304 1815 1314 1833 ‚
1348 1787 1509 1825 indocta
1538 1788 1660 1825 inter-

946 1844 1160 1893 polatione.
1185 1843 1303 1881 Atria
1334 1844 1502 1890 circum,
1542 1844 1659 1882 litora

947 1902 1091 1939 circum
1108 1902 1283 1938 tentabat
1297 1903 1323 1940 J
1326 1914 1363 1939 ο.
1381 1901 1587 1941 Schrader.
1599 1923 1658 1932 —-

947 1960 1029 1997 Illa
1046 1974 1083 1999 v.
1105 1961 1182 2006 517
1204 1973 1289 2010 sqq.
1302 1960 1551 2011 ingeniosum
1565 1973 1661 2011 poe-

946 2026 1026 2055 tam
1043 2017 1195 2056 deceut.
1220 2017 1394 2055 Flamma
1409 2031 1481 2055 seu
1501 2019 1585 2056 face
1608 2032 1658 2056 ex

947 2088 1034 2113 arce
1061 2077 1109 2114 ab
1137 2076 1288 2113 Helena
1312 2075 1463 2113 sublata
1493 2075 1658 2114 Achivis

946 2135 1104 2184 signum
1126 2133 1276 2172 datum.
1305 2135 1362 2171 At
1381 2133 1422 2171 h.
1443 2133 1472 2171 1.
1489 2146 1657 2184 quomo-

947 2191 999 2229 do
1021 2192 1126 2228 fraus
1151 2205 1195 2228 ea
1217 2190 1305 2228 fieri
1331 2192 1531 2242 potuerit,
1560 2199 1656 2241 pro-

945 2248 1128 2286 babilitas
1162 2249 1336 2286 adfertur
1368 2250 1517 2297 major,
1547 2249 1658 2285 insti·

946 2308 1042 2343 tutis
1081 2309 1125 2343 in
1164 2307 1326 2358 publica
1366 2306 1502 2344 laefitia
1535 2308 1654 2342 sacris

945 2365 1145 2402 Bacchicis
1166 2393 1176 2411 ‚
1225 2364 1353 2402 thiaso
1389 2361 1654 2400 Bacchantum

921 2425 931 2435 ³
945 2421 1081 2460 ducto.
1108 2423 1257 2459 Helena
1279 2421 1401 2471 igitur
1425 2420 1653 2457 circumdu-

945 2480 1059 2517 cebat
1090 2481 1277 2527 Trojanas
1304 2484 1501 2514 matronas
1534 2491 1653 2515 evan-

945 2547 1001 2574 tes
1028 2536 1164 2587 orgia,
1202 2548 1253 2571 ex
1283 2535 1485 2584 orgiorum
1517 2548 1651 2583 more,

947 2593 1152 2637 εὐαζούσαις
1167 2587 1217 2629 τὰ
1234 2589 1363 2644 ὄργια,
1381 2591 1534 2630 evando
1550 2593 1649 2631 cele-

943 2651 1124 2696 brantes,
1154 2649 1231 2686 hoe
1260 2657 1339 2694 est,
1371 2647 1648 2704 ὀργιαζούσαις,

943 2710 1046 2745 inter
1062 2707 1164 2744 faces
1176 2709 1347 2755 jactatas.
1373 2709 1547 2745 Evantes
1565 2706 1652 2744 cho-

940 2764 998 2809 ri,
1032 2778 1132 2814 quos
1157 2765 1332 2802 Ariadne
1360 2764 1473 2803 ducit
1488 2792 1500 2810 ‚
1535 2766 1653 2802 etiam

940 2821 1044 2872 apud
1070 2825 1246 2874 Propert.
1267 2823 1307 2860 ΙΙ
1317 2850 1328 2870 ,
1363 2823 1409 2870 3,
1442 2823 1490 2860 18
1515 2834 1658 2860 occur·-
