1767 3054
186 157 262 195 ¹14

807 145 1049 184 AENEIDOS

181 225 303 268 Tum
325 218 489 281 Stygio
513 216 614 278 regi
636 226 892 261 nocturnas
916 217 1108 262 inchoat
1129 231 1254 274 aras,

186 299 245 342 Et
268 294 416 341 solida
442 292 628 356 inponit
649 302 897 337 taurorum
914 291 1098 337 viscera
1121 291 1318 337 flammis
1332 325 1343 345 ‚

189 372 366 433 Pingue
389 383 530 431 super
552 367 707 412 oleum
734 364 986 412 infundens
1012 366 1285 412 ardentibus
1306 365 1439 412 extis.

256 448 378 490 Eece
399 454 554 488 autem
568 475 579 497 ‚
605 438 748 502 primi
769 438 858 485 sub
885 439 1063 486 lumina
1084 440 1195 487 solis
1215 450 1261 486 et
1283 452 1438 496 ortus,

1628 448 1684 479 255

195 517 295 565 Sub
322 515 523 578 pedibus
543 514 728 576 mugire
747 514 923 569 solum,
949 524 995 558 et
1012 514 1126 576 juga
1151 524 1303 577 coepta
1326 514 1506 559 moveri

197 591 456 646 Silvarum,
481 589 688 649 visaeque
713 603 852 633 canes
876 587 1058 633 ululare
1084 605 1170 650 per
1190 588 1432 644 umbram,

199 664 496 710 Adventante
522 662 624 708 dea.
649 685 667 704 «
689 663 883 719 Procul,
908 678 961 721 ο,
983 664 1151 725 procul
1173 674 1294 721 este,
1319 663 1529 726 profani,

202 812 291 857 cam
306 849 315 866 ,
357 833 406 855 ex
444 820 646 870 religionis
685 820 917 870 praescripto

204 878 354 929 (πεῖραρ)
376 874 479 923 βοῦν.
502 878 646 928 Odyss.
668 881 713 922 λ,
738 879 804 914 30.

268 936 346 971 252
367 954 423 962 —-
450 934 546 978 254.
577 935 804 971 Nocturnas
827 945 920 970 aras

207 992 460 1041 simpliciter,
487 993 578 1040 quia
604 1004 759 1027 sacrum
794 1000 922 1027 noctu

206 1049 276 1095 fit3
297 1057 341 1084 ut
372 1047 445 1084 diis
474 1048 607 1084 inferis
635 1046 724 1083 fieri
742 1046 797 1083 fas
826 1055 919 1084 erat.

210 1108 263 1143 cf.
283 1105 422 1143 Cerda.
443 1105 655 1148 lnchoare,
678 1104 844 1139 verbum
863 1117 921 1139 sa-

211 1176 371 1200 crorum
396 1175 476 1198 esse
503 1161 662 1199 Servius
686 1159 815 1197 tradit.
847 1160 926 1197 Sal-

213 1231 291 1258 tem
310 1220 504 1270 exquisite
524 1219 703 1269 positum
730 1230 804 1268 pro
821 1217 926 1254 facit.

215 1281 342 1316 Aram
366 1286 497 1314 autem
515 1284 611 1327 puta
631 1277 675 1312 in
702 1274 842 1312 scrobe
863 1288 930 1312 ex-

214 1340 352 1381 cisam,
367 1343 413 1371 ut
429 1337 471 1370 in
483 1334 600 1370 sacris
619 1332 754 1369 inferis
765 1346 775 1378 ;
788 1346 827 1370 v.
840 1346 928 1382 sup.

217 1398 259 1439 Ι,
294 1406 390 1429 211.
421 1391 469 1428 cf.
495 1394 602 1429 Serv.
635 1391 741 1427 Hinc
765 1389 933 1426 humiles

218 1464 311 1488 aras
334 1449 436 1486 dixit
466 1449 597 1486 Valer.
622 1448 680 1485 Fl.
711 1449 796 1494 ΙΙΙ,
835 1448 931 1492 426.

220 1513 344 1546 Porro
368 1508 446 1544 253
462 1505 592 1542 solida
609 1505 768 1543 viscera
781 1533 791 1550 ,
811 1513 933 1542 totam

220 1565 435 1603 victimam.
457 1563 616 1600 Viscera
645 1577 720 1614 pro
750 1563 936 1600 carnibus

220 1633 259 1660 et
272 1622 404 1660 crudis
424 1622 604 1673 partibus
622 1622 738 1658 etiam
755 1620 846 1658 alias
870 1634 936 1658 oc-

224 1688 418 1725 currunt;
439 1693 534 1717 mox
557 1692 631 1729 pro
650 1678 790 1716 iisdem
813 1688 937 1722 (ποία,-

223 1740 309 1776 Diis
333 1739 438 1775 enim
455 1737 591 1774 inferis
610 1735 715 1773 fiunt
734 1735 940 1773 holocaus-

224 1806 279 1833 ta.
302 1798 440 1844 Itaque
469 1793 516 1830 ad
545 1794 742 1830 flammam
762 1793 940 1830 alendam

226 1853 359 1890 oleum
371 1851 611 1889 infunditur.
630 1851 735 1888 conf.
749 1851 938 1900 Apollon.

228 1913 309 1955 111,
338 1911 445 1947 1030
468 1923 525 1960 sq.
552 1922 657 1958 1190
680 1922 737 1958 sq.

288 1969 385 2006 255.
410 1967 485 2004 Sub
505 1966 648 2004 limina
671 1964 819 2003 Medic.
852 1978 942 2002 cum

230 2026 313 2062 aliis
338 2038 399 2075 ap.
431 2026 566 2062 Heius.
584 2047 642 2052 —
661 2024 742 2061 255
762 2045 820 2051 —
847 2024 941 2060 258.

229 2086 405 2132 Tempus
422 2096 442 2118 a
461 2081 587 2118 media
608 2095 732 2132 usque
745 2081 795 2118 ad
816 2091 944 2118 extre-

228 2153 335 2176 mam
352 2149 511 2177 noctem
527 2139 828 2190 intelligendum
846 2152 926 2176 esse
937 2168 947 2184 ‚

233 2206 273 2234 et
293 2210 375 2242 res,
394 2205 432 2233 et
451 2199 549 2234 sacri
569 2196 690 2243 hujus
710 2210 796 2234 mos
819 2195 946 2234 docet.

236 2254 341 2291 Vide
361 2253 551 2304 Apollon.
570 2255 630 2290 ΙΙΙ
643 2282 653 2300 ,
682 2255 788 2292 1028
805 2283 815 2301 ‚
840 2268 856 2291 1
871 2267 947 2303 190

238 2324 294 2360 sq.
315 2311 454 2348 Silium
470 2312 592 2355 XIII,
613 2312 707 2356 405,
726 2313 822 2358 413,
845 2319 948 2361 4193

239 2370 347 2404 Serv,
373 2375 412 2403 et
430 2367 517 2404 loca
538 2367 644 2415 apud
658 2368 823 2406 Cerdam
843 2369 892 2406 ad
914 2384 950 2405 v.

244 2425 339 2461 252.
359 2424 466 2462 conf.
487 2423 557 2460 inf.
580 2423 630 2459 ad
651 2424 745 2462 535.
771 2429 871 2476 Quae
891 2439 953 2463 au-

242 2490 321 2517 tem
340 2489 566 2532 sequuntur
579 2508 589 2526 ‚
609 2489 724 2518 terrae
739 2492 871 2520 motus
884 2512 894 2529 ‚
917 2492 955 2520 et

240 2538 455 2592 inferarum
480 2551 624 2575 canum
654 2539 838 2586 latratus,
864 2542 955 2578 alias

241 2597 350 2647 signa
368 2609 448 2633 esse
467 2595 597 2632 solent
623 2598 789 2634 Hecates
809 2596 955 2635 adven-

241 2661 306 2690 tus
329 2654 372 2689 in
393 2654 510 2689 sacris
532 2665 620 2703 quae
643 2653 690 2690 ad
710 2657 848 2692 Manes
865 2667 957 2692 evo-

242 2709 387 2748 candos
406 2708 522 2747 flunt.
561 2711 637 2747 Hic
661 2724 777 2748 omne
802 2711 879 2748 hoc
899 2714 954 2748 rei

242 2768 473 2810 miraculum
492 2780 572 2804 non
588 2767 662 2805 alio
681 2769 878 2819 pertinere
894 2769 953 2806 vi-

985 819 1122 865 detur,
1145 831 1287 868 quam,
1307 817 1497 868 placatam
1532 829 1612 853 esse
1641 830 1698 853 sa-

987 890 1056 913 cro
1091 879 1266 914 Hecaten
1279 903 1289 921 ‚
1330 877 1571 924 AEneamque
1605 873 1701 911 adeo

987 934 1035 971 ad
1053 934 1139 970 loca
1166 933 1293 970 infera
1321 932 1497 978 admitti3
1517 932 1578 968 uti
1597 930 1703 982 apud

988 991 1196 1040 Orpheum
1227 990 1278 1027 ad
1311 989 1499 1027 solvenda
1535 989 1704 1025 claustra

991 1048 1096 1093 luci,
1119 1060 1198 1097 quo
1229 1059 1390 1084 aureum
1420 1046 1545 1083 vellus
1577 1059 1706 1082 serva-

994 1114 1082 1147 tur,
1100 1118 1139 1138 v.
1171 1104 1252 1151 983
1286 1116 1372 1152 sq.;
1411 1110 1450 1138 et
1471 1104 1636 1140 omnino
1660 1103 1709 1139 ad

994 1158 1225 1210 placandam
1249 1161 1426 1196 Hecaten
1448 1159 1553 1210 apud
1582 1161 1708 1210 Apol-

994 1217 1078 1254 lon.
1099 1219 1172 1262 111,
1195 1218 1222 1255 l.
1243 1231 1278 1254 c.
1298 1218 1436 1267 Neque
1453 1217 1577 1265 aliter,
1592 1231 1709 1268 quam

996 1274 1044 1311 de
1060 1274 1228 1312 deorum
1246 1275 1498 1312 infernorum
1513 1275 1627 1312 venia
1656 1289 1712 1312 ac-

998 1341 1158 1383 ceptum
1178 1346 1260 1370 esse
1275 1332 1409 1370 locum
1429 1346 1450 1369 a
1472 1333 1688 1371 Fenelonio
1701 1362 1711 1379 ‚

999 1390 1117 1428 docet
1135 1392 1361 1428 suavissima
1387 1391 1556 1428 imitatio
1574 1392 1617 1427 in
1637 1393 1711 1428 Te-

999 1448 1178 1485 lemacho
1204 1448 1274 1486 lib.
1302 1449 1444 1485 XVIII
1460 1476 1470 1494 ‚
1494 1461 1582 1498 pag.
1619 1451 1710 1486 123.

1004 1507 1183 1543 Imitatus
1202 1518 1362 1555 quoque
1384 1504 1518 1542 locum
1535 1514 1594 1542 est
1605 1508 1712 1543 Dan-

1003 1572 1060 1601 tes
1087 1562 1236 1601 Infern.
1265 1572 1366 1600 cant.
1395 1563 1480 1609 111,
1518 1565 1595 1600 130
1632 1577 1712 1613 seq.

1004 1621 1261 1658 Adventante
1280 1621 1358 1658 dea
1370 1649 1381 1664 ,
1403 1619 1451 1657 de
1468 1622 1615 1659 Hecate
1635 1635 1715 1658 esse

1003 1678 1309 1728 intelligendum
1322 1707 1332 1724 ,
1347 1678 1448 1715 nihil
1458 1687 1516 1715 est
1528 1678 1635 1728 quod
1648 1678 1717 1715 du-

1006 1737 1126 1782 bites;
1141 1737 1170 1772 si
1184 1735 1305 1773 modo
1321 1744 1448 1772 cetera
1465 1735 1512 1773 de
1523 1735 1585 1773 his
1599 1737 1718 1773 sacris

1004 1795 1092 1831 loca
1128 1801 1336 1843 poetarum
1372 1794 1577 1841 consulas,
1612 1808 1650 1832 v.
1684 1807 1718 1830 c.

1008 1850 1198 1902 Apollon.
1233 1852 1317 1897 III,
1343 1863 1446 1888 1211
1481 1864 1567 1901 sqq.
1591 1851 1719 1890 Theo-

1010 1911 1097 1946 crit.
1119 1907 1179 1946 Id.
1201 1909 1266 1953 ΙΙ,
1297 1909 1373 1956 35,
1405 1909 1482 1955 36,
1505 1922 1555 1946 10
1573 1930 1631 1937 ——-
1656 1911 1718 1946 13.

1010 1965 1131 2017 Quod
1144 1979 1266 2003 canes
1282 1979 1572 2016 nonnunquam
1587 1966 1635 2004 de
1651 1969 1723 2004 Fu-

1010 2026 1078 2061 riis
1096 2023 1213 2061 dictae
1234 2033 1352 2071 sunt,
1373 2024 1454 2062 huc
1476 2037 1560 2062 non
1581 2037 1723 2062 vocan-

1011 2082 1106 2119 dum
1124 2090 1206 2119 erat
1225 2081 1273 2118 ab
1285 2084 1485 2132 Interpp.;
1502 2090 1595 2119 sunt
1611 2093 1725 2118 canes

1013 2140 1159 2177 inferni
1179 2141 1355 2177 Hecaten
1385 2140 1630 2177 comitantes.
1659 2137 1725 2175 Ad

1012 2197 1111 2249 juga
1132 2196 1317 2234 silvarum
1333 2196 1545 2234 offendunt
1565 2198 1703 2246 Intpp.
1717 2223 1726 2240 ‚

1015 2255 1083 2292 sed
1093 2263 1188 2292 sunt
1203 2255 1298 2306 juga
1309 2250 1506 2292 montium
1517 2253 1624 2290 silvis
1637 2265 1729 2289 con—

1016 2314 1112 2359 sita3
1134 2312 1236 2349 nihil
1271 2313 1451 2362 amplius,
1480 2312 1544 2349 Sic
1567 2309 1727 2346 dorsum

1020 2382 1224 2407 nemorum
1256 2383 1318 2419 ap.
1352 2371 1490 2406 Horat.
1517 2366 1643 2404 Silvas
1665 2368 1728 2419 ja-

1016 2440 1136 2479 gosas
1162 2427 1265 2463 dixit
1292 2425 1411 2464 Ovid.
1437 2425 1528 2462 Am.
1548 2427 1591 2469 Ι,
1619 2438 1634 2461 1
1651 2453 1661 2470 ‚
1687 2438 1726 2474 9.

1081 2484 1176 2522 258.
1197 2481 1344 2520 Procul
1365 2494 1411 2525 ο,
1425 2495 1470 2531 p.
1492 2483 1559 2520 An
1580 2482 1730 2520 formu-

1019 2542 1057 2578 la
1090 2540 1164 2577 hac
1196 2540 1405 2576 initiorum
1433 2540 1523 2576 satis
1553 2539 1733 2577 sollerter

1020 2598 1085 2634 hic
1103 2604 1220 2647 poeta
1244 2608 1338 2632 usus
1360 2597 1433 2642 sit,
1465 2596 1621 2634 dubito.
1654 2598 1733 2635 Ne-

1022 2667 1088 2692 mo
1125 2654 1231 2691 enim
1265 2653 1420 2699 aderat,
1455 2656 1527 2704 qui
1560 2655 1735 2691 amoveri

1019 2719 1150 2761 posset
1163 2738 1173 2756 ‚
1198 2719 1340 2760 praeter
1361 2711 1488 2749 socios
1507 2714 1653 2749 AEneae.
1673 2713 1734 2748 De

1018 2769 1202 2806 monstris
1232 2768 1396 2806 infernis
1423 2768 1608 2820 intelligit
1645 2770 1738 2808 Cer..
