1767 3054
96 107 149 144 44
737 103 977 143 AENEIDOS

94 173 200 230 Ille,
223 173 352 219 velut
377 174 543 221 celsam
567 188 811 238 oppugnat
831 177 913 238 qui
931 176 1133 223 molibus
1158 177 1349 234 urbem,

95 252 191 293 Aut
213 260 436 295 montana
455 249 586 296 sedet
607 250 784 296 circum
809 251 996 296 castella
1017 251 1106 298 sub
1132 252 1295 308 armis,
1439 269 1441 271 ¹
1532 261 1591 295 440

95 326 232 369 Nunc
253 323 363 383 hos,
388 343 514 372 nunc
536 326 639 373 illos
664 325 842 383 aditus,
867 342 1148 389 omnemque
1170 338 1384 390 pererrat

94 403 210 445 Arte
235 400 389 446 locum
402 437 414 459 ,
440 414 486 448 et
506 402 648 447 variis
670 401 932 447 adsultibus
956 402 1126 448 inritus
1146 414 1296 465 urget.

96 473 314 520 Ostendit
338 476 554 521 dextram
578 476 824 537 insurgens
847 475 1080 533 Entellus,
1106 488 1152 522 et
1177 477 1267 522 alte

95 548 291 593 Extulit.
314 548 396 593 Ille
421 549 568 594 ictum
589 549 857 594 venientem
883 566 910 594 a
934 549 1112 595 vertice
1135 550 1274 595 velox

96 621 341 679 Praevidit,
364 623 600 685 celerique
624 623 809 686 clapsus
834 638 1037 686 corpore
1061 623 1212 669 cessit.

1534 632 1597 668 445

97 695 307 741 Entellus
332 696 457 742 vires
482 697 532 741 in
555 707 751 742 ventum
776 697 971 756 effudit,
1006 709 1052 744 et
1072 699 1199 745 ultro

96 772 204 833 Ipse
230 771 407 832 gravis,
428 771 731 833 graviterque
758 772 817 817 ad
838 783 1012 818 terram
1035 772 1248 835 pondere
1267 783 1400 819 vasto

98 846 316 892 Concidit
339 863 348 889 :
376 858 428 892 ut
453 846 691 908 quondam
713 862 828 892 cava
846 848 1075 906 concidit,
1102 859 1182 894 aut
1201 848 1514 910 Erymantho,

99 925 196 966 Aut
220 920 304 966 Ida
329 920 377 965 in
403 937 572 983 magna
596 920 836 967 radicibus
858 932 994 968 eruta
1015 923 1171 985 pinus.

99 998 399 1057 Consurgunt
420 995 586 1041 studiis
609 996 783 1041 Teucri
807 1006 852 1041 et
877 998 1123 1043 Trinacria
1147 995 1325 1058 pubes:
1537 1008 1597 1042 4⁵0

99 1073 144 1115 It
165 1070 342 1115 clamor
367 1070 508 1127 coelo,
533 1070 812 1132 primusque
833 1071 1045 1117 adcurrit
1064 1075 1281 1127 Acestes,

99 1148 474 1208 AEquaevumque
500 1144 560 1191 ab
582 1145 729 1191 humo
749 1146 974 1192 miserans
996 1146 1179 1192 adtollit
1202 1144 1416 1191 amicum.

99 1224 183 1277 At,
209 1237 305 1268 non
324 1220 536 1267 tardatus
561 1237 694 1279 casu,
717 1237 872 1283 neque
899 1222 1091 1267 territus
1109 1220 1274 1276 heros,

100 1297 271 1342 Acrior
296 1296 355 1343 ad
385 1312 592 1360 pugnam
611 1296 756 1355 redit,
779 1313 831 1343 ac
857 1296 953 1343 w‘m
979 1295 1171 1343 suscitat
1197 1293 1281 1340 ira.

160 1536 208 1572 In
239 1547 315 1572 vss.
343 1535 569 1583 439-442
612 1535 819 1585 splendida

103 1593 347 1643 comparatio
382 1605 403 1628 a
434 1606 476 1629 re
509 1593 638 1630 multo
671 1596 819 1642 majore

102 1660 140 1688 et
160 1651 340 1702 graviore
366 1680 377 1698 ,
394 1653 690 1702 oppugnatione
709 1652 821 1689 urbis

102 1709 167 1745 vel
201 1708 350 1746 castelli
383 1708 573 1755 molibus,
614 1709 819 1747 machinis.

102 1789 160 1796 —
186 1767 282 1810 443.
312 1766 521 1804 Protendit
545 1767 698 1805 emend.
724 1770 819 1805 Wa-

102 1822 261 1861 kefield.
280 1824 376 1862 Silv.
400 1825 488 1861 crit.
507 1827 548 1862 P.
567 1825 638 1871 IV,
661 1839 702 1876 p.
726 1831 818 1871 141,

102 1881 211 1932 quod
228 1895 317 1919 voc.
337 1883 546 1932 proprium
565 1890 622 1918 est
640 1894 649 1920 ε
677 1892 823 1933 potest-

103 1953 180 1990 que
216 1939 313 1977 adeo
348 1948 387 1976 et
416 1940 548 1990 ipsum
580 1939 701 1988 ferri3
738 1954 822 1978 non

103 2011 198 2036 vero
243 1997 431 2035 substitui
469 1999 730 2048 exquisitior-L
765 2021 822 2028 —-

107 2063 202 2101 444.
235 2058 275 2092 Α
293 2054 466 2101 vertice,
486 2055 679 2106 desuper,
706 2070 745 2094 v.
775 2057 823 2094 ad

105 2115 143 2150 11
171 2114 317 2165 Georg.
354 2115 450 2150 310.
477 2113 650 2163 Elapsus
679 2115 816 2161 cessit,

105 2171 297 2217 elabitui'3
314 2170 424 2220 quod
442 2184 529 2221 sup.
551 2171 649 2210 exit.
665 2173 818 2219 Gravis,

103 2228 298 2281 graviter,
316 2237 362 2264 ut
382 2230 642 2266 Homericum
664 2243 673 2269 :
697 2229 822 2286 μέγας

108 2282 419 2341 μεγαλωστί.--
439 2287 543 2332 448,
576 2294 673 2337 449.
705 2289 823 2327 Com-

107 2346 352 2396 parationem
371 2345 462 2381 satis
482 2343 640 2381 obviam
668 2346 732 2382 vel
760 2361 822 2398 ap.

110 2406 328 2441 Homerum
351 2401 465 2440 Iliad.
485 2415 528 2448 ν,
561 2403 637 2450 178
665 2417 749 2454 sqq.
781 2402 822 2451 ξ,

114 2469 195 2506 414
226 2473 311 2511 sqq.
339 2473 394 2507 π,
428 2460 508 2504 482
546 2472 631 2510 sqq.
662 2470 702 2498 et
731 2463 826 2500 alibi

112 2519 325 2570 (Aliorum
350 2526 557 2569 poetarum
578 2517 667 2555 loca
693 2532 732 2556 v.
764 2533 825 2570 ap.

113 2575 320 2627 Cerdam.)
351 2576 509 2613 ornavit
536 2575 734 2613 nobilium
750 2580 828 2615 Ar-

114 2634 234 2672 cadiae
254 2643 292 2671 et
307 2633 474 2672 Troadis
492 2635 688 2671 montium
703 2636 831 2673 nomi-

114 2693 259 2739 nibus;
280 2704 369 2742 quae
393 2700 431 2729 et
449 2693 534 2742 ipsa
559 2691 676 2729 rebus
702 2692 829 2745 digni-

117 2759 235 2793 tatem
255 2749 465 2799 adjiciendi
483 2762 543 2786 ars
565 2758 636 2789 est.
654 2772 712 2781 ·--
730 2759 825 2802 449.

886 1536 1093 1574 Radicitus
1128 1540 1243 1576 Rom.
1283 1543 1322 1572 et
1355 1535 1506 1585 aliquot
1538 1535 1603 1572 alii

886 1596 1055 1633 Pieriani
1066 1624 1076 1642 ,
1097 1608 1189 1632 cum
1207 1602 1317 1645 parte
1333 1592 1449 1631 codd.
1461 1594 1598 1631 Heius.

886 1661 925 1692 et
938 1654 1150 1690 Prisciano.
1167 1655 1293 1692 Ornat
1311 1651 1389 1688 hoc
1401 1651 1602 1689 Heinsius.

886 1711 963 1750 Sed
987 1710 1186 1747 radicibus
1206 1709 1317 1747 haud
1342 1708 1465 1746 dubie
1481 1715 1600 1746 recte.

886 1771 969 1808 Nec
988 1768 1030 1806 id
1050 1777 1127 1806 tam
1152 1767 1237 1806 Silii
1263 1767 1485 1804 imitatione
1511 1766 1602 1802 satis

888 1827 1058 1864 obscura
1072 1826 1142 1863 lib.
1162 1827 1222 1863 VI
1235 1853 1245 1871 ‚
1276 1825 1355 1875 196
1370 1853 1380 1871 ‚
1400 1836 1517 1874 quam
1534 1836 1604 1874 po-

887 1887 966 1922 tius
985 1885 1136 1921 ratione
1158 1884 1312 1933 poetica
1337 1881 1601 1920 defenderem.

888 1941 1093 1980 Radicitus
1129 1940 1303 1991 pedestri
1337 1941 1509 1977 orationi
1546 1948 1604 1977 est

889 2001 1183 2050 frequentatum
1200 2028 1210 2047 ‚
1265 1996 1461 2036 radicibus
1520 2010 1603 2034 non

889 2071 1011 2109 aeque.
1385 2106 1390 2110 ὁ

949 2116 1029 2160 450
1067 2129 1153 2166 sqq.
1191 2113 1377 2154 Similiter
1405 2113 1521 2152 Iliad.
1553 2109 1604 2163 ψ,

891 2174 975 2223 694
1002 2187 1060 2224 sq.
1081 2173 1158 2212 Sed
1178 2172 1326 2223 reliqua
1340 2200 1351 2218 ,
1386 2170 1497 2222 quod
1525 2172 1605 2208 En·

890 2232 1007 2269 tellus
1025 2244 1146 2269 novas
1168 2232 1271 2268 vires
1293 2229 1439 2275 sumit,
1463 2227 1512 2265 de
1530 2240 1604 2264 suo

890 2289 1082 2340 Virgilius
1102 2288 1298 2326 addidisse
1314 2285 1493 2331 videtur3
1512 2284 1606 2322 duc-

891 2355 938 2384 tu
964 2346 1064 2384 forte
1091 2346 1296 2384 Theocriti
1316 2343 1434 2395 Idyll.
1458 2344 1603 2389 XXII,

898 2417 973 2451 107
997 2417 1081 2454 sqq.
1097 2402 1257 2447 Studiis,
1276 2404 1385 2440 Serv.
1398 2401 1442 2437 in
1461 2399 1603 2438 studia.

892 2462 1030 2500 Malim
1047 2474 1127 2498 esse
1147 2473 1222 2512 pro
1245 2458 1377 2497 studio
1390 2487 1401 2506 ,
1428 2459 1455 2496 i.
1474 2471 1508 2496 e.
1524 2470 1607 2509 prae

895 2519 1051 2566 studio;
1072 2532 1143 2569 per
1158 2516 1334 2556 studium
1352 2529 1396 2554 ac
1418 2516 1605 2561 favorem,

895 2576 1021 2627 qualis
1042 2577 1304 2627 spectantium
1327 2577 1372 2613 in
1401 2573 1509 2611 ludis
1535 2581 1604 2611 est.

895 2655 953 2664 ——
971 2635 1067 2678 451.
1106 2636 1190 2684 Que
1228 2633 1336 2670 abest
1372 2645 1395 2669 a
1429 2630 1577 2669 Medic.
1593 2658 1604 2677 ,

896 2692 1004 2743 quod
1022 2692 1181 2743 praefert
1200 2691 1399 2730 Heinsius,
1421 2687 1608 2738 Ejusdem

895 2749 1010 2788 multi
1028 2762 1120 2788 cum
1140 2749 1326 2803 Oblongo
1347 2749 1464 2795 Pier„
1485 2743 1615 2787 Goth,
