1767 3054
163 116 246 154 206

794 110 1036 152 AENEIDOS

160 189 284 236 Hinc
307 185 437 234 Italae
461 193 644 249 gentes,
670 183 916 247 omnisque
939 184 1176 232 OEnotria
1200 185 1335 233 tellus
1615 199 1655 233 85

163 333 364 389 quefluz't,
390 330 556 386 ἁλμυρὸς
572 329 690 375 πολύς
711 344 753 368 τε
780 328 874 383 {ait—:23

160 393 340 432 convicia
375 392 501 428 multa
533 389 714 427 effundit.
755 389 877 427 Color

161 460 292 489 autem
319 463 403 487 non
428 450 645 486 abhorrens
670 455 726 483 est
748 459 768 483 a
793 445 877 483 vu]-

161 511 272 562 gari,
302 522 341 545 v.
375 521 409 545 c.
439 507 541 543 iufra
571 518 650 552 217
677 516 686 541 :
714 503 870 555 regnis,

161 581 252 619 quoe
273 565 457 603 maxima
486 563 690 614 quondam
721 562 783 598 sol
802 561 878 597 ad-

159 624 365 676 spiciebac.
389 624 608 660 Nemorum
622 649 632 665 ,
655 622 698 657 iu
720 620 796 657 isto
813 632 879 655 ne-

161 697 296 729 more,
331 693 455 732 graece
499 679 673 726 dictum,
710 673 876 728 (κατὰ,

162 737 257 792 διὰ)
288 742 354 778 τοῦ
384 737 547 783 ἄλσους,
582 750 656 787 pro
689 734 724 773 ἐν
756 732 879 772 ἄλσει,

162 802 403 848 Interpretes
429 795 695 832 difficiliorem
723 793 882 830 dicendi

163 856 328 894 modum
371 868 455 892 nou
492 855 684 902 attingere
717 853 881 889 miratus

164 928 265 952 sum.
303 916 498 962 Pompon.
530 911 664 948 Sabin.
696 909 881 947 maxima

164 971 342 1023 nympha
365 970 430 1006 vel
457 969 568 1006 silva.
597 967 717 1006 Male.
738 970 881 1005 Forma

165 1029 357 1068 orationis
386 1041 471 1065 non
500 1026 699 1062 dissimilis
726 1025 792 1062 illa
818 1026 881 1063 Ti-

163 1087 270 1125 bulli
285 1088 345 1122 III
359 1114 368 1131 ,
392 1086 414 1122 5
429 1114 439 1132 ‚
464 1086 484 1122 3
502 1097 511 1122 :
531 1084 727 1120 Baiarum
747 1082 880 1120 maxi-

166 1158 235 1183 ma
255 1143 359 1182 silvis
373 1172 384 1188 ,
416 1143 489 1180 ubi
508 1142 555 1180 cf.
578 1143 693 1180 Obss.
712 1143 753 1180 Si
777 1142 883 1178 lucos

168 1214 371 1240 nemorum
399 1202 609 1251 jungereS,
638 1213 779 1250 parum
798 1211 884 1235 sua-

166 1262 270 1299 viter
296 1272 413 1297 voees
439 1260 523 1295 istae
554 1266 682 1295 essent
707 1257 883 1304 disjunc-

167 1328 218 1357 tae
232 1333 242 1366 ;
276 1317 476 1354 debebant
490 1316 627 1352 saltem
645 1318 699 1352 sic
716 1315 884 1352 colloca-

168 1379 205 1414 ri
226 1387 541 1424 :nemorumque
569 1373 636 1410 sub
666 1373 753 1410 alca
785 1373 885 1409 Con-

169 1433 264 1471 sulit
287 1434 472 1470 Albunea
497 1432 627 1477 lucos,
656 1444 760 1481 quoe.
780 1429 887 1468 Mul-

168 1500 212 1530 to
231 1493 352 1542 magis
371 1489 570 1539 displicet,
591 1490 623 1525 si
635 1490 777 1539 jungas
784 1486 885 1537 fon-

171 1560 209 1587 te
233 1561 435 1586 nemorum
450 1562 465 1591 ;
500 1555 547 1583 ut
569 1547 618 1583 sit
641 1559 731 1596 quoe
759 1544 889 1581 mam·-

172 1620 241 1644 ma
257 1615 373 1644 sonat
391 1603 638 1656 sacrofonte
667 1613 884 1639 nemorum.

170 1666 209 1703 A
244 1664 438 1715 sulphure
479 1674 671 1712 aquarum
711 1659 888 1710 exsurgit

171 1724 299 1775 gravis
316 1721 416 1759 odor
430 1748 440 1765 ,
460 1733 580 1770 quem
599 1717 801 1769 mephitim
824 1729 889 1766 ap-

169 1780 334 1831 pellavit
354 1791 363 1816 ε
382 1778 488 1814 conf.
514 1780 623 1815 Serv.
637 1804 647 1822 ,
671 1778 741 1826 qui
759 1784 890 1812 tamen

172 1837 300 1875 multa
326 1848 427 1873 vana
456 1834 655 1871 admiscet.
685 1835 791 1870 Hinc
820 1832 890 1869 dea

171 1894 363 1945 Mephitis
378 1921 388 1939 ,
423 1894 538 1940 cujus
563 1891 663 1929 aedes
695 1903 788 1928 cum
806 1890 890 1927 aliis

169 1953 292 1999 locis,
328 1960 415 1988 tum
444 1952 488 1988 in
519 1950 700 1999 Hirpinis
732 1957 814 1985 erat
841 1946 889 1983 ad

170 2010 380 2050 Amsancti
413 2008 580 2053 vallem3
616 2021 655 2043 v.
695 2006 785 2044 Plin
819 2007 880 2049 II,

172 2069 226 2120 93
258 2077 296 2106 et
325 2067 397 2106 inf.
429 2067 532 2112 VII,
566 2065 672 2110 564,
700 2064 805 2110 5653
842 2070 889 2099 ut

172 2128 339 2166 omnino
360 2127 405 2162 in
430 2123 551 2161 tutela
579 2124 662 2171 ejus
688 2121 807 2159 fuisse
829 2122 888 2157 vi-

171 2185 340 2223 deantur
371 2195 481 2233 aquae
501 2180 737 2231 sulphureae.
755 2183 889 2229 Vapo-

171 2244 225 2280 ris
245 2242 366 2290 hujus
383 2239 589 2290 sulphurei
607 2240 689 2275 vim
719 2238 889 2288 aliquam

173 2300 311 2337 divino
338 2300 482 2350 spiritu
512 2295 672 2334 afflandj
697 2309 779 2333 esse
809 2308 889 2332 cre-

174 2356 318 2394 didisse
359 2365 509 2392 veteres
530 2355 770 2404 Aborigines
786 2380 797 2399 ,
829 2366 890 2390 su-

173 2414 317 2465 spicari
330 2413 433 2451 licet.
449 2412 616 2457 Probus,
629 2421 675 2448 ut
693 2415 887 2461 Pompon.

175 2471 266 2511 sab.
288 2470 336 2507 ad
360 2470 469 2507 hunc
494 2482 652 2507 versum
671 2477 865 2506 memorat
879 2496 890 2515 ,

178 2529 407 2566 Albuneam
450 2527 782 2564 Laurentinorum
822 2526 889 2563 sil·

177 2600 268 2625 vam
297 2593 533 2636 exposuerat
547 2613 557 2630 ‚
591 2583 632 2620 in
654 2597 735 2634 qua
755 2597 890 2621 oracu-

177 2644 259 2682 lum
277 2642 409 2682 Fanni
423 2652 512 2678 erat
521 2655 537 2686 ;
557 2641 667 2691 quod
686 2651 817 2679 tamen
832 2643 890 2679 in-

174 2710 235 2740 ter
281 2701 640 2739 Grammaticorum
693 2696 889 2752 ἀνιστορη-

177 2756 261 2806 σίας
276 2757 552 2806 referendum3
574 2769 666 2795 nam
682 2756 730 2795 de
747 2757 891 2796 Tibur-

942 332 1051 379 tino,
1077 345 1159 369 non
1186 333 1452 381 Laurentino,
1476 346 1570 386 agro
1589 333 1656 373 hic

943 389 1213 439 cogitandum.
1244 405 1284 428 v.
1310 392 1469 431 Cluver.
1492 406 1533 444 p.
1558 394 1654 441 716.

943 446 1019 485 Sed
1035 447 1223 485 Albunea
1242 449 1346 486 inter
1371 449 1543 499 sibyllas
1558 465 1658 502 quo-

944 517 1021 554 que
1040 515 1280 544 memoratur
1299 520 1319 543 a
1336 507 1498 546 Tibullo
1513 510 1553 545 II
1566 536 1577 555 ,
1608 510 1631 547 5
1644 536 1656 556 ‚

944 562 998 611 69
1014 591 1024 609 ‚
1047 575 1098 608 70
1118 564 1150 600 si
1172 577 1263 601 vcra
1282 573 1339 601 est
1354 565 1470 603 lectio
1484 594 1494 612 ‚
1513 573 1553 602 et
1568 569 1659 604 Lac—

944 620 1069 657 tantio
1095 623 1114 656 I
1147 622 1245 659 Inst;
1267 622 1316 668 6,
1343 631 1390 660 ut
1412 623 1574 661 Suidam
1606 634 1659 662 ta-

946 690 1078 724 ceam;
1110 691 1185 715 nec
1218 687 1394 726 constat,
1429 689 1566 718 utrum
1595 696 1657 721 ea-

946 735 1036 772 dem
1056 748 1149 773 cum
1163 736 1351 787 Nympha
1368 736 1503 775 habita
1517 738 1636 777 fuerit
1648 767 1658 786 ,

947 807 997 831 an
1019 793 1184 832 diversa.
1204 795 1454 832 Manifestior
1471 804 1529 833 est
1547 796 1661 834 insci-

949 853 1000 890 tia
1034 864 1173 889 eorum
1186 880 1196 898 ‚
1232 854 1302 902 qui
1315 880 1326 899 ‚
1361 866 1485 903 pravo
1522 854 1661 892 Graeca

948 924 1041 948 cum
1064 911 1208 946 Italicis
1235 910 1354 947 rebus
1370 910 1562 948 miscendi
1577 920 1662 949 stu-

948 968 1038 1013 dio,
1082 968 1306 1005 Albuneam
1330 968 1563 1006 Leucotheae
1590 982 1664 1006 nu-

947 1039 1038 1064 men
1073 1026 1218 1062 referre
1261 1026 1489 1064 voluerunt,
1537 1027 1664 1078 Atqui

946 1085 1014 1122 illa
1029 1085 1183 1120 Matuta
1195 1092 1264 1122 est.
1278 1086 1362 1121 Etsi
1375 1084 1567 1122 Italorum
1579 1086 1664 1122 Ma-

949 1150 1035 1178 tuta
1051 1154 1142 1178 cum
1161 1144 1382 1179 Portumno
1395 1170 1405 1188 ‚
1441 1149 1480 1177 et
1508 1143 1664 1179 Graeco-

949 1213 1038 1236 rum
1069 1202 1144 1236 Ino
1174 1208 1213 1236 et
1234 1199 1457 1236 Leucothea
1484 1211 1575 1236 cum
1594 1202 1663 1237 Pa-

948 1258 1138 1303 laemone,
1180 1270 1249 1294 seu
1283 1258 1510 1302 Melicerta,
1545 1258 1665 1294 inter-

949 1316 1190 1366 pretationes
1208 1322 1362 1351 tantum
1380 1314 1590 1352 Phoeniciae
1604 1328 1665 1351 re-

950 1373 1109 1423 ligionis
1139 1380 1252 1418 sunt,
1284 1381 1331 1409 ut
1355 1372 1421 1409 vel
1451 1372 1666 1410 Melicertae

953 1442 1100 1467 nomen
1115 1431 1257 1480 arguit.

1014 1487 1197 1536 85—91.
1216 1487 1433 1525 Graculum
1451 1488 1577 1525 Fauni
1595 1501 1666 1538 per

952 1544 1252 1581 incubationem
1282 1546 1365 1594 peti
1396 1545 1582 1592 solitum,
1623 1553 1668 1582 ut

954 1609 1013 1637 tot
1031 1601 1104 1637 alia
1122 1602 1167 1637 in
1186 1609 1318 1638 vetere
1345 1602 1509 1641 Graecia.
1536 1606 1670 1641 Potest

954 1658 1114 1708 quidem
1134 1668 1248 1709 poeta
1266 1658 1393 1697 videri
1409 1660 1459 1697 ad
1476 1660 1668 1711 Amphia-

954 1717 1013 1752 rai
1043 1715 1108 1767 (v.
1140 1719 1305 1755 Pausan.
1327 1719 1370 1763 Ι,
1406 1716 1486 1768 34)
1516 1719 1671 1768 potissi-

955 1787 1066 1811 mum
1089 1775 1318 1825 exemplum
1336 1774 1412 1812 hoc
1432 1777 1559 1813 Fauni
1586 1788 1671 1813 ora-

954 1831 1092 1868 culum
1120 1833 1360 1870 assimulasse
1390 1845 1400 1871 :
1440 1832 1563 1882 idque
1595 1846 1671 1871 nos

957 1889 1147 1927 doctrinae
1163 1891 1277 1940 copia
1292 1891 1336 1927 in
1353 1890 1431 1927 hoc
1453 1899 1570 1941 poeta
1590 1903 1669 1928 cre-

956 1946 1048 1983 dere
1070 1948 1188 1986 facit:
1210 1961 1303 1984 nam
1327 1949 1521 1986 Tiburtus
1535 1977 1545 1996 ‚
1578 1961 1669 1986 cum

955 2005 1097 2043 Catillo
1130 2014 1169 2043 et
1199 2006 1300 2043 Cora
1326 2005 1431 2044 infra
1462 2020 1503 2045 v.
1528 2007 1674 2054 670—-

955 2062 1038 2111 672
1103 2073 1433 2102 commemoratus
1452 2093 1463 2112 ,
1510 2064 1670 2102 Tibufis

954 2120 1139 2160 conditor
1157 2130 1197 2159 et
1216 2122 1447 2173 Amphiarai
1473 2120 1579 2159 filius
1598 2119 1668 2158 ha-

953 2180 1062 2218 bitus
1091 2188 1162 2218 est.
1186 2193 1226 2218 v.
1254 2181 1356 2219 Plin.
1380 2181 1499 2226 XVI,
1535 2185 1613 2224 44,
1637 2191 1669 2216 s,

957 2239 979 2275 8
989 2251 1025 2286 7.
1046 2240 1106 2276 Ita
1121 2238 1259 2276 saltem
1275 2240 1495 2286 conjectare
1509 2235 1643 2273 malim
1655 2264 1667 2282 ‚

954 2310 1073 2347 quam
1100 2309 1193 2333 cum
1226 2293 1352 2334 Cerda
1366 2324 1378 2343 ,
1411 2306 1517 2332 sacra
1546 2295 1668 2344 patris

956 2368 978 2391 a
997 2354 1169 2392 Tiburto
1199 2354 1328 2393 Tibur
1359 2365 1439 2390 esse
1469 2351 1668 2389 translata.

955 2413 1026 2449 Est
1060 2413 1167 2449 enim
1199 2418 1282 2448 tota
1324 2410 1391 2447 illa
1423 2408 1471 2446 de
1519 2409 1669 2447 Tibure

956 2469 1164 2507 conditore
1196 2467 1463 2505 commentitia
1495 2469 1668 2505 narratio

956 2540 977 2564 a
1019 2525 1255 2563 Graecanicis
1300 2523 1443 2561 fabulis
1486 2526 1667 2575 repetita.

954 2583 1067 2623 Nihil
1083 2590 1214 2618 tamen
1232 2581 1390 2618 credere
1409 2589 1537 2629 vetat,
1567 2591 1670 2620 vete-

954 2653 1016 2678 res
1032 2639 1211 2689 Pelasgos
1225 2638 1336 2676 hunc
1354 2639 1574 2677 incubandi
1588 2653 1669 2678 mo-

954 2709 1038 2735 rem
1054 2697 1132 2744 jam
1152 2696 1201 2733 ab
1226 2697 1343 2734 initio
1366 2698 1410 2733 in
1433 2698 1587 2735 Latium
1610 2698 1669 2735 in-

954 2754 1115 2804 tulisse,
1162 2755 1232 2806 qui
1264 2762 1304 2793 et
1333 2754 1425 2794 alias
1457 2755 1671 2808 religiones
