1767 3054
636 132 790 172 LIBER
821 133 936 172 VIII.

1460 137 1541 174 315

38 209 135 252 Aut
159 219 442 269 componere
465 218 579 265 opes
601 216 793 262 norant,
822 216 902 251 aut
928 221 1124 267 parcere
1150 220 1306 268 part0;

41 281 135 327 Sed
162 281 279 326 rami
303 290 443 341 atque
468 293 606 340 asper
628 279 759 324 victu
784 291 982 326 venatus
1009 281 1179 328 alebat.

40 357 222 403 Primus
246 354 305 401 ab
330 353 528 404 aetherio
553 354 683 400 venit
709 357 941 401 Saturnus
964 357 1196 419 Olympo,

36 435 183 477 Arma
199 429 330 476 Jovis
355 428 561 492 fugiens,
588 441 634 475 et
657 429 810 491 regnis
836 431 970 476 exsul
995 432 1206 477 ademtis.

1478 441 1540 472 320

35 508 82 552 Is
105 522 251 568 genus
275 505 481 550 indocile
496 539 508 562 ,
535 521 588 550 ac
613 505 879 567 dispersum
903 505 1145 552 montibus
1171 507 1274 553 altis

35 581 336 642 Composuit,
359 581 580 642 legesque
605 579 758 636 dedit,
782 582 1066 642 Latiumque
1090 581 1253 626 vocari

33 654 226 712 Maluit,
252 653 325 700 his
348 653 573 715 quoniam
598 653 809 700 latuisset
834 664 962 699 tutus
986 654 1035 698 in
1061 655 1171 699 oris.

33 733 194 776 Aurea
219 744 324 790 quae
349 727 627 790 perhibent,
655 728 736 773 illo
758 727 846 773 sub
872 744 982 790 rege
1007 728 1202 773 fuerunt

33 803 215 852 Saecula
241 822 252 850 z
277 803 343 849 sic
368 802 553 865 placida
578 803 781 866 populos
806 803 855 848 in
879 818 995 864 pace
1020 801 1216 864 regebat
1243 821 1253 847 ε
1478 811 1537 843 325

31 880 254 925 Deterior
278 879 429 925 donec
451 878 695 940 paullatim
722 894 775 924 ac
798 877 993 924 decolor
1016 889 1150 936 zetas,

31 955 91 999 Et
113 952 226 999 belli
247 951 426 1010 rabies,
448 964 494 998 et
519 968 652 999 amor
676 954 900 999 successit
922 952 1146 998 habendi.

30 1030 152 1074 Tum
178 1044 344 1074 manus
363 1028 599 1086 Ausonia,
624 1039 670 1075 et
695 1039 856 1091 gentes
878 1045 1053 1075 venere
1078 1028 1282 1087 Sicanae3

35 1217 131 1264 317.
154 1217 281 1254 Haud
304 1219 440 1256 Burin.
467 1231 540 1256 nec
559 1221 668 1257 Serv.
699 1219 750 1256 ad

31 1276 122 1312 En.
156 1276 174 1311 1
189 1302 200 1321 ‚
235 1276 330 1322 374.
367 1277 424 1312 Ec
448 1289 616 1326 parcere
653 1276 751 1313 alter

31 1331 177 1369 Hamb.
206 1332 338 1369 Partis
369 1333 477 1371 Leid.
516 1343 632 1383 rapto
663 1335 751 1371 Me-

30 1388 108 1427 dic.
124 1418 135 1435 ,
148 1389 217 1426 sed
235 1391 277 1426 in
288 1390 420 1428 litura.
437 1391 626 1427 Gnoranc
639 1392 754 1427 Men-

30 1447 98 1484 tel.
125 1449 378 1497 pr.-—D!os,
404 1456 557 1485 certum
578 1449 670 1484 vitae
697 1449 754 1483 in-

34 1505 220 1540 stitutum
236 1531 247 1549 ,
270 1505 338 1540 lex
363 1505 545 1553 quaedam
569 1502 751 1547 vivendi3

32 1558 182 1613 τεθμός.
212 1561 401 1599 Praeclare
444 1568 575 1597 autem
620 1560 756 1596 mitior

32 1619 125 1656 vitae
148 1619 279 1657 cultus
298 1617 519 1655 declaratur
535 1616 598 1654 his
618 1628 628 1654 ε
647 1630 756 1654 com-

26 1688 180 1726 ponere
213 1689 305 1727 opes
343 1685 382 1713 ec
407 1689 576 1726 parcere
606 1683 727 1724 parto
739 1702 751 1719 ,

32 1730 76 1771 τὸ
89 1731 387 1788 συγκομίζεσθαι
404 1730 470 1770 καὶ
485 1731 753 1786 ταμιεύεσθαι,

33 1791 180 1841 quibus
198 1793 302 1830 feros
317 1791 499 1828 homines
514 1791 754 1828 assuefacere

34 1847 317 1886 difficillimum
329 1857 399 1886 est.
419 1848 634 1885 Conferant
649 1861 755 1884 erec-

35 1907 147 1943 tioris
178 1905 324 1942 indolis
355 1907 523 1952 juvenes
553 1907 754 1942 Lucretia-

33 1977 109 2002 nos
135 1977 272 2000 versus
300 1962 371 2000 lib.
406 1964 464 2009 V,
492 1963 571 2011 951
605 1975 689 2012 sqq.
712 1963 754 1999 in

34 2024 163 2071 iisque
176 2021 273 2070 956.
287 2042 344 2048 —
359 2021 380 2057 3
393 2019 455 2057 18.
470 2019 587 2057 Rami
602 2019 642 2056 h.
656 2019 759 2057 fruc-

36 2088 100 2116 tus
124 2078 325 2115 arborum.
355 2080 479 2114 Porro
505 2078 619 2127 jung.
641 2090 760 2126 asper

34 2136 146 2173 victu
161 2164 171 2178 ,
200 2148 283 2173 non
305 2134 442 2171 alebat
462 2134 586 2171 victu.
606 2136 674 2171 Est
692 2147 757 2170 ve-

34 2203 175 2238 natus,
197 2194 266 2243 qui
287 2203 467 2242 asperum
486 2193 636 2227 victum
660 2204 757 2241 prae-

33 2250 115 2298 bet,
127 2251 168 2288 h.
186 2261 270 2287 non
290 2251 366 2287 nisi
381 2249 516 2287 labore
529 2256 567 2286 et
579 2248 757 2286 molestia

33 2307 268 2360 parandum.

96 2368 192 2416 319.
213 2367 417 2416 Antiquus
438 2364 602 2416 mythus
621 2363 670 2402 de
689 2366 756 2403 Sa-

36 2426 146 2462 turni
163 2424 255 2475 fuga
273 2427 315 2461 in
331 2423 401 2459 has
422 2431 541 2459 terras
556 2450 566 2466 ‚
584 2420 730 2459 ductus
744 2450 754 2467 ‚

34 2489 81 2519 ut
109 2481 295 2527 videtur,
318 2494 368 2518 ex
396 2480 639 2531 etymologia
666 2492 754 2516 voc.

36 2537 149 2577 Latin·
162 2552 182 2577 a
202 2539 379 2577 latendo.
409 2540 604 2574 Sammus
624 2545 756 2574 tamen

36 2608 190 2636 numen
206 2598 439 2634 Latinorum
461 2597 632 2646 patrium
647 2623 657 2641 ,
680 2595 757 2632 for-

38 2660 76 2690 te
105 2667 125 2691 a
149 2664 262 2700 satu,
294 2667 363 2692 seu
405 2654 555 2691 satione
596 2665 755 2699 rerum,

36 2711 219 2761 inprimis
246 2712 422 2763 frugum.
447 2711 522 2750 Sed
556 2723 758 2760 compara-

35 2775 101 2806 tus
113 2768 180 2808 ille
191 2781 284 2808 cum
299 2769 428 2808 Crono
439 2768 592 2807 fabulas
601 2768 758 2807 Graeco-

818 1233 908 1257 rum
920 1220 963 1257 in
982 1233 1022 1257 se
1039 1218 1245 1258 derivandi
1265 1219 1542 1269 opportunita-

820 1286 896 1314 tem
905 1277 1179 1316 dedit.C0ntra
1190 1279 1416 1322 Ausonum,
1430 1276 1542 1314 adeo-

817 1348 898 1384 que
925 1335 1193 1386 Aboriginum
1208 1362 1218 1380 ,
1248 1343 1285 1370 et
1308 1335 1541 1370 Latinorum

818 1392 1030 1442 religiones
1064 1391 1252 1428 videntur
1285 1392 1403 1427 fuisse
1429 1390 1543 1427 valde

822 1450 1118 1498 simplices.—3
1128 1462 1148 1484 2
1160 1462 1175 1484 1
1185 1477 1194 1484 .
1208 1448 1415 1492 Indocile;
1432 1449 1540 1485 Serv.

822 1517 896 1554 pro
930 1505 1162 1549 indoctnm3
1187 1505 1321 1541 malim
1352 1517 1426 1554 pro
1459 1506 1545 1543 fero

822 1569 861 1597 et
877 1564 1017 1612 agresti
1029 1563 1218 1611 accipere.
1230 1583 1289 1590 —-
1303 1563 1400 1599 322.
1420 1564 1546 1614 Leges

823 1618 953 1663 dedic,
976 1619 1017 1657 h.
1046 1632 1176 1656 mores
1201 1628 1239 1656 et
1265 1621 1469 1665 instituta3
1492 1619 1542 1657 cf.

823 1677 904 1713 *5⁷11
918 1705 928 1723 ‚
953 1678 1034 1714 203
1052 1705 1062 1722 ‚
1096 1684 1193 1721 204.
1207 1698 1265 1705 -—
1283 1677 1380 1714 325.
1406 1679 1544 1714 Aurea

821 1734 970 1771 saecula
1003 1734 1168 1771 observa
1201 1748 1272 1784 per
1296 1747 1446 1784 pacem
1475 1734 1544 1771 de-

822 1790 974 1828 clarari.
989 1812 1045 1819 -—
1060 1791 1157 1828 326.
1180 1792 1354 1828 Decolor
1372 1800 1471 1827 eccas
1490 1804 1546 1828 re-

821 1857 961 1898 spectu
978 1849 1064 1884 auri
1079 1876 1090 1894 ,
1112 1848 1246 1886 colore
1266 1849 1403 1884 vitiato
1417 1875 1427 1893 ‚
1446 1847 1543 1885 dum

822 1917 920 1942 aerea
945 1905 1007 1942 vel
1037 1905 1161 1942 ferrea
1186 1914 1277 1943 aetas
1300 1904 1542 1944 succederet.

824 1983 882 1991 -—
896 1962 992 1999 328.
1031 1965 1180 1999 Manus
1217 1962 1425 2007 Ausonia,
1460 1965 1545 2000 Au-

824 2032 962 2066 sones,
987 2020 1174 2069 praeclare
1204 2021 1340 2057 Heius.
1367 2021 1545 2070 reposuit

824 2090 875 2113 ex
896 2076 1041 2114 Medic.
1066 2076 1173 2114 Gud.
1195 2086 1233 2114 et
1247 2079 1349 2114 Ven.
1365 2090 1384 2113 a
1398 2091 1450 2115 m.
1465 2090 1543 2115 sec.

824 2147 915 2170 cum
947 2137 1140 2172 Romano.
1175 2134 1310 2183 Vulgo
1341 2147 1434 2171 cum
1461 2137 1546 2173 Ser-

823 2192 890 2228 vio
909 2203 918 2228 :
938 2205 990 2229 m.
1010 2191 1282 2229 Ausom‘ae.—-
1299 2193 1446 2228 Manus
1460 2194 1545 2229 Aa·

823 2247 961 2294 sonia,
988 2251 1191 2293 Ausones,
1212 2262 1313 2298 quos
1344 2251 1480 2287 Livius
1506 2258 1546 2287 et

824 2306 889 2342 alii
913 2306 1032 2357 vulgo
1061 2306 1302 2356 Aborigines
1331 2307 1543 2357 appellant.

825 2363 991 2400 Sicanos
1021 2372 1150 2400 autem
1181 2372 1374 2401 memorat
1404 2372 1543 2415 poeta,

823 2434 892 2458 seu
928 2420 1039 2472 quod
1067 2429 1250 2458 auctores
1282 2421 1449 2468 habuit,
1474 2424 1545 2472 qui

823 2486 863 2515 et
889 2478 962 2516 hos
989 2479 1033 2515 in
1056 2479 1210 2516 Italiam
1238 2481 1390 2516 venisse
1416 2478 1545 2516 trade-

824 2545 937 2582 rent;
969 2549 1060 2573 cum
1092 2536 1184 2573 alias
1223 2537 1384 2575 Sicanos
1424 2550 1446 2573 a
1482 2538 1548 2574 Li-

823 2594 991 2646 guribus
1024 2607 1074 2632 ex
1111 2595 1300 2644 Hispania
1335 2594 1471 2644 pulsos
1501 2595 1546 2632 in

823 2652 995 2690 Siciliam
1019 2652 1213 2699 trajecisse
1245 2660 1448 2688 narratum
1470 2652 1546 2697 sit;

823 2722 892 2746 seu
922 2708 1033 2760 quod
1063 2708 1228 2746 Sicanos
1267 2722 1359 2746 cum
1402 2708 1544 2746 Siculis

826 2766 1037 2806 confundit
1048 2795 1060 2815 ,
1081 2780 1182 2820 quos
1199 2767 1288 2806 loca
1306 2767 1412 2805 inter
1429 2765 1544 2805 Tibe·
