1767 3054
123 130 174 165 68
750 140 989 178 AENEIDOS

120 205 260 262 Isque
286 202 358 250 his
383 207 560 253 AEnean
584 208 758 255 solatus
782 209 979 256 vocibus
1003 210 1104 255 infit
1131 227 1141 254 :

121 296 138 315 «
161 278 281 323 Nate
306 279 416 336 dea,
443 298 538 343 quo
559 282 652 328 sata
674 283 866 328 trahunt
891 284 1257 347 rctrahuntquc,
1281 300 1534 347 sequamur
1556 303 1566 330 :

119 351 365 414 Quidquid
386 356 498 412 erit,
522 357 787 418 superanda
813 358 963 403 omnis
989 358 1179 404 fortuna
1202 358 1395 405 ferendo
1420 368 1502 406 est.
1553 380 1612 411 710

117 427 198 471 Est
221 427 308 474 tibi
331 430 599 477 Dardanius
624 432 794 477 divinae
819 432 977 493 stirpis
998 437 1188 480 Acestes
1210 451 1219 477 :

116 503 256 549 Hunc
276 521 390 566 cape
417 506 620 552 consiliis
642 507 844 565 socium,
867 517 912 553 et
934 509 1164 570 conjunge
1189 509 1448 569 volentem,

116 577 240 622 Huic
262 578 419 635 trade,
442 581 620 627 amissis
645 592 870 644 superant
894 583 976 643 qui
999 582 1222 640 navibus,
1243 594 1289 629 et
1313 599 1432 645 quos

114 654 369 700 Pertaesum
394 657 550 718 magni
575 657 750 720 incepti
772 675 1025 720 rerumque
1050 669 1238 704 tuarum
1257 669 1348 718 est3

114 732 471 792 Longaevosque
495 749 648 790 senes,
672 749 725 778 ac
749 733 889 780 fessas
912 749 1102 796 aequore
1123 745 1318 790 matres,
1551 746 1610 786 71⁵

113 807 172 850 Et
193 805 426 866 quidquid
452 819 606 854 tecum
626 809 886 855 invalidum
910 820 1219 871 metuensque
1242 808 1408 872 pericli
1431 819 1523 867 est,

111 879 299 942 Delige,
325 893 370 926 ct
394 882 466 928 his
491 882 696 930 habeant
724 885 860 931 terris
885 886 984 931 sine
1009 885 1180 931 moenia
1203 884 1325 931 fessi.

111 954 294 1002 Urbem
315 957 619 1018 adpellabunt
642 961 870 1019 permisso
895 961 1084 1006 nomine
1104 964 1337 1006 Acestam.
1362 980 1381 999 »

108 1118 358 1155 incensarum
376 1121 552 1159 navium.
570 1123 655 1158 Aut
667 1121 752 1158 lzoec
769 1131 826 1159 est

109 1176 253 1222 Pallas,
274 1190 362 1226 quae
382 1180 521 1216 Nautae
549 1179 745 1227 subjicere
763 1193 824 1217 so-

108 1233 213 1270 lebat
243 1248 311 1281 ea,
343 1249 432 1286 quae
463 1238 495 1273 is
527 1239 821 1276 vaticinaretur.

107 1292 295 1329 Attamen
313 1295 356 1330 in
371 1294 432 1331 his
450 1295 599 1344 aliquid
618 1296 709 1333 duri
727 1309 820 1343 esse,

108 1349 156 1386 ad
177 1364 336 1388 sensum
359 1352 472 1390 facile
492 1362 568 1399 est3
599 1367 673 1391 nec
700 1354 823 1392 Pallas

106 1421 296 1458 responsa
337 1410 436 1447 dare
477 1411 588 1450 solet.
630 1434 688 1441 —
726 1413 820 1460 708.

106 1468 240 1517 Atque
263 1466 322 1503 his
355 1468 471 1506 video
500 1470 543 1505 in
567 1470 701 1521 vulgg.
730 1470 821 1507 His-

105 1537 181 1573 que
222 1523 255 1560 is
284 1526 411 1577 Bigot.
454 1529 626 1578 Jamque
657 1528 717 1564 his
759 1542 819 1579 pr.

104 1582 248 1620 Hamb.
273 1584 423 1634 Hisque
441 1586 606 1623 AEnean
622 1587 740 1624 wall.
761 1589 823 1623 In-

104 1640 192 1689 quic
205 1641 286 1679 duo
303 1643 520 1681 Burmann.
539 1647 665 1682 Totus
683 1658 821 1682 versus

104 1698 238 1736 deerat
256 1701 414 1751 Hugen.
440 1715 460 1738 a
480 1715 532 1739 m.
550 1716 612 1752 pr.

164 1770 243 1807 709
275 1780 334 1787 —-
368 1760 462 1805 718.
488 1760 688 1798 Adhibuit
715 1761 756 1798 h.
789 1761 816 1798 l.

101 1823 230 1851 vatem
251 1824 367 1865 poeta
391 1829 441 1854 ex
459 1821 675 1856 vetustiore
694 1832 817 1866 more,

100 1885 180 1921 quo
204 1882 341 1910 vatum
370 1887 414 1911 ac
443 1876 728 1926 prophetarum
759 1879 818 1927 ip-

98 1942 312 1982 sorumque
334 1931 499 1969 deorum
523 1947 708 1985 responsa
734 1948 817 1972 non

99 1987 250 2038 ubique
284 1989 440 2028 futuros
475 2001 640 2029 eventus
676 1992 816 2043 praedi-

98 2054 218 2092 cunt,
255 2060 396 2084 verum
423 2049 659 2099 plerumque
687 2052 814 2087 moni-

98 2105 166 2149 tis,
199 2104 443 2152 hortatibus,
481 2108 655 2144 consiliis
688 2110 815 2144 conti-

97 2169 256 2198 nentur.
290 2165 388 2199 Sane
416 2163 518 2201 bene
552 2174 590 2201 et
619 2167 814 2215 sapienter

96 2218 296 2256 monendo
319 2220 426 2257 haud
443 2235 531 2259 raro
547 2222 702 2260 futuros
720 2236 814 2260 con-

96 2276 278 2313 siliorum
306 2286 374 2314 aut
406 2282 623 2316 contran'os
650 2289 813 2318 eventus

98 2342 187 2371 ante
217 2335 353 2372 oculos
382 2338 568 2385 ponimus
601 2349 610 2374 :
637 2337 757 2388 idque
780 2340 814 2375 si

99 2390 313 2438 ἐνθουσιῶν,
331 2405 475 2443 magno
497 2407 587 2430 cum
606 2396 747 2444 spiritu
767 2408 812 2433 ac

97 2458 210 2486 motu
244 2452 365 2487 animi
402 2451 542 2502 aliquis
576 2452 687 2498 facit,
727 2466 810 2491 non

97 2508 243 2543 mirum
278 2509 309 2544 si
339 2509 381 2544 in
410 2509 709 2559 praedictionem
749 2524 809 2548 res

96 2565 204 2602 abiit.
231 2566 468 2615 Superanda
497 2567 626 2604 omnis
636 2566 810 2618 fortuna

89 2622 262 2674 ferendo
297 2623 454 2672 plenius
492 2638 608 2674 quam
630 2624 810 2676 ferenda

97 2690 156 2718 esc
189 2680 319 2717 omnis
345 2679 530 2732 sbrtuna.
564 2704 622 2711 —-
655 2682 808 2720 Dc'vt‘noe

95 2738 249 2789 scirpis,
274 2750 364 2775 nam
391 2739 597 2777 Dardanus
626 2754 676 2777 ex
705 2743 807 2778 Jove

98 2805 212 2834 natus
245 2804 283 2833 et
306 2796 474 2847 Electra,
501 2798 672 2836 Atlantis
703 2797 802 2845 filia,

891 1135 981 1168 seu,
1014 1122 1122 1173 quod
1164 1122 1264 1159 forte
1297 1129 1476 1172 praestat,
1514 1124 1608 1173 quia

892 1189 1015 1217 mater
1043 1194 1133 1217 eum
1164 1193 1214 1217 ex
1246 1180 1413 1218 Crimiso
1441 1179 1607 1218 flumine

891 1247 1128 1289 susceperat.
1148 1237 1229 1275 vid.
1254 1251 1341 1288 sup.
1363 1238 1437 1284 38,
1458 1238 1525 1288 39.
1548 1259 1607 1272 -—

894 1310 912 1343 7
926 1298 988 1335 13.
1013 1299 1214 1346 Sapemnc
1231 1295 1301 1346 qui
1318 1294 1474 1332 amissis
1493 1295 1604 1332 navi-

890 1354 958 1390 bus
991 1363 1084 1391 sunt
1129 1362 1302 1405 quatuor
1344 1362 1605 1392 crematarum

890 1413 1053 1449 navium
1073 1414 1209 1463 copiae.
1221 1434 1279 1440 —-
1294 1424 1312 1459 7
1326 1412 1390 1449 18.
1410 1411 1606 1461 Adpella-

889 1470 984 1506 banc
1013 1470 1120 1507 Gud.
1149 1483 1169 1507 a
1197 1483 1248 1508 m.
1278 1483 1339 1520 pr.
1372 1482 1462 1506 cum
1499 1469 1605 1507 binis

890 1528 1011 1566 Goth.
1049 1527 1248 1565 Promisso
1292 1526 1452 1564 nomine
1484 1530 1602 1566 Rom.

890 1599 980 1623 cum
1004 1586 1202 1637 plerisque
1225 1586 1341 1632 Pier.‚
1370 1584 1438 1623 sed
1467 1587 1605 1636 paucis

888 1658 938 1681 ex
958 1645 1161 1682 Heinsian.
1172 1643 1382 1694 praemisso
1399 1651 1487 1680 tert.
1505 1645 1603 1681 Rot-

887 1703 994 1740 tend.
1023 1702 1091 1740 sed
1106 1701 1302 1752 permisso
1330 1700 1477 1739 Medic.
1510 1713 1602 1740 cum

886 1762 1024 1797 ceteris
1037 1789 1047 1806 ,
1069 1769 1263 1810 quatenus
1288 1758 1524 1809 permissum
1544 1760 1600 1796 A·

885 1827 1018 1865 cestae,
1039 1817 1087 1855 de
1117 1830 1190 1855 suo
1217 1818 1379 1854 nomine
1403 1815 1599 1867 appellare

886 1889 1029 1913 novam
1063 1875 1222 1922 urbem3
1260 1876 1332 1912 etsi
1365 1888 1384 1911 a
1419 1875 1599 1922 Trojanis
1642 1911 1646 1915 ,

884 1936 955 1984 qui
977 1947 1069 1971 cum
1088 1936 1210 1970 AEnea
1224 1939 1432 1978 venerant,
1451 1931 1601 1969 habita-

884 2001 982 2038 tam,
1018 1991 1194 2041 adeoque
1225 1990 1274 2027 ab
1303 1992 1425 2027 AEnea
1459 1988 1596 2027 condi-

883 2058 982 2096 tam3
1005 2051 1072 2100 qui
1092 2047 1332 2085 invidendas
1352 2048 1448 2085 olim
1463 2048 1509 2084 in
1531 2060 1597 2085 co-

880 2108 998 2145 loniis
1019 2106 1262 2144 deducendis
1283 2105 1504 2142 habebatur
1521 2104 1594 2143 ho-

881 2178 966 2202 nos.
995 2166 1096 2202 Mox
1124 2165 1295 2200 Acesten
1325 2162 1511 2200 nonnulli
1532 2163 1596 2200 vel

880 2231 926 2259 ut
953 2226 1068 2261 Rom.
1093 2223 1307 2270 Acestem,
1326 2222 1457 2258 minus
1478 2220 1592 2257 bene.

879 2282 1049 2324 Acesta,
1079 2278 1186 2316 unde
1218 2281 1373 2328 Segesta
1402 2278 1523 2322 facta,
1549 2285 1595 2314 ut

879 2351 965 2388 sup.
991 2352 1028 2375 v.
1061 2339 1110 2375 52
1141 2338 1316 2384 Mycena
1342 2333 1589 2372 occurrebat.

879 2417 934 2424 —
952 2397 1121 2439 Acesta,
1154 2401 1250 2431 nota
1276 2392 1373 2429 urbs
1395 2393 1533 2444 Egesta
1553 2402 1592 2430 et

879 2454 1055 2502 AEgesta‚
1090 2451 1211 2501 vulgo
1249 2452 1402 2500 Segesta
1429 2460 1439 2486 :
1471 2462 1588 2500 quam

875 2518 992 2558 poeta
1012 2522 1120 2546 nunc
1135 2507 1184 2544 ab
1200 2510 1339 2553 AEnea,
1363 2507 1589 2554 comitibus,

876 2579 976 2615 quos
1019 2568 1064 2603 in
1099 2565 1231 2603 Sicilia
1268 2564 1505 2614 reliquerat,
1545 2566 1589 2602 in

876 2637 961 2661 eam
990 2623 1246 2672 conscriptis,
1272 2622 1472 2659 conditam
1497 2634 1587 2659 nar-

875 2690 954 2727 rat;
984 2680 1064 2718 vid.
1099 2693 1194 2717 mox
1222 2693 1260 2717 v.
1299 2680 1380 2726 755
1406 2693 1491 2730 sq.;
1514 2692 1587 2717 no-

874 2740 979 2776 mine
1003 2746 1133 2775 tamen
1160 2750 1244 2775 non
1266 2738 1315 2775 ab
1345 2741 1484 2784 AEnea,
1518 2735 1587 2780 sed

872 2797 921 2834 ab
944 2798 1106 2845 Aceste,
1130 2796 1329 2847 imposito.

1733 2644 1743 2661 η.

1753 2896 1755 2900 ,
1719 2661 1759 2889 ῖέψῶἒιέὸἷῑῶῑ
1726 2645 1750 2655 ἶ·
