1767 3054
111 174 188 215 342

732 174 973 213 AENEIDOS

115 241 306 287 Silvano
332 240 454 288 fama
478 253 546 288 est
569 252 751 290 veteres
777 259 981 291 sacrasse
1004 246 1241 309 Pelasgos,

1540 254 1602 283 600

119 320 356 362 Arvorum
379 317 658 380 pecorisque
684 319 796 376 deo,
818 319 1070 379 lucumque
1099 319 1338 382 diemque,

120 392 214 448 Qui
238 391 379 454 primi
402 393 504 438 finis
529 393 781 454 aliquando
806 391 1018 438 habuere
1041 394 1249 440 Latinos.

120 466 262 511 Haud
286 467 451 528 procul
473 467 583 511 hinc
604 466 814 523 Tarcho,
840 476 887 511 et
908 466 1163 527 Tyrrheni,
1189 478 1291 514 tuta
1315 466 1535 514 tenebant

123 543 283 585 Castra
306 541 442 596 locis,
466 541 683 601 celsoque
707 539 856 586 omnis
881 540 938 586 de
960 541 1077 586 colle
1100 541 1254 586 videri

124 617 148 657 J
153 629 226 657 am
247 624 432 674 poterat
453 614 598 676 legio,
624 625 670 660 et
690 614 795 660 latis
820 614 1042 660 tendebat
1062 615 1110 659 in
1135 614 1273 661 arvis.

1549 624 1611 654 605

125 690 229 731 Huc
254 697 388 746 pater
411 690 604 745 AEneas,
627 699 673 734 et
695 688 821 734 bello
843 689 964 735 lecta
982 689 1207 751 juventus

125 759 416 818 Succedunt,
442 762 645 824 fessique
668 773 713 808 et
741 777 887 824 equos
913 773 960 808 et
981 778 1183 824 corpora
1204 773 1383 807 curant.

187 836 251 878 At
273 837 432 880 Venus
455 835 672 882 aetherios
694 838 818 882 inter
843 836 930 882 dea
951 835 1150 882 candida
1168 835 1354 881 nimbos

124 911 261 953 Dona
286 909 439 956 ferens
464 909 627 956 aderat
651 927 662 954 t
687 922 943 972 natumque
963 911 1013 956 in
1035 911 1156 955 valle
1177 909 1371 956 reducta

123 984 188 1026 Ut
211 983 376 1042 procul
402 982 584 1043 egelido
609 994 843 1029 secretum
864 985 1058 1027 flumine
1080 983 1223 1039 vidit,
1553 997 1614 1026 610

124 1134 239 1172 sunt;
259 1134 455 1162 mutatum
477 1127 577 1164 forte
602 1128 650 1164 ab
673 1128 741 1174 iis,
766 1128 836 1177 qui

125 1184 173 1221 ad
210 1184 330 1220 colles
370 1183 605 1222 referebant.
641 1184 707 1222 Ad
752 1197 837 1221 eam

124 1241 286 1278 formam
299 1269 309 1287 ,
334 1254 409 1290 qua
428 1243 663 1291 exquisitius
689 1242 839 1280 dictum

126 1311 207 1335 esse
237 1299 425 1344 habetur,
462 1313 598 1336 nemus
637 1300 833 1352 cingunt,

126 1358 315 1393 Heinsius
346 1366 525 1403 revocat,
558 1371 723 1408 eamque
758 1358 839 1395 for-

129 1427 232 1449 mam
269 1414 474 1463 aliquoties
509 1415 734 1454 illustravit.
770 1416 841 1454 Nil

130 1472 272 1516 refert,
311 1480 446 1507 utrum
486 1474 678 1522 sequaris;
718 1473 840 1511 modo

130 1537 280 1573 teneas,
315 1540 398 1564 non
423 1542 560 1565 nemus
593 1529 751 1582 cingere
782 1531 842 1567 lu-

133 1597 245 1628 cum,
271 1584 339 1621 sed
355 1585 474 1622 colles
497 1595 537 1622 et
562 1600 719 1634 nemus,
743 1587 784 1625 h.
805 1600 839 1624 e.

133 1642 253 1679 colles
279 1655 509 1680 nemorosos
532 1644 689 1694 cingere
712 1645 842 1682 lucum

133 1709 173 1736 ec
182 1699 516 1738 vallem—600.
532 1702 735 1754 Pelasgos,
751 1702 841 1752 qm}

133 1757 317 1807 Agyllam
333 1758 437 1794 inter
456 1770 518 1794 eas
536 1759 704 1796 Etruriae
724 1759 844 1796 urbes

134 1823 324 1852 memorat
338 1816 507 1866 Dionys,
527 1816 566 1860 1,
583 1829 634 1853 20
648 1831 658 1864 3
673 1818 752 1863 III,
776 1817 843 1864 58,

134 1885 230 1922 quas
254 1872 431 1923 Pelasgos
462 1871 622 1921 adiisse,
651 1875 696 1911 in
717 1875 844 1924 iisque

134 1929 354 1967 consedisse
365 1958 374 1976 ‚
395 1931 490 1967 etin
506 1931 653 1979 quibus
670 1932 845 1982 Pelasgo-

133 2000 223 2024 rum
246 2000 373 2025 sermo
391 1988 669 2037 praevaluerat,
695 1998 733 2026 et
752 1989 842 2039 plu-

134 2047 280 2081 rimum
302 2045 491 2095 Pelasgici
507 2048 627 2083 moris
646 2046 715 2083 diu
738 2047 843 2083 obti-

134 2110 286 2140 nuerat.
300 2124 357 2130 —
372 2103 425 2140 60
436 2116 468 2139 1.
485 2105 711 2153 Lucumque
727 2102 846 2141 diem-

133 2173 208 2209 que
231 2173 244 2196 .·
267 2160 404 2196 lucum
424 2160 583 2197 Silvano
600 2174 846 2198 consecrasse

134 2217 360 2253 ferebantur
395 2216 554 2254 advenae
592 2218 740 2269 Pelasgi
758 2246 767 2263 ‚
809 2226 848 2255 et

133 2274 307 2311 sollenne
337 2287 514 2311 aunuum
544 2275 702 2313 Silvano
736 2277 846 2312 insti-

135 2332 266 2367 tuIsse.
284 2354 341 2360 --
361 2333 457 2369 603.
477 2334 570 2370 Non
586 2334 704 2379 male,
723 2341 844 2383 puto,

137 2400 286 2437 quaeras
321 2403 411 2425 cum
442 2391 577 2427 Servio
611 2390 847 2440 :quomodo

139 2455 272 2481 castra
291 2445 331 2481 in
363 2446 453 2483 attis
483 2446 578 2482 locis
603 2447 747 2484 habere
777 2460 849 2497 po-

139 2504 288 2538 tuerint
304 2530 314 2547 ,
353 2504 386 2538 si
417 2505 461 2539 in
496 2505 595 2541 valle
630 2513 667 2541 et
701 2506 846 2554 campis

140 2568 268 2605 eraut,
294 2567 332 2595 et
353 2573 373 2595 e
402 2559 569 2597 collibus
589 2563 782 2611 prospici,
806 2570 846 2598 et

138 2616 236 2653 adiri
256 2625 449 2666 poterant.
477 2618 586 2654 Esset
615 2627 745 2655 tamen
765 2618 844 2656 hoc

139 2675 307 2712 alienum
341 2686 360 2709 a
395 2672 564 2709 lectione
597 2684 744 2723 poetae,
776 2677 847 2726 qui

139 2744 248 2768 nuuc
266 2739 386 2768 castra
407 2729 580 2780 epitheto
611 2744 750 2768 ornare
778 2745 848 2769 vo-

136 2789 241 2829 l:.:bat
260 2800 280 2824 a
302 2796 517 2825 castrorum
535 2796 671 2825 natura
692 2789 816 2840 petito
835 2801 844 2826 :

901 1135 1066 1165 tuentur
1078 1128 1183 1165 enim
1201 1135 1323 1165 eastra
1339 1130 1481 1179 quovis
1497 1130 1616 1166 modo

904 1184 1002 1222 sacta
1025 1199 1090 1222 eos
1113 1185 1242 1235 quiin
1256 1186 1304 1222 iis
1325 1185 1539 1225 excubant.
1560 1209 1616 1218 -ι

907 1243 1004 1280 605.
1037 1246 1089 1280 Ut
1106 1242 1198 1293 lacis
1217 1250 1243 1280 t.
1262 1243 1496 1281 emendabat
1517 1247 1615 1282 Tan.

904 1300 1030 1338 Faber
1047 1309 1085 1337 et
1100 1300 1248 1346 Barth„
1267 1314 1352 1338 non
1367 1301 1617 1351 improbante

905 1359 1071 1396 Heinsio
1085 1386 1095 1404 ,
1119 1366 1158 1394 et
1176 1359 1323 1408 recepit
1342 1358 1444 1395 illud
1467 1359 1618 1397 Canin-

906 1415 1083 1467 ghamus,
1099 1429 1191 1453 cum
1206 1413 1429 1453 Wakefield
1439 1444 1450 1462 ,
1468 1425 1507 1453 et
1521 1430 1620 1467 prae-

905 1472 1114 1510 ferendum
1137 1481 1196 1509 est
1216 1473 1384 1524 vulgatae
1407 1473 1517 1511 haud
1548 1474 1619 1512 du-

906 1530 997 1578 bie;
1017 1532 1090 1567 etsi
1111 1531 1280 1567 alterum
1298 1539 1464 1568 tuentur
1491 1544 1620 1569 exem-

907 1587 974 1636 pla
1012 1587 1152 1623 similia
1166 1615 1177 1632 ,
1218 1589 1400 1638 inprimis
1440 1590 1617 1626 Homeri.

909 1645 1095 1681 Heinsius
1113 1645 1229 1680 etiam
1241 1644 1368 1681 Latiis
1384 1646 1617 1692 conjecerat.

911 1701 1016 1738 Letis
1036 1704 1174 1739 Franc.
1195 1713 1215 1736 a
1245 1714 1297 1739 m.
1326 1715 1388 1752 pr.
1419 1705 1469 1739 In
1498 1703 1620 1740 armis

910 1761 1008 1797 Exc.
1025 1761 1161 1797 Burm.
1178 1781 1237 1787 —
1256 1759 1354 1796 606.
1379 1760 1494 1796 Bello
1518 1761 1622 1798 lecca

909 1815 990 1854 vid.
1021 1830 1109 1866 sup.
1145 1815 1197 1852 ad
1229 1816 1324 1863 547.
1360 1819 1499 1854 AEueas
1530 1831 1619 1854 cum

908 1875 988 1911 suis
1006 1875 1050 1910 in
1068 1873 1161 1910 luco
1181 1873 1424 1911 consederat.
1443 1896 1502 1902 —-
1521 1875 1617 1922 607.

909 1931 1076 1979 Reliqua
1092 1939 1209 1981 poeta
1225 1932 1455 1982 exsequitur
1474 1931 1545 1970 lib.
1566 1935 1620 1978 X,

915 2001 931 2024 1
942 1988 992 2032 48
1015 2001 1101 2038 sqq.

969 2045 1065 2082 608.
1102 2045 1221 2082 Haud
1256 2046 1378 2083 dubie
1419 2048 1555 2091 Maro,
1590 2048 1623 2083 si

912 2103 1078 2139 carmini
1123 2105 1406 2152 supervixisset
1422 2132 1432 2150 ‚
1481 2104 1622 2140 melius

910 2160 1020 2196 hunc
1051 2160 1188 2196 locum
1221 2162 1500 2199 constituisset.
1534 2163 1622 2199 Jam

913 2229 1032 2266 supra
1054 2245 1065 2264 ‚
1103 2215 1200 2253 dnm
1238 2212 1413 2255 Euandri
1449 2218 1623 2268 hospitio

910 2274 1098 2311 utebatur
1116 2277 1278 2320 AEneas‚
1305 2288 1413 2312 arma
1434 2275 1534 2311 coelo
1556 2274 1623 2310 de-

910 2330 1018 2381 lapsa
1037 2341 1321 2369 memoraverat
1333 2360 1343 2378 ,
1365 2345 1408 2368 re
1429 2333 1472 2368 in
1490 2331 1624 2380 prodi-

913 2390 1022 2439 gium
1041 2401 1151 2425 versa
1170 2389 1252 2433 524
1271 2402 1357 2438 sqq.
1374 2390 1489 2427 Nunc
1503 2389 1546 2423 in
1565 2388 1623 2424 lu-

914 2458 960 2482 co
996 2445 1046 2482 ad
1076 2446 1183 2483 Caere
1216 2459 1341 2495 quum
1370 2443 1446 2481 sub
1482 2444 1621 2482 arbore

912 2503 1152 2540 consedisset
1180 2505 1341 2547 AEueas,
1370 2513 1459 2538 ecce
1485 2503 1622 2538 Venus

913 2559 1032 2605 adest,
1047 2569 1087 2596 et
1102 2572 1206 2596 arma
1221 2565 1411 2608 apportat.
1430 2559 1622 2608 Compara

911 2616 1022 2654 Iliad.
1041 2630 1086 2662 σ,
1105 2617 1202 2661 615,
1223 2615 1320 2661 616,
1341 2623 1380 2651 et
1397 2627 1432 2661 τ,
1453 2616 1490 2653 3.
1512 2615 1623 2652 Nim-

911 2674 978 2718 bos
999 2686 1072 2723 pro
1093 2672 1290 2718 nubibus,
1319 2684 1421 2710 aere.
1443 2694 1501 2700 —
1521 2672 1618 2711 610.

912 2732 969 2767 Ec
977 2743 1042 2780 pr.
1069 2729 1243 2767 Parthas.
1263 2731 1302 2766 E
1324 2728 1461 2779 gelido
1479 2733 1620 2780 passim

913 2789 1050 2838 scripti
1069 2796 1108 2824 et
1138 2786 1225 2824 edd.
1263 2787 1378 2824 etiam
1410 2789 1525 2832 Pier„
1556 2787 1618 2823 alii
