1767 3054
711 97 862 135 LIBER
894 96 965 132 w.

1519 107 1593 143 ¹¹9

93 170 401 217 Horrendum
418 168 642 223 stridens,
667 167 961 228 flammisque
981 175 1161 210 armata
1183 167 1436 224 Chimaera,

96 250 365 308 Gorgones,
387 243 731 304 Harpyiaeque,
757 253 803 288 et
827 243 978 287 forma
1003 241 1282 302 tricorporis
1304 243 1510 288 Umbrae.

95 319 312 381 Conripit
337 316 413 362 hic
434 314 591 361 subita
613 315 828 377 trepidus
856 314 1110 361 formidine
1134 314 1312 360 ferrum
1534 337 1591 366 ,ψ

95 397 286 449 AEneas,
308 390 613 451 strictamque
636 391 785 435 aciem
806 391 1105 438 venientibus
1133 391 1298 448 offert;

98 471 181 524 Et,
202 467 250 512 ni
271 465 409 511 docta
434 480 590 510 comes
611 463 764 509 tenuis
787 463 886 509 sine
911 478 1113 525 corpore
1133 466 1254 512 vitas

96 541 362 588 Admoneat
382 540 582 585 volitare
603 554 719 584 cava
743 536 831 583 sub
854 537 1056 599 imagine
1081 539 1266 595 sormae,

97 620 282 673 Inruat‚
301 626 348 662 et
370 615 544 660 frustra
568 615 692 659 ferro
718 611 991 658 diverberet
1016 613 1223 660 umbras.

162 689 286 737 Hinc
310 689 387 736 via
411 688 625 735 Tartarei
645 703 750 750 quae
771 687 861 733 fert
882 687 1165 734 Acherontis
1186 687 1247 733 ad
1267 688 1414 735 undas
1436 707 1445 732 :
1534 700 1594 740 295

97 897 193 940 cies,
241 908 320 934 non
348 895 485 934 terruit
512 895 595 946 ipse
621 894 814 946 Typhaeus

97 954 281 999 Arduus,
318 967 432 990 arma
467 963 636 998 tenens;
667 967 748 991 non
777 963 814 991 te

97 1012 264 1049 rationis
282 1021 463 1063 egentem
490 1014 678 1049 Lernoens
701 1011 814 1048 turba

98 1070 274 1121 capitum
300 1070 555 1107 circumstetit
582 1069 736 1121 anguis.
756 1090 814 1097 —-

101 1128 198 1165 288.
234 1129 319 1178 Que
351 1127 459 1164 abest
497 1141 517 1164 a
554 1127 659 1164 binis
677 1130 812 1166 Burni·

98 1188 223 1223 Porro
244 1184 351 1236 apud
367 1186 548 1222 Servium
566 1185 743 1222 dubitari
762 1186 816 1221 vi-

98 1242 236 1288 detur,
273 1243 321 1279 ad
352 1245 608 1280 Excetramne
639 1245 815 1280 Horren-

99 1300 192 1337 dum
211 1300 401 1345 stridens,
435 1314 483 1337 an
512 1301 559 1337 ad
581 1300 815 1339 Chjmaeram

100 1357 352 1396 referendum
379 1359 441 1396 sit.
476 1358 552 1396 Sed
581 1358 701 1396 habet
730 1358 814 1395 haec

99 1416 333 1467 epitheton,
376 1415 565 1468 flammis
617 1426 777 1453 armata
799 1445 810 1462 ‚

99 1473 366 1511 flammivoma
385 1485 395 1511 :
414 1474 486 1510 etsi
527 1473 694 1511 flammae
727 1474 815 1511 stri-

98 1531 198 1568 dent
217 1532 391 1582 proprie.
414 1531 492 1570 Sed
512 1540 552 1568 et
572 1532 736 1569 stridere
765 1532 813 1569 de

98 1597 279 1640 serpente
294 1590 455 1639 proprie
469 1618 479 1635 ‚
499 1603 537 1628 v.
552 1603 589 1629 e.
606 1589 810 1629 claudian.

99 1646 148 1683 de
176 1650 225 1686 R.
261 1649 304 1684 P.
330 1649 375 1692 1,
410 1660 473 1685 12.
508 1649 675 1700 Angues
707 1648 816 1698 Trip-

97 1703 239 1741 tolemi
265 1703 447 1743 stridunt.
473 1706 576 1744 conf.
610 1705 813 1743 Drakenb.

100 1761 150 1798 ad
169 1762 310 1800 Silium
326 1764 366 1800 II
380 1790 391 1808 ,
418 1763 513 1810 537.
544 1763 816 1814 Flammisque

100 1818 288 1855 animata
326 1821 548 1871 corrigebat
578 1820 733 1859 Wakes.
767 1821 815 1858 ad

101 1876 239 1925 Eurip.
266 1877 353 1915 Ion.
383 1890 472 1927 pag.
507 1892 585 1926 27,
620 1878 729 1915 nulla
767 1879 815 1915 de

101 1945 248 1970 caussa.
260 1955 319 1960 —
331 1933 537 1984 Gorgones
552 1937 596 1973 in
610 1935 721 1972 Hade
736 1936 814 1983 jam

101 1990 245 2041 Odyss.
265 1994 288 2027 λ
302 2018 312 2035 ,
334 1991 414 2028 632
429 2019 439 2036 ‚
460 1992 531 2028 ubi
552 1993 712 2042 Ulysses
739 2006 816 2030 me-

102 2051 202 2091 tuit,
219 2061 269 2085 ne
288 2049 424 2100 Gorgo
441 2049 515 2085 sibi
533 2057 730 2087 occurrat.
744 2052 816 2087 Fu-

101 2115 165 2156 gat
182 2105 409 2156 Gorgonem
428 2107 619 2143 Hercules
636 2105 741 2157 apud
765 2109 817 2144 A·

103 2162 251 2213 pollod.
280 2165 342 2210 II,
368 2165 390 2199 5
410 2192 421 2208 ,
448 2177 516 2210 12,
537 2178 576 2215 p.
605 2176 697 2202 121.
720 2167 815 2202 For-

103 2234 171 2257 ma
194 2221 280 2258 tric.
302 2221 449 2258 umbrae
467 2230 627 2266 ornate,
656 2235 729 2272 pro
752 2224 817 2259 tri-

101 2291 269 2328 corpore
279 2279 486 2329 Geryone:
501 2277 740 2332 τρισώμσιτες
754 2293 815 2329 ap.

103 2335 344 2379 AEschilum,
374 2339 514 2385 Agam.
545 2337 640 2386 879.
667 2337 817 2387 Geryo-

103 2406 195 2430 nem
218 2406 310 2430 cum
331 2395 451 2444 Tityo
482 2396 667 2441 junctum
697 2395 813 2431 etiam

102 2451 292 2489 Horatius
318 2452 361 2488 in
386 2451 485 2488 locis
510 2451 644 2488 inferis
669 2465 815 2489 memo-

104 2517 164 2545 rat
204 2510 264 2553 11,
310 2517 382 2553 14,
418 2509 467 2555 8;
502 2508 618 2546 Pluto
652 2509 723 2560 qui
758 2518 818 2546 ter

104 2565 281 2615 amplum
327 2566 548 2615 Geryonem
592 2566 814 2618 Tityonque

105 2622 210 2660 tristi
235 2623 447 2674 compescit
474 2624 598 2662 unda.
638 2626 813 2662 Imitato-

107 2692 190 2717 rem
221 2682 337 2718 etiam
366 2681 443 2719 hoc
472 2683 515 2719 in
549 2682 639 2720 loco
674 2682 815 2720 habuit

106 2737 294 2788 Virgilius
312 2739 449 2778 Silium
474 2741 597 2788 XIII,
631 2741 709 2789 587
732 2754 812 2791 seq.

880 896 1067 947 Harpyiis
1103 892 1285 946 fugandis
1323 894 1509 932 Ariostus
1547 893 1595 930 ad

881 955 976 992 Orci
1008 955 1228 1005 ingressum
1260 951 1429 989 adduxit
1461 951 1596 988 Astol-

880 1011 1005 1062 phum
1030 1024 1144 1048 suum
1177 1008 1556 1061 (Orlandofitrioso
1582 1021 1595 1044 .·

880 1078 1001 1106 canto
1026 1069 1205 1107 XXXIII
1226 1081 1248 1104 e
1264 1069 1442 1106 XXXIV
1456 1067 1485 1117 ).

940 1134 1184 1176 290—294.
1217 1125 1283 1163 Ad
1313 1124 1478 1162 ductum
1511 1125 1594 1162 Ho-

881 1187 980 1222 meri
1001 1185 1027 1222 l.
1053 1197 1087 1222 c.
1108 1183 1251 1234 Odys&
1279 1197 1328 1229 κ,
1363 1182 1444 1220 535
1465 1195 1522 1232 sq.
1547 1185 1596 1226 λ,

884 1244 935 1287 48
959 1256 1015 1293 sq.
1037 1240 1142 1279 conf.
1167 1240 1250 1278 ibid
1282 1241 1506 1278 218—221
1524 1236 1540 1285 ‚⁴
1558 1248 1597 1276 et

882 1300 1073 1350 Apollon.
1103 1301 1146 1345 Ι,
1185 1299 1307 1336 1250.
1341 1299 1468 1336 Etiam
1497 1299 1595 1335 Her-

881 1358 989 1395 cules
1015 1358 1058 1394 in
1087 1357 1315 1407 Gorgonem
1344 1357 1501 1406 stringit
1529 1368 1596 1392 en-

881 1429 963 1453 sem
976 1444 986 1462 ,
1007 1427 1025 1451 a
1044 1415 1244 1453 Mercurio
1266 1413 1512 1459 admonitus,
1533 1424 1596 1449 va-

880 1487 972 1511 nam
1001 1486 1082 1510 esse
1113 1473 1308 1522 speciem,
1338 1470 1446 1521 apud
1476 1470 1597 1520 Apol-

880 1531 962 1569 lod.
982 1533 1045 1578 ΙΙ,
1073 1532 1117 1576 5,
1159 1543 1234 1577 123
1257 1529 1388 1568 Schol.
1413 1527 1526 1570 Iliad.
1551 1528 1569 1564 θ
1586 1555 1596 1570 ,

884 1590 980 1627 368.
1013 1586 1165 1642 Offert‚
1207 1589 1402 1639 exquisite
1429 1599 1504 1636 pro
1537 1587 1596 1622 in-

882 1656 1030 1693 tentat,
1052 1655 1091 1683 et
1113 1655 1251 1683 tenues
1267 1645 1400 1692 vitas,
1424 1640 1568 1681 εἴδωλα
1584 1673 1594 1690 ,

881 1706 963 1742 vita
995 1705 1170 1751 utentia,
1212 1704 1371 1741 animas.
1405 1704 1498 1740 Non
1528 1702 1596 1738 ad-

882 1763 1048 1800 modum
1096 1761 1248 1799 diverse
1298 1769 1433 1798 tenues
1485 1760 1597 1796 vitas

881 1820 985 1858 dixit
1001 1822 1044 1858 in
1064 1828 1158 1857 ortu
1181 1821 1401 1856 animarum
1419 1818 1491 1855 Ge.
1511 1819 1568 1854 IV
1584 1845 1595 1862 ‚

884 1886 967 1922 224
984 1878 1068 1914 sine
1084 1890 1247 1928 corpore
1261 1889 1379 1922 vero;
1396 1874 1595 1912 habebant

884 1944 1012 1972 tamen
1044 1947 1259 1984 corporum
1286 1934 1478 1983 speeiem,
1507 1945 1592 1969 cor-

881 2006 980 2043 pora
1000 1993 1148 2038 tenuia,
1163 1991 1387 2028 umbratica
1400 2018 1410 2035 ‚
1433 1984 1591 2033 εἴδωλα,

883 2050 977 2086 hinc
1011 2063 1107 2086 mox
1138 2062 1176 2085 v·
1211 2048 1289 2084 303
1316 2060 1484 2096 corpora
1512 2046 1590 2097 (cf.

884 2109 1019 2143 Burm.
1037 2108 1079 2156 );
1105 2104 1172 2142 sed
1193 2118 1278 2142 non
1307 2117 1472 2154 corpora
1500 2103 1593 2140 viva

885 2178 923 2201 v.
951 2165 1046 2214 391.
1078 2164 1186 2201 Cava
1218 2161 1287 2198 sub
1316 2162 1495 2213 imagine
1508 2161 1594 2213 [ομ-

886 2235 984 2267 mae,
1031 2221 1106 2258 sub
1143 2221 1269 2258 forma
1309 2221 1488 2270 corporis
1530 2232 1596 2256 ca-

884 2291 955 2324 va,
987 2278 1062 2315 hoc
1100 2287 1181 2323 est,
1221 2279 1354 2323 inani,
1388 2290 1471 2314 non
1501 2277 1592 2314 soli-

884 2335 943 2374 da.
970 2337 1031 2374 Sic
1050 2336 1076 2373 l.
1108 2337 1171 2381 11,
1209 2335 1291 2372 360
1310 2348 1408 2372 σανα
1438 2334 1589 2371 umbra.

941 2395 1183 2444 295—297.
1202 2392 1296 2431 Noli
1316 2392 1537 2438 subtiliter,
1556 2401 1595 2428 et

882 2450 930 2488 ad
961 2451 1139 2489 historici
1166 2450 1433 2501 diligentiam,
1465 2451 1592 2487 nomi-

882 2522 932 2546 na
961 2508 1177 2547 fluviorum
1203 2509 1422 2546 inferorum
1450 2521 1471 2544 a
1505 2509 1594 2544 Vir-

882 2567 975 2618 gilio
995 2567 1123 2618 posita
1141 2574 1394 2617 exspectare;
1413 2564 1479 2603 sed
1502 2578 1591 2615 poe·

883 2633 931 2661 tae
962 2637 1095 2671 more,
1140 2625 1298 2662 variatis
1344 2622 1589 2661 nominibus.

883 2680 1146 2720 Acherontem
1187 2681 1378 2733 appellat,
1414 2681 1482 2731 qui
1513 2679 1592 2716 fere

881 2742 981 2791 Styx
1022 2754 1102 2779 esse
1133 2740 1254 2785 solet;
1290 2740 1407 2777 etiam
1431 2739 1591 2791 flumem
