1767 3054
699 82 854 121 LIBER
891 83 1005 120 VIII.

1529 88 1607 125 311

99 155 300 203 Dixerat
322 172 333 199 ε
358 151 592 202 Herculea
616 151 803 197 bicolor
826 168 974 214 quum
1000 153 1206 215 populus
1230 155 1400 203 umbra

99 223 381 293 Velavitque
405 243 587 286 comas,
614 227 835 290 soliisquc
860 229 1030 274 innexa
1054 229 1305 290 pependit;

101 307 160 352 Et
182 320 314 352 sacer
336 302 534 366 inplevit
559 302 775 349 dextram
800 303 1008 366 scyphus
1030 322 1040 348 :
1064 304 1198 350 ocius
1222 319 1384 351 omnes

99 382 155 425 In
179 393 387 425 mensam
408 377 503 423 laeti
527 377 700 436 libant,
729 378 961 440 divosque
982 391 1254 441 precantur.

164 456 363 498 Devexo
389 452 570 498 interea
594 453 794 515 propior
819 453 867 499 fit
891 470 1061 516 vesper
1086 453 1320 515 Olymp03

1551 468 1610 497 280

101 531 304 590 Jamque
329 527 623 585 sacerdotes,
651 529 929 592 primusque
953 529 1154 575 Potitius
1180 528 1335 588 ibant,

98 602 305 649 Pellibus
327 603 376 648 in
400 619 583 649 morem
610 604 776 661 cincti,
801 605 1107 667 flammasque
1131 604 1361 651 ferebant.

98 677 395 726 *Instaurant
418 678 602 739 epulas,
629 689 674 724 ct
700 695 871 726 mensae
895 690 1029 742 grata
1052 679 1270 740 secundae

97 835 261 886 poculo.
288 835 391 872 Mox
419 834 552 872 idem:
578 835 673 873 date
696 837 816 875 vina.

101 893 363 931 Communem
400 892 518 929 deum
558 894 742 941 Trojanis
779 903 818 931 et

97 949 344 993 Arcadibus,
407 952 610 987 communi
670 951 817 989 foedere

94 1008 266 1057 junctis,
290 1006 517 1058 hospitibus
540 1016 579 1045 et
602 1009 750 1046 amieis.
778 1023 817 1046 v.

97 1079 175 1103 vsS.
218 1078 323 1112 172,
354 1067 458 1112 173,
494 1073 585 1113 174.
619 1067 682 1104 Sic
717 1068 817 1103 acci-

97 1122 292 1174 piendum
329 1136 422 1160 cum
459 1125 634 1162 Donato.
673 1125 817 1162 Aliena

96 1181 223 1218 multa
249 1181 457 1218 cumulant
473 1184 631 1219 Servius
648 1190 686 1218 et
702 1184 819 1219 inter-

98 1247 229 1288 pretes
247 1250 257 1276 ζ
275 1239 330 1276 sic
352 1241 433 1276 XII
447 1267 458 1285 ‚
492 1252 508 1275 1
523 1240 569 1275 18
606 1239 819 1290 Rutulique

97 1294 186 1332 ‘viri
199 1298 234 1333 T
232 1295 524 1347 ‹tuerique—In
542 1296 752 1348 medioque
753 1297 819 1348 fo-

98 1365 166 1390 cos
184 1363 224 1391 et
238 1353 298 1390 dis
317 1354 590 1391 communibus
606 1369 700 1392 aras
720 1355 821 1392 Gra-

99 1410 256 1448 minens
285 1412 491 1462 parabant.
510 1435 567 1440 —
587 1413 670 1460 276
686 1441 697 1458 ,
721 1425 818 1460 277.

102 1468 231 1519 Caput
268 1470 396 1507 cinxit
424 1470 604 1520 populea
642 1483 789 1507 corona
808 1483 818 1509 :

100 1526 210 1576 quod
233 1527 406 1578 populus
444 1527 607 1565 Alcidae
636 1527 818 1580 gratissi-

101 1596 194 1629 ma,
234 1593 273 1622 et
305 1584 465 1635 quidem
495 1585 606 1631 alba3
638 1586 716 1623 hoc
744 1598 818 1623 no-

99 1650 197 1679 runt
216 1655 367 1680 omnes.
388 1642 551 1680 Bicolor
570 1651 703 1680 tamen
716 1671 726 1689 ,
751 1656 818 1680 va-

99 1700 225 1737 riante
251 1701 402 1738 scilicet
432 1699 606 1738 candore
632 1702 676 1738 in
705 1700 821 1738 folio-

100 1769 191 1794 rum
218 1756 420 1795 frontibus
446 1766 485 1794 et
511 1759 642 1809 tergis.
662 1758 819 1808 Populo

102 1816 290 1851 successit
308 1827 402 1851 usus
417 1815 520 1851 lauri
534 1816 578 1851 in
593 1828 707 1852 sacro
724 1817 819 1852 Her-

103 1871 215 1908 culis.
232 1884 272 1908 v.
291 1874 399 1909 Serv.
415 1884 425 1916 ;
441 1870 622 1909 Macrob.
641 1874 719 1910 Sat.
741 1874 818 1918 III,

109 1941 183 1974 ¹23
210 1936 248 1965 et
277 1927 416 1966 Cerda.
434 1950 493 1957 —-
511 1929 609 1975 278.
643 1927 820 1978 Scy-phas

103 1986 266 2036 proprie
292 1985 333 2022 h.
349 1985 375 2022 l.
395 1984 547 2030 dictus,
569 1986 610 2021 in
646 1998 687 2021 re
720 1988 820 2023 Her-

107 2044 191 2081 culi
201 2056 309 2079 sacra
329 2055 338 2080 :
358 2051 519 2080 notante
538 2042 750 2080 Macrobio
766 2045 829 2094 V,

108 2114 178 2139 21.
196 2122 255 2129 —
275 2113 372 2149 279.
408 2102 458 2136 In
491 2113 629 2136 mensa
670 2100 820 2150 aliquot

106 2158 215 2210 apud
242 2160 459 2198 Burmann.
490 2171 580 2194 cum
599 2157 721 2196 Goth.
740 2171 818 2196 sec.

105 2214 228 2267 Apud
254 2215 436 2253 Macrob.
462 2217 547 2261 111,
576 2227 621 2252 11
648 2223 705 2252 est
728 2228 820 2252 cen-

104 2286 198 2311 sura
217 2286 353 2310 versus
377 2285 387 2310 :
414 2275 463 2309 In
487 2285 663 2309 mensam
695 2272 825 2309 libane

105 2332 206 2369 —in
222 2330 301 2369 hoc
319 2343 464 2367 errasse
476 2331 683 2368 Maronem
700 2343 821 2380 quum

107 2401 187 2426 non
205 2387 252 2425 <in
281 2401 486 2432 mensam,
513 2387 586 2424 sed
611 2386 651 2423 in
681 2401 794 2424 aram
810 2416 820 2434 ‚

108 2445 324 2483 secundum
354 2458 502 2482 morem
535 2444 659 2482 libare
686 2445 824 2481 debue-

109 2502 395 2541 rint.Vindicat
430 2510 587 2553 poetam
624 2502 722 2539 alius
762 2503 824 2538 vir

108 2560 248 2599 doctus
270 2560 442 2606 ibidem,
461 2569 500 2597 et
521 2560 597 2597 fuit
618 2560 716 2596 alius
738 2571 823 2597 mos

109 2620 379 2657 Romanorum
393 2646 404 2661 ,
439 2617 537 2654 alius
564 2618 798 2655 Graecorum
812 2644 823 2662 ‚

111 2673 247 2712 saltem
266 2676 390 2713 aetatis
407 2675 591 2713 heroicae.

171 2732 269 2770 280.
292 2733 457 2770 Devexo
476 2732 646 2783 Olympo
658 2746 675 2778 ;
697 2731 799 2769 coelo
815 2759 827 2779 ‚

886 839 1126 876 circumacto
1154 845 1268 876 motu
1288 836 1459 884 diurno,
1491 839 1605 877 incli-

885 904 1004 932 nante
1038 909 1077 933 se
1090 924 1101 942 ‚
1138 903 1182 932 ut
1214 897 1253 933 11
1267 924 1278 942 ‚
1318 896 1399 933 250
1437 897 1610 933 Vertitur

887 951 1040 988 interea
1069 954 1226 991 coelum.
1246 975 1304 981 —
1335 954 1431 991 283.
1466 956 1607 992 Neces-

886 1023 927 1045 se
958 1018 1039 1055 est,
1074 1011 1105 1046 si
1135 1010 1351 1048 verborum
1393 1014 1606 1048 sententias

887 1067 1069 1116 explores
1085 1095 1095 1113 ‚
1138 1067 1254 1104 fuisse
1288 1081 1440 1105 morem
1475 1082 1606 1106 sacro·

885 1138 999 1169 rum,
1032 1133 1077 1160 ut
1111 1125 1187 1161 sub
1217 1139 1423 1176 vesperam
1450 1139 1606 1163 sacrum

886 1183 1172 1219 instauraretur
1186 1210 1195 1228 ,
1217 1183 1318 1233 ignis
1335 1185 1376 1219 in
1393 1196 1457 1220 ara
1473 1197 1607 1221 accen-

887 1239 1046 1276 deretur
1081 1254 1100 1277 a
1135 1240 1427 1287 sacerdotibus;
1482 1249 1607 1291 utque

887 1306 973 1334 tum
1011 1298 1191 1334 crematis
1226 1299 1395 1335 victiinae
1427 1299 1607 1348 partibus

887 1356 972 1392 ah'ae
1002 1356 1045 1391 in
1075 1355 1201 1405 epulis
1222 1358 1339 1392 sacris
1361 1369 1608 1405 apponeren-

887 1421 975 1458 tur,
1006 1412 1099 1449 inde
1122 1412 1276 1450 saltatio
1304 1412 1484 1463 religiosa
1514 1427 1605 1450 cum

887 1478 1008 1506 cantu
1022 1469 1136 1507 fieret
1152 1469 1199 1506 ad
1219 1483 1338 1507 aram.
1354 1471 1449 1506 Haec
1466 1479 1504 1507 et
1518 1484 1604 1521 sqq.

887 1527 934 1564 ad
955 1540 1109 1564 mensas
1126 1527 1322 1564 secundas
1336 1556 1346 1574 ‚
1368 1536 1485 1578 atque
1508 1528 1605 1565 adeo

887 1584 936 1622 ad
964 1585 1145 1630 bellaria,
1181 1586 1482 1622 convivantium
1512 1587 1607 1624 refe-

887 1652 983 1680 runt
1000 1644 1238 1692 interpretes
1256 1654 1266 1680 :
1286 1642 1396 1692 quod
1416 1656 1490 1693 pro
1511 1652 1606 1681 tem-

884 1713 1029 1750 porum
1045 1700 1298 1737 heroicorum
1319 1702 1472 1751 ratione
1491 1701 1606 1738 nullo

885 1757 1007 1795 modo
1023 1756 1111 1794 fieri
1131 1771 1245 1807 posse
1270 1757 1442 1794 arbitror
1456 1785 1465 1803 ,
1483 1759 1606 1808 inpri-

885 1816 959 1850 mis
984 1814 1176 1851 libatione
1208 1813 1329 1850 modo
1360 1815 1471 1851 facta.
1498 1815 1606 1852 Reli-

886 1872 1040 1921 giosum
1074 1873 1149 1907 rite
1182 1870 1355 1908 describi
1389 1872 1433 1908 in
1468 1881 1604 1922 aperto

887 1936 943 1964 est
956 1955 966 1973 ,
993 1941 1072 1977 quo
1088 1929 1190 1979 ignis
1206 1929 1249 1964 in
1266 1941 1329 1963 ara
1350 1928 1607 1976 instauratur,

887 1993 927 2021 et
971 1987 1119 2022 circum
1165 1998 1272 2021 aram
1316 1985 1469 2022 saltatio
1515 1999 1605 2024 cum

886 2042 1039 2092 hymno
1067 2043 1302 2080 instituitur.
1335 2043 1450 2080 Certe
1476 2056 1604 2081 sacer-

887 2099 998 2136 dotes
1003 2100 1205 2153 flammas
1215 2099 1407 2150 ferebant
1423 2122 1482 2130 —
1504 2103 1542 2139 T
1538 2115 1604 2140 um

890 2157 994 2194 Salii
1014 2157 1074 2193 ad
1094 2166 1237 2194 cantus
1267 2157 1432 2194 incensa
1452 2158 1603 2196 altaria

887 2213 1033 2251 circum
1046 2215 1201 2252 saltant.
1214 2216 1317 2266 Ergo
1329 2223 1368 2252 et
1379 2215 1529 2266 reliqua
1543 2230 1606 2255 eo-

889 2271 977 2308 dem
994 2272 1211 2319 referenda,
1233 2280 1271 2308 et
1288 2273 1393 2310 inter
1411 2275 1606 2312 instaura-

889 2337 973 2366 tum
986 2329 1120 2367 saltem
1132 2342 1285 2366 sacrum
1299 2331 1434 2380 epulas
1444 2344 1605 2382 quoque

888 2388 1121 2427 instauratas
1138 2387 1255 2424 fuisse
1267 2387 1495 2434 dicendum,
1509 2403 1604 2440 quas

889 2443 1043 2481 easdem
1062 2445 1251 2482 inusitato
1277 2458 1387 2483 more
1406 2459 1478 2496 per
1495 2460 1604 2484 men-

889 2515 976 2538 sam
996 2501 1213 2539 secundam
1227 2531 1238 2547 ‚
1261 2515 1331 2540 seu
1368 2517 1517 2541 mensae
1547 2518 1604 2542 se-

889 2559 1031 2597 cundae
1050 2559 1159 2597 dona
1179 2559 1363 2598 declarat.
1383 2560 1604 2599 Fatendum

891 2624 1019 2653 tamen
1034 2645 1046 2664 ,
1069 2625 1108 2654 et
1123 2616 1195 2655 hac
1215 2626 1254 2655 et
1270 2619 1410 2668 quavis
1433 2618 1506 2655 alia
1523 2627 1603 2655 ten·

890 2681 970 2711 tata
992 2675 1143 2712 ratione
1161 2688 1264 2713 vers.
1291 2675 1372 2712 283
1388 2704 1400 2723 ,
1429 2676 1510 2719 284
1531 2688 1605 2712 nec

890 2744 1008 2770 sensu
1042 2745 1116 2771 nec
1156 2740 1352 2770 structura
1387 2734 1478 2771 satis
1511 2745 1605 2770 cou-
