1767 3054
155 144 235 187 346

780 142 1025 181 AENEIDOS

150 212 462 269 Distulerant‚
489 223 535 258 at
559 223 609 258 tu
634 210 793 269 dictis,
819 212 1024 269 Albane,
1049 215 1284 258 maneres!

150 287 481 351 Raptabatque
504 287 596 332 ’viri
621 286 856 333 mendacis
881 287 1062 334 viscera
1085 288 1246 333 Tullus

152 367 241 409 Per
264 363 450 419 silvam,
475 372 520 407 ct
545 361 695 422 sparsi
717 360 943 407 rorabant
969 361 1194 422 sanguine
1218 377 1400 422 vepres.

1584 372 1646 406 645

150 441 250 483 Nec
271 452 365 482 non
387 435 696 497 Tarquinium
720 435 920 495 ejectum
944 438 1180 480 Porsenna
1201 434 1402 497 jubebat

152 512 412 574 Adcipere,
435 510 707 571 ingentique
731 508 901 554 urbem
926 508 1173 554 obsidione
1195 510 1466 571 premebat3

153 585 372 631 AEneadae
398 584 445 629 in
470 584 648 629 ferrum
673 598 761 644 pro
785 582 1004 628 libertate
1028 582 1246 630 ruebant.

152 660 292 705 Illum
314 658 575 719 indignanti
599 657 822 713 similem,
847 657 1139 718 similemque
1165 656 1362 703 minanti

153 733 456 794 Adspiceres,
480 742 672 794 pontem
699 730 893 776 auderet
917 730 1047 792 quod
1071 731 1244 776 vellere
1267 731 1452 789 Cocles,

1588 742 1649 772 650

153 811 211 853 Et
236 808 434 853 fluvium
458 807 623 852 vinclis
647 807 833 852 innaret
859 806 1020 851 Cloelia
1042 806 1209 868 ruptis.

152 885 209 927 In
233 897 415 927 summo
441 893 597 927 custos
622 880 837 941 Tarpeiae
861 880 1066 926 Manlius
1090 880 1210 925 arcis

152 956 318 1002 Stabat
344 973 430 1017 pro
457 956 653 1017 templo,
679 967 724 1001 et
750 955 980 1016 Capitolia
1000 956 1122 1000 celsa
1146 954 1362 1012 tenebat,

152 1030 502 1091 *Romuleoque
527 1046 689 1075 reeens
710 1028 939 1075 horrebat
963 1030 1093 1091 regia
1116 1029 1272 1074 culmo
1296 1046 1306 1072 :

153 1109 309 1166 Atque
332 1105 409 1150 hie
433 1104 609 1150 auratis
630 1105 832 1151 volitans
855 1115 1101 1167 argenteus
1123 1119 1260 1149 anser

152 1347 285 1370 rerum
297 1334 619 1378 dilecta—643.
628 1335 756 1371 Docte
768 1346 868 1384 mag-

152 1404 282 1440 naque
307 1405 398 1428 cum
426 1393 466 1428 vi
495 1393 650 1428 inversa
671 1392 798 1427 oratio
826 1393 869 1426 in

151 1449 229 1484 illis
247 1460 255 1485 :
277 1458 323 1485 ac
344 1458 383 1485 tu
407 1448 446 1485 d.
471 1462 544 1498 pro
565 1461 574 1486 ;
593 1447 702 1498 quod
722 1450 764 1484 in
787 1446 868 1484 fide

151 1518 236 1541 non
257 1514 463 1543 manserat.
485 1505 693 1543 Mendaeis
708 1507 868 1556 proprie

152 1560 308 1610 perfidi.

210 1619 307 1662 646.
326 1617 675 1667 TarquinumVen.
690 1620 860 1658 Dorvill.

150 1675 222 1712 Ed.
241 1678 345 1713 Ven.
373 1684 412 1711 et
435 1676 482 1712 al.
499 1703 508 1719 ‚
528 1686 573 1713 ut
597 1676 689 1712 alibi
710 1677 864 1713 aberra-

148 1741 226 1770 tur.
249 1736 427 1769 Prosena
463 1734 579 1769 multi
602 1735 743 1782 passim
772 1748 862 1771 eum

148 1793 264 1828 Rom.
282 1818 291 1836 ‚
319 1798 366 1826 ut
396 1801 456 1838 ap.
496 1791 652 1826 Livium
678 1804 861 1841 quoque,

149 1861 186 1884 v.
199 1848 378 1884 Gronov.
394 1854 432 1882 et
450 1847 651 1884 Drakenb.
663 1847 710 1883 ad
726 1848 796 1886 lib.
809 1851 861 1895 ΙΙ,

149 1918 188 1953 9.
228 1905 375 1940 Graecis
406 1903 585 1956 Περσῖνες
598 1933 608 1950 ,
642 1903 839 1957 Haeo-[1223
854 1935 863 1952 ,

148 1958 334 2014 Πορσίνας
349 1976 359 2007 ;
375 1971 413 1998 at
429 1964 634 1998 Porsenna
649 1965 766 1998 etiam
782 1965 865 2000 Me-

147 2018 569 2063 die.—646-651.
589 2033 626 2057 v,
646 2021 729 2058 Liv.
747 2022 786 2056 II
805 2049 814 2067 ,
837 2034 861 2071 9

146 2090 204 2126 sq.
218 2074 383 2113 Effictus
396 2085 527 2112 autem
541 2080 741 2114 Porsenna
758 2086 863 2114 stans

148 2133 195 2170 ad
214 2134 405 2171 Tiberim.
424 2156 472 2161 —
486 2135 582 2171 650.
606 2137 774 2170 Pontem
797 2148 862 2171 su-

146 2191 335 2235 blicium,
360 2191 529 2228 evellens
553 2191 680 2228 trabes
700 2192 863 2228 sublicis

147 2250 360 2297 impositas.
390 2248 539 2284 Vinclz's
561 2249 705 2298 ruptis,
731 2249 860 2300 simpl.

149 2304 196 2341 de
221 2306 399 2342 custodia
424 2306 714 2355 accipiendum.

207 2363 542 2400 652—662.Liv.
555 2366 606 2408 V,
624 2370 689 2410 47.
704 2364 750 2399 In
764 2376 863 2399 sum-

148 2431 211 2454 mo
228 2431 311 2455 non
327 2420 441 2469 clipei
456 2447 466 2466 ,
487 2419 556 2456 sed
574 2419 614 2455 in
632 2433 782 2456 summo
795 2434 859 2456 ar-

147 2475 200 2511 cis
235 2477 428 2524 Tarpeiae.
445 2499 502 2504 —
520 2477 616 2521 654.
643 2480 769 2514 Totus
795 2476 861 2514 1116

148 2544 283 2568 versus
303 2533 532 2581 scrupulum
557 2535 696 2580 injicit.
714 2536 858 2570 Romu-

145 2588 177 2625 li
197 2601 332 2625 casam
361 2590 403 2625 in
430 2589 623 2638 Capitolio
650 2591 768 2628 fuisse
787 2604 857 2628 ne-

144 2659 210 2683 mo
251 2645 420 2682 dubitet.
453 2659 490 2682 V.
529 2648 689 2685 vitruv.
715 2649 755 2684 II
768 2676 778 2694 ‚
814 2661 831 2684 1
846 2675 856 2692 ‚

144 2703 238 2740 alios
252 2716 351 2752 quos
365 2701 490 2740 Cerda
511 2702 666 2748 laudat,
682 2714 719 2741 et
740 2704 855 2742 Ovid.

144 2762 244 2798 fast.
273 2762 356 2805 ΙΙΙ,
382 2760 460 2809 189
481 2771 566 2809 sqq.
591 2760 665 2798 Sed
689 2763 856 2799 mentio-

1587 1117 1649 1148 655

935 1345 1027 1369 nem
1054 1332 1138 1379 ejus
1167 1331 1232 1368 hic
1262 1331 1401 1369 factam
1423 1332 1541 1370 video
1570 1342 1648 1372 tam

935 1391 1167 1439 importune
1181 1417 1190 1435 ‚
1210 1398 1256 1426 ut
1275 1389 1377 1426 nihil
1392 1391 1515 1441 magis
1529 1405 1539 1437 ;
1555 1405 1647 1428 nam

934 1459 1008 1483 nec
1025 1455 1222 1483 structura
1234 1476 1244 1493 ‚
1263 1460 1336 1483 nec
1356 1449 1547 1484 sententia
1564 1449 1650 1486 ullo

935 1517 1027 1540 eum
1045 1517 1202 1540 versum
1221 1505 1382 1541 vinculo
1395 1505 1650 1555 comprehen-

935 1561 1006 1605 dit.
1059 1561 1154 1598 Casa
1200 1561 1307 1598 nude
1347 1571 1648 1599 commemorata

933 1630 1123 1666 quorsum
1156 1618 1292 1654 referri
1315 1618 1456 1654 debet?
1484 1620 1534 1655 Et
1560 1627 1646 1656 tum

931 1683 1152 1723 sequuntur
1173 1684 1327 1710 auratae
1344 1673 1532 1724 porticus.
1547 1678 1648 1725 Quae

929 1731 1088 1767 tandem
1105 1731 1189 1767 haec
1207 1734 1445 1781 paupertatis
1472 1741 1510 1769 et
1532 1733 1648 1770 luxu-

930 1789 1051 1824 1116111
1062 1788 1231 1825 eundem
1243 1789 1376 1825 locum
1390 1792 1645 1828 coacervatio!

930 1846 986 1882 At
1010 1858 1146 1881 recens
1174 1845 1285 1896 regia
1300 1850 1319 1881 Ρ
1346 1847 1389 1881 111
1419 1855 1529 1884 tanto
1552 1855 1647 1884 tem-

930 1915 1074 1952 porum
1093 1902 1298 1939 intervallo
1317 1902 1411 1939 inde
1430 1915 1453 1939 a
1473 1904 1647 1942 Romulo

931 1958 980 1995 ad
1003 1959 1214 1996 Manlium.
1231 1961 1315 1997 Nec
1338 1972 1399 1996 res
1416 1960 1647 2010 expeditur,

930 2018 962 2052 si
978 2017 1124 2066 regiam
1145 2016 1194 2052 de
1213 2017 1300 2066 ipso
1316 2017 1512 2066 Capitolio
1528 2025 1568 2054 et
1581 2019 1608 2056 J
1609 2031 1648 2056 ο-

929 2087 946 2109 x
958 2075 988 2110 is
1008 2073 1153 2122 templo
1166 2075 1343 2123 accipias.
1362 2075 1528 2112 Manent
1539 2076 1645 2112 enim

929 2131 1080 2180 reliqua
1094 2157 1105 2176 ‚
1143 2132 1187 2167 in
1220 2130 1367 2181 quibus
1404 2131 1644 2169 laboramus.

929 2188 1117 2225 Alienum
1135 2189 1324 2237 itaqueret
1342 2188 1442 2224 mala
1461 2201 1581 2225 manu
1602 2188 1645 2224 il-

928 2246 1050 2283 latum
1087 2258 1244 2281 versum
1266 2257 1346 2282 esse
1382 2245 1566 2282 arbitror.
1587 2267 1644 2274 -

929 2301 1142 2340 Visebatur
1178 2315 1301 2352 porro
1342 2302 1386 2338 in
1422 2301 1638 2351 Capitolio,

928 2368 1071 2409 praeter
1111 2360 1304 2409 templum
1322 2387 1332 2404 ‚
1372 2371 1458 2395 casa
1493 2361 1643 2396 recenti

930 2417 1063 2453 culmo
1080 2424 1180 2453 tecta
1194 2444 1204 2462 ‚
1224 2417 1331 2467 regia
1344 2414 1506 2454 Romuli
1521 2415 1638 2454 dicta.

927 2475 1004 2511 Pro
1017 2482 1104 2510 erac
1119 2482 1255 2510 ornate
1265 2471 1459 2510 horrebat.
1471 2473 1594 2510 -65
1600 2474 1623 2510 5
1628 2502 1638 2510 .

927 2532 1026 2580 Quae
1057 2538 1304 2579 sequuntur,
1336 2529 1489 2578 poetica
1521 2538 1615 2567 sunt
1627 2558 1637 2576 ,

924 2599 1007 2623 non
1026 2599 1115 2636 quae
1130 2586 1243 2622 facile
1262 2585 1312 2622 ab
1331 2583 1482 2622 artifice
1502 2587 1546 2622 in
1562 2600 1639 2624 me-

924 2644 1020 2680 tallo
1043 2641 1178 2692 effingi
1197 2650 1427 2691 potuerunt.
1445 2645 1550 2680 Tum
1569 2655 1638 2681 an-

924 2713 985 2736 ser
1010 2699 1178 2736 volitans
1199 2698 1247 2734 ad
1270 2707 1451 2736 nostrum
1479 2712 1637 2737 sensum

925 2755 1130 2807 displicere
1144 2763 1275 2806 potest
1287 2769 1297 2802 ;
1317 2755 1416 2793 forte
1427 2769 1511 2794 11011
1526 2769 1638 2808 aeque
