1767 3054
715 159 871 199 LIBER
904 161 951 197 K.
1539 162 1589 203 453

83 239 204 282 Tum
227 232 381 310 pudor
404 229 612 276 incendit
635 230 784 288 vires,
806 243 851 278 ct
875 231 1063 277 conscia
1084 231 1258 287 vuitus,

81 314 143 356 Pi
144 317 470 370 aecipitemque
490 309 651 352 Daren
674 305 843 352 ardens
868 306 965 368 agit
986 321 1177 368 aequoie
1203 316 1328 362 tot0;

81 388 217 432 Nunc
241 382 444 429 dextra
433 383 726 445 ingeminans
749 382 892 440 ictus,
918 399 1044 428 nunc
1069 382 1145 427 ille
1170 382 1392 428 sinistia:

79 463 179 507 Nec
199 475 356 517 mora,
377 475 465 504 nec
491 459 694 521 requies.
722 462 878 516 Quam
907 458 1054 505 multa
1077 457 1306 521 grandine
1332 458 1481 504 nimbi

81 533 376 581 Culminibus
396 534 655 598 crepitant,
682 534 748 580 sic
770 533 925 580 densis
948 533 1120 580 ictibus
1145 535 1288 579 heros

81 607 262 656 Creber
289 622 489 672 utraque
515 626 657 655 manu
680 610 835 672 pulsat
859 621 1112 671 versatque
1138 611 1329 655 Dareta.
1534 620 1594 654 460

145 688 267 731 Turn
290 696 426 748 pater
447 688 617 731 AEneas
643 684 905 749 procedere
931 685 1116 748 longius
1144 685 1264 742 iras,

81 764 140 807 Et
163 761 329 808 saevire
353 762 520 808 animis
546 762 781 808 Entellum
806 760 936 807 haud
959 778 1122 824 passus
1148 760 1355 820 acerbi53

83 835 179 882 Sed
201 836 339 882 finem
360 836 570 899 inposuit
595 853 790 900 pugnae,
815 837 1083 898 sessumque
1109 840 1287 883 Dareta

83 913 297 976 Eripuit,
320 913 526 960 mulcens
544 913 707 970 dictis,
734 930 787 960 ac
810 914 920 960 talia
942 915 1069 961 fatur
1091 933 1100 959 :

86 1011 104 1029 «
130 988 323 1046 Infelix,
349 1005 457 1051 quae
483 999 613 1036 tanta
636 990 846 1036 animum
871 990 1109 1036 dementia
1131 989 1283 1053 cepit?
1535 999 1594 1033 Ι365

83 1068 195 1114 Non
214 1065 340 1112 vires
365 1066 502 1122 alias,
523 1082 848 1129 conversaque
872 1067 1067 1112 numina
1087 1067 1260 1113 sentis?

86 1141 212 1186 Cede
233 1141 337 1187 deo.
362 1162 382 1181 υ
405 1141 659 1203 Dixitque,
686 1154 731 1188 et
753 1141 916 1204 praelia
940 1157 1058 1188 voce
1081 1141 1288 1187 diremit.

85 1220 172 1262 Ast
197 1216 328 1262 illum
354 1217 436 1263 fidi
459 1218 685 1280 aequales,
711 1234 865 1280 genua
889 1234 1014 1280 aegra
1038 1218 1323 1274 trahentem,

86 1296 446 1355 Jactantemque
466 1303 670 1355 utroque
694 1303 858 1356 caput,
882 1309 1187 1355 crassumque
1211 1307 1431 1338 cruorem

90 1369 187 1413 Ore
210 1367 512 1430 eiectantem,
537 1369 806 1430 mixtosque
829 1368 879 1414 in
899 1368 1128 1431 sanguine
1149 1367 1337 1426 dentes,
1536 1380 1598 1417 *370

88 1565 166 1590 sec.
185 1560 225 1589 et
236 1551 316 1591 Erf.
333 1552 514 1592 occur-rit.
529 1555 644 1592 Witt.
655 1553 810 1604 primus

88 1610 299 1649 concurrit.
316 1633 375 1639 —
394 1612 446 1657 45
453 1613 490 1649 5.
511 1614 681 1649 Versum
697 1612 809 1650 hunc

92 1669 192 1706 Tum
205 1668 342 1718 pudor
365 1678 552 1719 tanquam
579 1671 809 1720 importune

89 1727 340 1773 interiectum
366 1728 409 1764 in
440 1728 709 1777 suspicionem
741 1728 810 1764 ad-

90 1783 262 1821 ducebat
273 1787 325 1823 V.
340 1786 385 1824 C.
399 1786 424 1823 J
427 1797 482 1821 ac.
500 1787 670 1836 Bryant,
692 1787 810 1822 etiam

91 1840 179 1878 vim
204 1850 244 1878 et
268 1842 379 1880 vires
396 1855 481 1880 non
504 1842 606 1880 bene
626 1843 703 1880 sibi
722 1857 812 1880 suc-

94 1898 248 1936 cedere.
281 1922 339 1928 —
372 1900 541 1937 Conscia
576 1901 704 1938 ‘m'rcus
718 1929 728 1947 ,
771 1904 812 1938 in

93 1969 209 2007 prosa
222 1984 232 2003 ,
268 1959 428 1994 virtutis
465 1959 721 1996 conscientia.
754 1981 814 1987 -—

98 2016 194 2064 459.
236 2014 438 2065 Crept'tent
484 2017 615 2064 Sprot.
660 2015 814 2053 nimbus

77 2072 262 2124 ‘crepitet
282 2082 371 2111 tert.
399 2072 589 2112 Rottend.
612 2073 817 2123 trepidant

95 2145 156 2182 pr.
185 2132 329 2170 Hamb.
355 2132 420 2169 Sic
449 2130 582 2168 densis
606 2141 723 2181 poeta
746 2146 815 2169 ex-

96 2190 279 2241 quisitius
292 2204 367 2241 pro
386 2201 468 2227 tam
492 2189 637 2227 demis.

157 2251 234 2292 461
270 2262 358 2299 sqq.
394 2252 534 2287 AEneas
562 2248 666 2285 idem
700 2247 815 2294 facit,

96 2308 206 2358 quod
225 2307 447 2345 Achillesl.
467 2321 502 2345 c.
517 2306 674 2355 Iliad.
687 2308 814 2353 ,734.

96 2387 156 2394 —·
175 2366 272 2412 465.
305 2365 364 2403 Cf.
396 2365 507 2403 Iliad.
528 2377 572 2410 υ,
614 2366 693 2402 332
731 2379 816 2415 sqq.

98 2423 276 2475 Ιη]“εΙι.ι-,
315 2423 341 2461 ά
382 2419 646 2462 ὃει).έ.1”ινε.ς
684 2422 812 2467 aleas,

98 2483 227 2535 simpl.
273 2495 394 2534 quam
437 2491 647 2534 putaveras
695 2480 817 2528 hujus

97 2541 271 2580 hominis
295 2554 400 2588 esse,
430 2541 471 2579 h.
490 2555 524 2580 e.
544 2542 620 2578 tuis
638 2541 817 2587 majores.

103 2600 298 2638 Conversa
320 2599 486 2636 numina
504 2599 614 2650 quod
634 2599 818 2648 frequen-

100 2659 178 2696 tius
194 2670 204 2697 ε
222 2671 402 2695 aversum
425 2671 574 2695 numen
589 2686 600 2704 ,
633 2658 796 2708 proprie
809 2684 819 2702 ,

101 2715 304 2754 fortunam
319 2718 542 2754 certaminis
560 2724 760 2753 mutatam.

163 2775 243 2820 468
266 2789 324 2827 sq.
346 2775 406 2814 Cf.
428 2775 542 2813 Iliad.
565 2771 605 2826 ψ,
631 2774 714 2824 695
734 2788 792 2824 sq.
808 2801 819 2819 ‚

105 2830 175 2869 ubi
193 2830 295 2884 φίλοι
311 2829 349 2871 δ’
367 2831 570 2886 ἀμφέσταν
592 2832 750 2886 ἑταῖροι,
771 2828 823 2871 Οἵ

877 1549 1034 1607 μ.νὰ’γ’.
1018 1547 1284 1622 νὸἰ’ἀγὼνος
1289 1549 1381 1601 ‚inps
1367 1554 1453 1588 -λκς
1458 1565 1487 1603 μ.
1491 1548 1546 1587 ένε
1554 1563 1601 1587 ’.σι

876 1607 976 1649 ποδὶ
964 1624 1059 1657 -σσι,
1079 1601 1415 1663 Annam-mmm
1419 1621 1516 1655 ντα,
1537 1605 1604 1646 κοί-

878 1683 922 1722 ρτ,
962 1666 1079 1716 βοίὶλν
1067 1669 1139 1706 ς’νθ
1166 1668 1248 1706 {ris
1255 1681 1330 1704 ωσ;·
1355 1676 1429 1705 etc.
1440 1668 1599 1717 -469,

881 1727 1071 1777 Ultroque
1089 1727 1212 1764 Goth.
1227 1735 1316 1765 tert.
1331 1735 1500 1776 utraque
1517 1728 1605 1762 Par-

878 1785 982 1823 rhas.
1037 1787 1388 1834 Quassantemque
1438 1793 1603 1834 utroque

879 1843 1061 1881 Mat-rob.
1081 1845 1151 1888 IV,
1181 1846 1259 1881 Sat.
1288 1855 1303 1878 1
1323 1870 1333 1888 ‚
1363 1850 1408 1879 ut
1439 1843 1600 1886 Echx,

884 1902 936 1938 25
958 1900 1140 1938 Silvanus
1163 1901 1368 1937 Florentes
1375 1898 1538 1950 ferulas
1561 1908 1601 1935 ec

877 1957 1058 2010 grandia
1082 1956 1171 1994 lilia
1199 1971 1424 2007 quassans;
1457 1957 1524 1994 sed
1545 1957 1603 1994 di-

880 2029 990 2053 versa
1010 2016 1051 2051 in
1069 2028 1134 2060 re;
1154 2024 1193 2051 et
1211 2015 1259 2052 de
1277 2016 1377 2052 irato
1395 2015 1605 2065 quassanti

881 2073 1012 2123 capite
1029 2086 1078 2109 ex
1098 2072 1237 2110 Plauto
1259 2074 1367 2111 Asin.
1390 2075 1430 2110 II
1443 2102 1454 2120 ,
1481 2075 1503 2111 3
1517 2102 1527 2121 ,
1549 2075 1601 2111 23

880 2131 1014 2168 laudat
1039 2132 1175 2167 Burm.
1202 2133 1467 2182 Nutantemq.
1500 2142 1604 2169 utro-

883 2203 959 2240 que
979 2198 1101 2239 caput
1117 2191 1222 2237 conj.
1248 2191 1387 2227 Heius,
1401 2218 1412 2235 ‚
1438 2192 1504 2227 cui
1523 2191 1602 2227 dis-

883 2247 1054 2298 plicebat
1082 2248 1126 2284 in
1161 2247 1267 2285 binis
1297 2261 1415 2286 verss.
1440 2248 1602 2299 jactan-

885 2315 963 2343 tem
979 2328 1038 2334 —-
1055 2305 1307 2357 ejectantem.
1325 2329 1384 2335 ·—-
1406 2315 1502 2356 470.
1526 2309 1604 2345 Ore

886 2364 1125 2415 ejectamem
1146 2367 1334 2403 Heinsius
1358 2374 1494 2404 tuetur
1518 2368 1605 2404 Ma·

887 2422 1016 2460 crobii
1048 2425 1303 2470 auctoritate,
1343 2424 1414 2462 lib.
1445 2427 1518 2471 IV,
1559 2438 1573 2461 1
1593 2453 1603 2471 ,

885 2494 1003 2532 quam
1025 2495 1114 2532 pars
1142 2481 1260 2520 codd.
1291 2481 1436 2521 firmat.
1470 2483 1605 2534 Vulgo

885 2538 1143 2590 rejectantem
1157 2569 1167 2587 ,
1215 2540 1325 2591 quod
1371 2541 1607 2592 praeferebat

886 2599 1063 2645 Pierius,
1099 2612 1181 2649 quo
1220 2599 1361 2636 alludit
1398 2601 1441 2637 in
1479 2599 1605 2637 tribus

886 2657 1022 2696 Burm.
1054 2658 1260 2696 nonnullis
1282 2660 1383 2696 Pier.
1411 2666 1451 2696 et
1480 2657 1603 2696 Goth.

886 2728 963 2753 sec.
976 2715 1255 2768 rejactancem.
1271 2720 1367 2755 Orta
1383 2716 1469 2753 haec
1485 2718 1606 2766 scrip-

886 2781 974 2811 tura
1005 2787 1054 2811 ex
1085 2774 1249 2825 syllabae
1279 2776 1605 2819 continuatione,

886 2831 1015 2882 qualis
1042 2833 1084 2870 in
1114 2833 1300 2872 Mediceo
1321 2841 1402 2879 est,
1444 2831 1606 2882 Orejac-
