1767 3054
146 116 197 152 36
777 115 1018 153 AENEIDOS

207 190 327 233 Tum
354 196 489 249 pater
510 189 679 232 AEneas
704 203 713 230 :
740 207 759 227 «
785 189 976 243 Vestra,
997 186 1175 248 inquit,
1196 202 1392 232 munera
1414 185 1553 233 vobis

142 265 282 308 Certa
306 272 518 319 manent,
540 261 700 324 pueri;
724 272 770 306 et
795 261 999 322 palmam
1019 272 1178 307 movet
1201 261 1367 307 ordine
1390 278 1529 309 nemo
1552 281 1562 307 :

142 340 220 382 Me
245 337 382 384 liceat
402 352 536 383 casus
558 335 772 381 miserari
798 334 994 380 insontis
1021 335 1173 380 amici.
1198 355 1217 375 »

1586 346 1649 377 350

143 412 220 458 Sic
242 413 385 470 fatus,
413 423 597 473 tergum
625 410 798 456 Gaetuli
824 411 1010 455 inmane
1029 409 1177 457 leonis

141 491 234 534 Dat
259 489 410 544 Salio,
434 486 555 531 villis
577 499 832 530 onerosum
855 495 998 545 atque
1022 483 1260 547 unguibus
1283 488 1452 533 aureis,

140 563 228 608 Hic
253 563 423 607 Nisus:
455 582 473 600 «
503 560 554 605 Si
582 569 730 617 tanta,
763 558 943 620 inquit,
969 569 1076 605 sunt
1100 559 1294 625 praemia
1316 561 1474 617 victis,

141 639 198 681 Et
223 648 266 681 tc
292 635 534 696 lapsorum
557 634 772 690 miseret,
798 650 903 695 quae
927 649 1126 679 munera
1144 633 1258 680 Niso

140 711 292 772 Digna
314 710 470 768 dabis,
497 709 699 772 primam
725 709 877 755 merui
903 710 984 771 qui
1008 709 1147 755 laude
1174 725 1419 769 coronam,
1585 722 1644 753 355

142 786 204 830 Ni
228 801 325 842 me,
351 800 456 846 quae
481 785 682 842 Salium,
713 785 903 830 fortuna
923 785 1114 831 inimica
1138 785 1381 833 tulisset?»

139 862 194 904 Et
220 861 356 906 simul
382 860 456 906 his
482 860 618 906 dictis
638 860 805 906 faciem
833 860 1121 919 ostentabat,
1149 871 1194 906 et
1219 861 1314 907 udo

137 935 315 997 Turpia
340 935 554 980 membra
580 937 703 980 fimo.
729 936 851 981 Risit
875 947 1010 998 pater
1035 936 1242 997 optimus
1264 935 1366 993 olli,

141 1014 198 1056 Et
225 1011 444 1072 clypeum
468 1010 631 1055 efferri
638 1010 800 1071 jussit,
822 1010 1132 1071 Didymaonis
1156 1022 1301 1067 artes,

137 1086 350 1146 Neptuni
374 1101 507 1131 sacro
533 1084 709 1131 Danais
733 1084 791 1130 de
814 1097 950 1147 poste
975 1084 1188 1130 refixum.

197 1261 275 1306 348
306 1283 363 1288 —-
402 1260 498 1298 361.
535 1260 715 1297 Delectat
759 1262 853 1297 mite

135 1321 267 1356 AEneae
311 1320 540 1369 ingenium,
591 1318 655 1354 vel
690 1319 854 1369 Euryali

135 1386 329 1427 respecta.
351 1379 560 1415 Praeiverat
579 1385 710 1412 tamen
730 1385 770 1413 et
788 1376 853 1414 hic

134 1436 332 1472 Homerus
353 1435 465 1472 Iliad.
495 1431 544 1484 ψ,
581 1435 660 1471 558
693 1447 853 1484 sqq.—

138 1494 233 1541 349.
264 1494 381 1530 Certa
403 1502 562 1529 movent
575 1491 692 1530 wall.
714 1495 760 1529 P.
778 1506 853 1529 vo-

132 1560 192 1586 vet
219 1560 306 1588 tert.
330 1550 518 1590 Rottend.
540 1564 562 1587 a
583 1563 635 1588 m.
661 1550 850 1600 pr.—Ad

132 1608 253 1646 verba
267 1608 314 1646 cf.
337 1623 424 1660 sup.
444 1611 484 1655 I,
506 1610 602 1656 257,
623 1608 730 1646 258:
752 1611 851 1645 Par-

133 1679 176 1702 ce
198 1677 301 1703 metu
314 1696 324 1712 ,
351 1666 547 1716 Cytherea
564 1681 579 1711 ;
597 1676 761 1703 manent
776 1667 848 1703 im-

133 1735 243 1761 mota
271 1734 426 1761 cuorum
460 1727 564 1762 Fata
598 1724 691 1761 tibi:
715 1738 850 1762 cernes

132 1792 206 1819 etc.
237 1783 426 1820 Palmam
445 1810 456 1828 ,
493 1782 671 1819 debitum
705 1784 851 1832 cuique

132 1840 272 1877 ordine
312 1853 385 1877 suo
420 1841 641 1890 praemium.
673 1840 850 1878 Observa

132 1899 247 1935 etiam
268 1898 422 1947 copiam
441 1897 649 1935 dictionis:
669 1910 845 1942 munera,

127 1955 301 2005 prcemia
314 1984 323 2002 ,
343 1955 510 2005 palma,
539 1968 686 1992 corona
701 1984 711 2001 ,
732 1954 851 1992 hono-

132 2027 213 2058 res,
240 2013 350 2050 dona
360 2012 575 2063 promissa.
594 2035 652 2041 —-
674 2014 769 2050 350.
789 2012 853 2050 Mi

133 2071 253 2109 Goth.
266 2085 327 2122 pr.
346 2072 471 2109 Casus
484 2073 620 2109 Heins.
637 2072 852 2118 revocavit,

134 2143 225 2166 cum
244 2129 380 2166 nullus
407 2129 534 2167 codex
562 2143 695 2166 casum
711 2157 721 2175 ,
742 2129 852 2179 quod

132 2187 265 2238 vulgg.
292 2186 380 2223 edd.
405 2187 560 2224 obsidet
590 2196 628 2224 et
651 2187 851 2238 vulgarius

132 2253 211 2290 est,
232 2244 440 2290 exhibeat,
461 2246 494 2281 si
515 2247 688 2295 primum
701 2259 752 2282 ex
773 2246 850 2283 Go-

134 2302 263 2338 thanis
308 2304 481 2352 excipias
536 2316 627 2339 cum
674 2303 844 2341 Dorvill.

132 2359 315 2397 Misereri
350 2362 467 2397 etiam
500 2360 711 2406 nonnulli,
743 2363 847 2398 inter

133 2431 234 2468 quos
250 2421 366 2456 Rom.
389 2418 565 2456 Omnino
593 2431 708 2454 casus
732 2417 846 2455 mise-

132 2475 213 2511 rari
233 2476 390 2526 plenius
409 2485 604 2513 sonat.—-
619 2476 698 2512 355
712 2503 721 2521 ,
751 2477 845 2514 356.

133 2532 190 2569 Ni
211 2545 274 2570 me
290 2532 524 2584 —fortuna
551 2533 722 2578 tulisset,
744 2547 805 2571 me
826 2547 847 2570 a

132 2591 261 2640 primo
300 2593 464 2642 praemio
500 2591 721 2628 abstulisset
734 2619 744 2637 ,
779 2591 846 2628 ab·

132 2648 332 2695 duxisset,
360 2650 595 2699 exquisitius
621 2662 739 2699 quam
766 2649 850 2686 vul-

133 2718 245 2756 gare:
267 2708 310 2743 m'
333 2707 493 2744 fortuna
518 2706 615 2742 mihi
642 2708 849 2756 eripuisset

131 2765 360 2813 praemium,
392 2778 465 2815 pro
501 2764 620 2801 laude
636 2763 675 2801 h.
710 2778 742 2801 e.
770 2766 847 2801 vir-

1574 1097 1634 1128 360

920 1267 1004 1297 tute
1032 1261 1075 1297 in
1105 1272 1239 1298 cursu.
1274 1274 1313 1298 v.
1345 1260 1441 1309 357.
1469 1262 1558 1298 Hoc
1585 1274 1635 1299 an

918 1318 1073 1367 placere
1096 1319 1242 1368 possit,
1267 1332 1306 1355 v.
1328 1317 1376 1355 ad
1399 1332 1437 1357 v.
1462 1319 1557 1366 327.
1581 1320 1631 1357 cf.

919 1376 1032 1414 Iliad.
1058 1372 1109 1426 ψ,
1133 1376 1238 1422 551,
1267 1376 1542 1424 781.·—-357.
1567 1379 1636 1414 Os-

918 1433 1109 1471 tendebat
1133 1434 1320 1471 nonnulli
1348 1448 1409 1486 ap.
1439 1436 1576 1472 Burm.
1596 1444 1636 1472 et

920 1491 1042 1529 Goth.
1085 1505 1163 1530 sec.
1204 1493 1452 1530 monstrabat
1487 1494 1634 1530 Moret.

915 1563 993 1588 sec.
1020 1570 1080 1578 —-
1111 1550 1208 1588 358.
1246 1548 1317 1587 Illi
1347 1550 1495 1588 Medic.
1526 1563 1546 1587 a
1577 1563 1631 1588 ru.

914 1621 976 1657 pr.
1006 1607 1221 1658 Quodnam
1250 1609 1408 1646 aurium
1436 1607 1633 1657 judicium

914 1665 958 1702 in
995 1665 1074 1703 hoc
1113 1674 1304 1716 sequutus
1339 1667 1412 1713 sit,
1445 1666 1510 1704 vel
1542 1675 1635 1717 post

916 1723 1111 1773 Quinctil.
1129 1723 1278 1769 locum,
1290 1725 1403 1770 VIII,
1420 1724 1458 1770 3,
1481 1723 1632 1770 25‚nos

914 1780 1022 1818 latet.
1052 1802 1111 1809 —-
1146 1781 1242 1830 359.
1297 1779 1447 1832 offerri
1479 1781 1633 1832 aliquot

916 1838 1018 1875 Pier.
1047 1847 1086 1875 et
1117 1837 1196 1876 duo
1226 1839 1362 1876 Burm.
1393 1837 1536 1890 affirri
1566 1839 1631 1877 ed.

918 1895 1069 1934 Genev.
1098 1894 1206 1948 ferri
1236 1895 1345 1934 Leid.
1364 1923 1375 1943 ,
1410 1909 1630 1947 perperam.

916 1952 1182 1999 Didamonis,
1225 1953 1523 2000 Didamaonis,
1559 1954 1633 1991 Di-

915 2010 1140 2058 diomonis,
1162 2020 1202 2049 et
1236 2011 1342 2062 apud
1368 2013 1469 2051 Pier,
1503 2011 1631 2048 Didu-

919 2069 1108 2115 moeonis,
1132 2069 1240 2121 apud
1265 2069 1524 2121 Benedictum
1551 2069 1632 2108 Pal.

917 2126 1219 2176 Didyma-onis,
1249 2127 1510 2177 corruptelae3
1540 2139 1632 2164 nam

917 2193 975 2222 est
994 2180 1244 2239 Διδυμάονος.
1268 2186 1367 2222 Arte
1395 2194 1472 2223 tres
1495 2187 1630 2223 Burm.

916 2252 1044 2281 artem
1074 2246 1308 2289 Romanus,
1337 2249 1376 2279 et
1408 2255 1469 2293 ap.
1494 2244 1630 2280 Burm.

915 2301 1088 2340 Dorvill.
1102 2329 1112 2348 ,
1135 2299 1204 2337 sed
1225 2300 1461 2350 exquisitius
1484 2299 1632 2350 plurali

913 2372 1081 2397 numero
1113 2366 1219 2395 artes
1246 2370 1260 2394 :
1293 2356 1335 2395 h.
1369 2370 1403 2395 e.
1433 2370 1548 2408 opus.
1571 2379 1630 2387 —

915 2416 1075 2467 Clipeus
1108 2415 1157 2452 ab
1189 2412 1361 2462 artifice,
1397 2416 1468 2465 qui
1501 2415 1595 2452 fecit
1612 2443 1624 2462 ,

914 2472 1214 2512 commendatur
1232 2471 1310 2525 (cf.
1339 2475 1399 2510 III
1415 2473 1499 2511 Ecl.
1521 2474 1570 2521 37
1587 2471 1628 2523 )‚

913 2540 953 2569 et
971 2544 993 2568 a
1014 2532 1106 2569 loco
1119 2559 1129 2578 ,
1148 2545 1231 2582 quo
1251 2530 1377 2568 fuerat
1395 2543 1626 2582 suspensus,

914 2591 959 2626 in
978 2591 1154 2640 Neptuni
1173 2589 1322 2640 templo
1344 2602 1419 2640 pro
1437 2588 1603 2626 donario
1615 2615 1627 2634 ‚

916 2656 955 2684 et
967 2646 1076 2697 quod
1091 2660 1112 2684 e
1124 2647 1322 2685 manubiis
1337 2655 1434 2685 erat.
1446 2647 1604 2686 Servius
1617 2656 1628 2682 ε

916 2704 1099 2750 Danais,
1126 2718 1148 2742 a
1175 2704 1362 2751 Danais;
1386 2713 1426 2742 et
1445 2701 1629 2754 intelligi-

917 2776 1000 2800 mus
1041 2761 1114 2800 Izoc
1146 2763 1204 2801 ad
1237 2764 1412 2802 AEneam
1444 2759 1631 2800 transisse
