1767 3054
677 92 832 130 LIBER
863 91 937 128 v1.
1515 98 1532 106 ⁸

129 169 214 216 His
238 169 426 216 demum
451 164 651 221 exactis,
678 164 890 226 perfecto
915 178 1112 210 munere
1139 164 1284 221 divae,

60 248 308 291 Devenere
330 242 458 288 locos
477 241 632 296 laetos,
653 250 698 286 et
721 255 904 287 amoena
926 238 1080 285 vireta

60 324 428 368 Fortunatorum
449 332 721 374 nemorum,
746 315 976 378 sedesque
1001 314 1177 362 beataS.

58 395 256 459 Largior
279 392 358 439 hic
381 408 574 456 campos
598 393 748 439 aether
767 402 814 439 et
838 391 1015 439 lumine
1037 391 1179 438 vestit
1497 408 1557 439 ιη,

111 612 191 659 637
230 623 316 661 sqq.
364 609 564 647 Traducta
597 618 691 646 sunt
728 609 776 646 ad

51 669 230 721 Elysium
263 670 346 705 sive
375 667 452 705 sub
476 676 579 704 terra
592 695 603 713 ,
621 674 666 703 ut
683 666 772 713 hic,

50 728 134 764 sive
169 728 212 764 in
248 724 395 764 Insulis
437 725 665 762 Fortunatis
693 723 710 774 (
730 732 777 762 ut

52 785 103 822 ab
135 787 313 822 Homero
345 791 383 820 et
412 781 611 828 Hesiodo,
635 789 721 818 tum
754 794 775 818 a

51 841 223 880 Pindaro
238 870 248 888 ‚
285 840 462 892 factum)
506 839 747 877 collocatum
761 867 772 886 ‚

51 902 184 937 omnia
222 911 313 949 quae
360 898 438 935 sub
479 897 630 934 mitiori
670 897 773 934 coelo

50 958 316 995 amoenitatem
334 956 412 993 loci
431 955 558 992 facere
578 962 747 1004 possunt
761 982 771 1001 ‚

45 1017 125 1063 J'am
143 1015 192 1052 ab
209 1017 387 1052 Homero
403 1013 481 1052 Od.
505 1008 550 1059 ὃ,
576 1013 656 1050 563
684 1025 770 1063 sqq.

49 1081 87 1110 et
108 1072 157 1110 ab
175 1071 350 1111 Hesiodo
378 1061 475 1126 ἓργ.
502 1083 579 1118 170
601 1083 687 1120 sqq.
709 1072 771 1107 Ex

47 1130 124 1168 hoc
150 1131 262 1181 ipso,
294 1128 405 1180 quod
443 1130 573 1166 omnis
604 1127 769 1165 felicitas

48 1188 174 1238 El5sii
202 1188 288 1225 talis
311 1196 392 1232 est,
421 1186 577 1237 qualem
599 1185 767 1222 heroum

45 1247 127 1282 1113
154 1246 347 1294 subjicere
377 1244 559 1281 sensibus
588 1251 766 1294 poterat,

44 1311 217 1340 vetustas
231 1304 352 1351 hujus
370 1301 500 1353 mythi
517 1301 767 1351 intelligitur.

45 1360 168 1411 Apud
188 1360 404 1399 Pindarum
423 1358 693 1410 pulcherrimo
708 1357 767 1395 lo-

43 1431 91 1455 co
111 1418 274 1469 Olymp.
294 1419 358 1463 11,
388 1429 466 1467 109
484 1439 542 1445 —
566 1423 645 1466 149
662 1415 766 1453 etin

42 1477 182 1527 fragm.
205 1489 226 1514 e
245 1475 415 1514 Threnis
435 1474 542 1526 apud
561 1473 763 1512 Plutarch.

45 1533 207 1572 Consol.
233 1532 280 1571 ad
304 1533 497 1584 Apollon.
517 1546 558 1583 p.
603 1544 681 1570 120
719 1533 763 1572 C.

37 1600 80 1629 et
112 1590 162 1629 de
196 1591 355 1630 occulte
375 1590 548 1628 vivendo
567 1590 644 1627 5111)
672 1589 700 1627 f.
722 1603 763 1640 p.

46 1651 154 1688 1130
174 1648 242 1702 (v.
275 1662 385 1687 1111110
414 1651 570 1700 Fragm.
604 1647 764 1686 Pindari

41 1720 62 1743 a
93 1707 337 1746 Schneidero
373 1706 538 1744 collecta
566 1719 654 1758 pag.
681 1705 762 1757 21)

41 1773 272 1802 ornamenta
312 1764 584 1816 deprehendes
636 1777 764 1801 acces-

40 1823 133 1858 sisse
157 1829 243 1859 tum
264 1822 362 1866 alia,
385 1831 471 1858 tum
493 1822 578 1860 haec
599 1834 608 1860 :
632 1822 763 1859 lucem

40 1878 151 1916 nulla
174 1886 293 1916 nocte
304 1881 590 1929 interceptam3
608 1881 760 1916 victum

41 1936 194 1973 facilem
207 1949 280 1973 uec
295 1935 380 1973 ullo
391 1936 526 1973 labore
537 1938 763 1986 quaesitum3

38 2007 121 2031 esse
141 1993 310 2031 insulam
336 1993 379 2030 in
400 1997 562 2031 Oceano
576 2021 586 2039 ‚
612 1994 680 2030 cui
699 1996 764 2031 Sa—

39 2060 182 2089 tumus
193 2052 360 2102 imperat
372 2049 495 2100 (unde
506 2051 541 2086 ei
554 2051 672 2100 regia,
682 2047 766 2101 τύρ-

39 2121 94 2152 σις
112 2108 304 2146 tribuitur
331 2109 375 2145 in
395 2108 461 2144 illa
474 2108 488 2159 )
503 2136 513 2153 ‚
532 2119 638 2144 aurae
661 2106 759 2144 odo-

39 2179 209 2216 rumque
230 2179 281 2202 ex
310 2164 477 2202 floribus
500 2165 629 2201 omnis
647 2177 781 2214 genev

39 2225 92 2261 ris
114 2223 250 2261 afflatu
277 2222 628 2270 jucundissiman13
649 2223 692 2258 in
715 2234 761 2258 ea

38 2282 217 2320 habitare
238 2279 379 2318 heroes
402 2289 574 2324 veteres;
598 2279 762 2316 delecta-

40 2341 74 2376 ri
91 2338 345 2377 hisodoribus
358 2365 368 2383 ‚
390 2338 494 2375 inter
513 2337 630 2375 ludos
649 2346 687 2374 et
706 2350 762 2374 sa-

39 2410 104 2435 cra
119 2396 196 2434 diis
211 2396 322 2434 facta.
336 2397 505 2433 Doctior
518 2397 610 2442 vita,
625 2404 663 2432 et
676 2395 762 2446 phi-

38 2454 255 2506 Iosophicis
284 2452 426 2491 studiis
462 2454 620 2490 exculta
653 2454 761 2490 Grae-

42 2513 127 2560 eia,
165 2524 314 2550 serenae
345 2519 384 2548 et
420 2511 586 2563 placidae
617 2512 760 2549 mentis

42 2569 184 2621 gaudia
199 2583 250 2608 ex
266 2581 379 2620 purae
397 2579 436 2607 et
452 2571 668 2607 constantis
688 2570 763 2606 vir-

43 2629 141 2665 tutis
176 2621 417 2666 conscientia
456 2640 554 2666 mox
590 2627 733 2676 adjecit
750 2640 760 2666 ε

45 2695 128 2733 quo
158 2685 335 2724 melioris
373 2686 577 2736 sapientiae
615 2686 763 2736 placito

47 2742 201 2793 egregie
229 2755 349 2780 usum
376 2743 509 2782 videas
542 2745 647 2782 inter
666 2744 762 2782 alios

286 2826 377 2870 ΙΙΙ.

1484 110 1557 145 ¹³7

843 611 1063 648 Gloverum
1110 612 1153 646 iu
1193 612 1367 649 Leonida
1396 616 1458 660 X,
1485 617 1563 653 156

841 681 927 718 sqq.
958 667 998 704 in
1030 666 1140 704 those
1167 666 1337 718 happier
1351 670 1479 723 fields
1505 695 1562 703 —

848 723 993 762 {Vlcere
1022 739 1140 763 never
1173 726 1311 776 gloom
1343 727 1398 779 of
1412 731 1563 769 trouble

841 780 986 819 shades
1015 781 1081 820 tlze
1117 782 1251 830 mind,
1282 786 1372 821 Nor
1398 798 1494 838 guse
1521 791 1570 842 of

834 839 1000 890 passion
1032 839 1176 877 laeeaves
1195 840 1260 878 the
1282 842 1391 892 quiec
1412 844 1557 892 breast,

840 899 930 935 Nor
948 898 1055 935 dews
1073 897 1314 950 osgn'qfare
1331 902 1561 950 sprinkled;

839 964 878 993 et
899 969 983 994 uno
1009 956 1134 993 verbo
1160 958 1306 995 Statius
1328 961 1365 994 V
1390 960 1485 998 Silv.
1511 963 1558 1007 3,

840 1014 924 1051 286
952 1015 995 1051 in
1022 1015 1145 1064 patris
1170 1014 1391 1064 Epicedio:
1416 1019 1477 1055 Ite
1495 1020 1563 1070 pii

839 1074 982 1109 Manes
997 1094 1055 1100 —
1075 1073 1131 1108 Ec
1152 1081 1371 1110 monstrate
1392 1088 1554 1124 nemus,

835 1144 914 1181 quo
953 1130 1067 1167 nulla
1103 1129 1240 1180 irrupit
1273 1130 1472 1181 Erinnys,
1506 1137 1556 1172 In

834 1202 912 1238 qno
928 1187 1048 1240 falsa
1080 1187 1164 1224 dies
1200 1188 1380 1238 coeloque
1402 1191 1556 1229 similli-

834 1259 920 1282 mus
961 1244 1086 1283 aether
1109 1259 1122 1282 .·
1146 1245 1194 1282 de
1226 1258 1309 1294 quo
1339 1246 1389 1285 cf.
1417 1250 1490 1287 inf.
1507 1251 1559 1288 ad

836 1304 933 1342 888.
970 1302 1046 1341 Sed
1071 1303 1367 1354 philosophicas
1387 1307 1558 1345 rationes

833 1364 949 1399 Maro
965 1362 1008 1397 iu
1019 1361 1142 1398 alium
1158 1361 1294 1398 locum
1311 1376 1350 1399 v.
1374 1370 1455 1410 724
1470 1378 1556 1416 sqq.

832 1421 1024 1465 servavit,
1045 1427 1083 1455 et
1098 1418 1138 1456 h.
1159 1418 1187 1456 l.
1207 1420 1389 1469 inprimis
1407 1423 1556 1460 Home-

833 1491 923 1515 rum
950 1486 1040 1514 aute
1073 1477 1211 1514 oculos
1229 1476 1371 1515 habuit
1393 1487 1432 1516 et
1464 1481 1554 1518 Pin-

833 1534 975 1572 darum
989 1563 999 1581 ‚
1020 1535 1119 1572 locis
1142 1534 1277 1572 laudd.
1303 1536 1403 1573 Nam
1442 1538 1554 1575 sedes

833 1593 962 1631 beatae
980 1594 1056 1644 ipsi
1090 1601 1184 1630 sunt
1216 1593 1299 1629 luci
1326 1597 1498 1642 amoeni,
1516 1605 1555 1633 et

831 1653 985 1702 campi,
1021 1650 1144 1688 aether
1175 1663 1302 1701 purus
1337 1660 1376 1689 et
1408 1653 1557 1690 coelum

829 1722 1036 1756 serenum3
1058 1709 1135 1745 rivi
1151 1709 1301 1762 etAripae
1315 1712 1525 1760 gramineae
1540 1724 1551 1758 ;

830 1767 959 1805 studia
994 1780 1045 1804 ex
1071 1767 1201 1816 prisca
1228 1768 1327 1813 vita,
1348 1769 1471 1818 inque
1491 1767 1554 1804 his

829 1824 984 1862 choreae
1020 1823 1070 1860 ad
1110 1823 1271 1861 citharae
1306 1834 1493 1872 cantum,
1516 1833 1554 1862 et

829 1883 971 1932 epulae.
996 1880 1112 1919 Adde
1135 1881 1272 1917 locum
1301 1881 1350 1918 de
1374 1882 1551 1931 Olympo

828 1939 973 1989 odyss,
995 1936 1038 1982 ζ,
1063 1944 1113 1980 43
1146 1950 1254 1986 seqq.
1276 1937 1426 1976 Similia
1453 1951 1553 1988 quo-

829 2008 909 2045 que
938 2002 1032 2031 sunt
1066 1995 1109 2030 in
1143 1994 1355 2040 Axiocho,
1376 1997 1448 2045 qui
1475 1996 1552 2034 sub

832 2051 1050 2097 AEschinis,
1081 2060 1193 2088 antea
1231 2051 1308 2088 sub
1347 2052 1548 2099 Platonis,

827 2110 991 2146 nomine
1046 2108 1258 2146 ferebatur.
1311 2111 1549 2148 Communia

827 2169 944 2204 etiam
962 2174 1056 2203 sunt
1083 2166 1279 2204 nonnulla
1301 2167 1438 2219 Elysio
1455 2180 1549 2206 cum

827 2236 945 2261 aurea
984 2223 1196 2261 hominum
1225 2233 1351 2264 aetate.
1379 2227 1469 2264 Jam
1500 2227 1550 2264 ab

826 2281 888 2318 his
908 2290 1094 2331 tanquam
1113 2281 1316 2320 elementis
1347 2283 1550 2334 profectus

826 2339 876 2375 ad
892 2347 1082 2390 quantam
1113 2340 1415 2390 amplitudinem
1436 2344 1549 2380 Para·

827 2396 958 2434 disum
974 2409 1092 2434 suum
1104 2398 1250 2436 extulit
1264 2398 1462 2437 Miltonus
1474 2401 1545 2446 IV,

833 2456 911 2492 132
931 2467 990 2505 sq.

885 2512 984 2557 640.
1024 2512 1198 2565 Cqmpus
1220 2512 1298 2565 (nt
1321 2515 1371 2551 sit
1391 2526 1401 2553 z
1426 2517 1472 2552 L.
1509 2514 1547 2554 h.

828 2583 1011 2621 campus,
1033 2570 1160 2608 aether
1186 2581 1228 2609 et
1252 2572 1279 2610 I.
1299 2586 1343 2610 v.
1370 2571 1446 2623 P.)
1466 2574 1548 2610 Pie-

826 2629 930 2666 riani
945 2628 1098 2679 aliquot
1122 2631 1239 2668 Rom.
1263 2637 1303 2666 et
1322 2629 1430 2668 Gud.
1453 2642 1472 2666 3
1493 2643 1548 2668 m.

828 2699 906 2724 sec.
918 2686 1084 2726 Mentel.
1096 2700 1158 2738 pr.
1173 2701 1195 2724 a
1210 2701 1264 2726 m.
1279 2701 1340 2739 pr.
1358 2696 1397 2726 et
1411 2688 1547 2739 fragm.

828 2744 957 2782 Vatic.
984 2758 1004 2782 a
1022 2758 1075 2783 m.
1103 2759 1165 2797 pr.
1182 2774 1192 2792 ‚
1213 2754 1251 2783 et
1273 2754 1469 2784 mutatum
1493 2747 1548 2782 vi-

1295 2832 1349 2877 14
