1767 3054
861 95 883 112 ἦ,

111 162 932 231 mmmm
939 168 1615 227 &mmmmmzsffi

472 488 1149 576 EXCURSUS
1214 489 1254 573 Ι

559 707 665 762 AD
696 708 993 763 LIBRUM
1016 709 1176 763 VIII.

398 933 587 1011 Super
622 935 910 1001 Etruscis,
943 945 1001 988 ec
1029 936 1335 991 Mezentio.

175 1146 298 1193 VIII,
321 1144 402 1192 478
422 1157 507 1195 sqq.
527 1142 654 1181 Haud
661 1142 807 1194 procul
832 1141 924 1180 hinc
941 1157 1045 1180 saxo
1064 1142 1443 1196 incolitur-flandum
1465 1151 1623 1180 vetusto

123 1212 236 1252 Urbis
262 1211 473 1265 Agyllinae
501 1210 632 1256 sedes,
667 1211 734 1247 ubi
758 1211 888 1260 Lydia
914 1211 1121 1263 quondam
1145 1211 1252 1248 Gens
1272 1211 1375 1248 bello
1391 1210 1595 1261 praeclara
1611 1238 1622 1253 ,

109 1283 223 1337 jugis
242 1282 390 1321 insedit
403 1281 594 1319 Etruscis.
615 1282 735 1318 Hanc
753 1281 898 1318 multos
907 1281 1129 1335 florentem
1152 1294 1283 1318 annos
1303 1293 1377 1317 νει·
1396 1279 1542 1318 deinde
1559 1293 1622 1318 su-

109 1352 236 1404 perbo
257 1351 450 1404 Imperio,
475 1361 514 1389 ec
535 1349 646 1388 soevis
669 1348 795 1387 tenuit
814 1349 1035 1387 Mezentius
1050 1349 1186 1388 armis.

174 1421 216 1458 Si
234 1420 334 1472 quid
356 1420 405 1457 de
428 1434 501 1458 suo
521 1418 670 1471 fingere
690 1426 795 1456 recte
825 1420 959 1471 potuit
985 1427 1123 1470 poeta,
1143 1426 1225 1456 erat
1252 1417 1338 1454 haec
1364 1418 1625 1454 Etruscorum

118 1502 210 1527 cum
229 1491 412 1538 Trojanis
441 1490 625 1535 societas,
647 1502 773 1540 quum
803 1489 923 1526 semel
954 1487 1124 1539 populos
1150 1488 1248 1524 citra
1271 1485 1449 1524 Tiberim
1479 1485 1626 1522 Latinis

119 1563 158 1594 et
181 1557 343 1596 Rutulis
361 1558 491 1594 socios
510 1555 743 1594 addidisset.
763 1557 939 1593 Etruscis
958 1563 1093 1592 autem
1114 1554 1328 1604 antiquitas
1347 1551 1481 1602 stirpis
1497 1559 1536 1588 et
1554 1551 1626 1587 im-

118 1626 218 1677 perii
243 1625 368 1663 tribui
386 1626 486 1663 solet
505 1639 548 1663 ea
560 1654 571 1673 ‚
589 1639 678 1676 quae
694 1637 778 1662 non
798 1623 1062 1675 improbabile
1082 1622 1216 1669 faciat,
1233 1623 1313 1670 jam
1331 1620 1514 1668 Trojanis
1531 1627 1626 1657 tem-

117 1694 287 1745 poribus
307 1707 374 1731 eos
390 1694 535 1745 opibus
553 1701 592 1731 et
610 1694 734 1744 copiis
753 1693 844 1730 satis
861 1692 1045 1730 valuisse.
1064 1693 1158 1729 Erat
1178 1699 1366 1741 praeterea
1383 1689 1544 1738 antiqua
1561 1687 1628 1725 ill-1

117 1762 328 1812 utriusque
349 1761 491 1811 populi
512 1761 834 1812 consanguinitas
847 1788 857 1806 ‚
887 1772 1012 1809 quum
1032 1758 1244 1796 Dardanus
1263 1757 1459 1806 originem
1478 1768 1529 1792 ex
1549 1754 1628 1793 Co-

117 1828 238 1880 rytho
267 1830 436 1866 Etruriae
460 1827 623 1866 duxisse
655 1828 838 1864 ferretur.
870 1827 1022 1864 Habuit
1053 1833 1184 1862 tamen
1208 1833 1248 1862 et
1277 1824 1343 1860 hic
1374 1830 1490 1873 poeta
1516 1822 1628 1859 famae

117 1903 378 1945 veterumque
403 1894 629 1932 fabularum
648 1894 947 1939 auctoritatem,
971 1905 1091 1943 quam
1115 1898 1370 1942 sequeretur3
1391 1901 1556 1939 eamque
1575 1890 1629 1926 ita

117 1972 310 2014 sequutus
333 1970 416 2009 est,
440 1971 485 1999 ut
502 1962 612 1999 nulla
634 1962 676 1998 in
698 1974 740 1998 re
765 1960 814 1997 ab
837 1974 886 1998 eo
906 1960 1135 1999 deflecteret
1150 1987 1160 2006 ,
1188 1958 1301 2009 quod
1320 1965 1526 1996 constante
1547 1954 1627 1993 fid:

116 2030 308 2069 traditum
324 2038 541 2082 acceperat.
561 2030 720 2069 Scilicet
735 2033 943 2075 Etruscos,
961 2029 1289 2077 Mezentiumque
1308 2039 1451 2064 eorum
1469 2038 1600 2076 regem
1614 2054 1622 2070 ‚

118 2111 189 2137 seu
216 2100 350 2137 verius
380 2101 656 2136 Lucumonem
686 2095 914 2151 (ς-ροιτηγὸν
938 2095 1171 2134 Plutarchus
1194 2094 1365 2145 appellat
1394 2096 1476 2144 Qu.
1508 2095 1624 2132 Rom.

116 2180 158 2218 p.
179 2169 262 2215 275
282 2170 317 2206 D
344 2167 406 2206 ed.
434 2165 555 2217 fvt),
585 2180 677 2203 cum
699 2167 840 2204 Latino
881 2174 919 2203 et
941 2167 1082 2203 Turno
1110 2165 1292 2211 Trojanis
1323 2162 1486 2200 advenis
1516 2174 1624 2198 arma

119 2234 261 2272 infesta
277 2234 478 2281 intulisse,
498 2243 683 2271 constans
700 2242 782 2271 erat
797 2241 953 2283 accepta
972 2245 991 2269 a
1009 2230 1227 2279 majoribus
1243 2231 1356 2276 fama,
1374 2230 1444 2267 etsi
1463 2228 1627 2267 diversis

116 2302 249 2341 modis
264 2312 434 2342 narrata.
455 2303 537 2340 Alii
560 2304 711 2340 victum
735 2304 918 2340 Turnum
946 2302 1203 2338 Etruscorum
1228 2297 1375 2335 auxilia
1398 2297 1627 2348 implorasse

121 2369 382 2415 tradiderant,
402 2383 504 2421 quos
530 2370 663 2407 Livius
692 2370 728 2415 Ι,
753 2381 776 2406 2
807 2369 918 2419 sequi
947 2367 1114 2405 maluit:
1143 2365 1208 2402 alii
1233 2368 1372 2403 Turno
1395 2365 1476 2413 jam
1495 2365 1627 2401 occiso

120 2440 308 2478 Etruscos
329 2438 518 2477 adversus
539 2439 733 2487 Trojanos
750 2450 854 2475 arma
872 2438 1076 2482 sumsisse;
1102 2435 1250 2473 factum
1269 2446 1350 2472 esse
1377 2433 1455 2470 hoc
1469 2461 1480 2480 ,
1498 2446 1624 2484 quum

122 2509 262 2546 AEneas
283 2509 434 2560 aliquot
452 2510 531 2557 jam
548 2520 676 2545 annos
703 2519 870 2558 reguum
891 2506 1123 2543 Latinorum
1147 2504 1356 2549 tenuisset3
1377 2501 1625 2540 commissam

122 2588 296 2629 pugnam
320 2577 396 2615 sub
420 2577 572 2615 Lavinii
601 2575 820 2621 moeuibus,
843 2577 1041 2625 AEneaque
1061 2574 1103 2610 in
1123 2572 1310 2611 Numicio
1326 2571 1534 2609 submerso
1558 2583 1626 2608 ur-

127 2640 220 2680 bem
234 2643 431 2684 obsessam
451 2644 689 2695 tandemque
706 2643 863 2682 Ascauii
885 2642 1052 2680 consilio
1069 2649 1107 2678 et
1125 2642 1271 2678 virtute
1287 2639 1512 2686 liberatam3
1531 2639 1628 2675 Lau-

127 2719 216 2745 sum
230 2721 394 2760 canum,
413 2721 643 2764 patremque
672 2711 916 2750 Mezentium
935 2711 977 2747 iu
998 2709 1196 2748 Etruriam
1217 2707 1436 2745 dimissum.
1462 2708 1519 2743 Ita
1543 2716 1626 2741 rem

127 2787 393 2826 exposuerant
413 2782 457 2819 L.
479 2781 607 2819 Caesar
626 2787 665 2817 et
683 2781 734 2817 A.
759 2778 987 2817 Postumius
1009 2778 1052 2815 in
1079 2776 1185 2815 libro
1212 2773 1261 2813 de
1280 2774 1455 2812 adventu
1473 2775 1623 2813 AEneae‚

129 2842 273 2882 laudati
294 2845 342 2884 ab
363 2856 525 2887 auctore
548 2848 597 2887 de
617 2850 728 2900 Orig.
749 2848 868 2886 Geut.
887 2849 1000 2886 Rom.
1023 2859 1058 2885 c.
1087 2852 1151 2894 ¹4,
1176 2844 1241 2884 15.
1258 2841 1429 2882 Eosdem
1447 2847 1514 2879 aut
1531 2839 1625 2878 alim
