1767 3054
684 91 840 129 LIBER
870 91 941 127 VI.

1496 92 1571 130 183

132 166 246 213 »Vis
272 176 317 212 et
340 162 624 225 Tarquinios
650 177 806 224 rech,
832 160 1133 222 animamque
1154 163 1408 223 superbam

66 242 246 288 L‘ltoris
271 240 426 297 Bruti,
451 238 683 299 fascisque
708 236 873 281 videre
903 239 1150 299 receptos?

64 315 277 362 Consulis
298 313 550 376 imperium
573 312 650 357 hic
672 311 854 374 primus
879 327 1123 372 saevasque
1147 312 1325 358 securis

1512 330 1571 356 &20

62 390 304 452 Adcipiet,
328 401 558 450 natosque
581 399 738 450 pater,
762 402 885 432 uova
905 384 1030 432 bella
1050 387 1305 444 moventis,

63 463 138 509 Ad
163 479 347 525 poenam
369 462 568 525 pulchra
594 478 681 524 pro
705 460 924 507 libertate
946 460 1162 519 vocabit,

62 538 254 583 Infelix!
278 549 538 599 utcumque
560 538 711 582 serent
734 552 789 582 ea
812 536 933 581 facta
953 535 1189 593 minores,

61 613 230 658 Vincet
255 629 390 659 amor
409 614 600 675 patriae,
626 611 917 673 laudumque
941 611 1153 657 inmensa
1176 610 1366 674 cupido.

130 706 147 727 ο
164 688 293 743 Quin
314 687 509 743 Decios,
531 690 808 747 Drusosque
831 685 1021 747 procul,
1042 702 1316 747 saevumque
1336 686 1490 732 securi
1510 697 1570 729 825

60 760 265 822 Adspice
285 764 603 822 Torquatum,
626 771 671 805 et
692 760 979 805 referentem
1004 761 1137 822 signa
1160 760 1421 806 Camillum.

129 858 147 876 υ
165 837 261 883 111ae
283 847 465 894 autem,
488 835 684 899 paribus
710 851 826 897 quas
848 835 1029 898 fulgere
1052 836 1204 883 cernis
1225 837 1273 882 in
1295 837 1459 896 armis,

61 1021 194 1049 torum
224 1025 232 1051 :
268 1027 308 1051 v,
349 1014 518 1063 Dionys.
556 1015 627 1058 IV,
662 1014 699 1050 8.
729 1016 786 1051 At

60 1071 167 1106 enim
188 1070 333 1107 durum
360 1069 438 1107 hoc
467 1079 524 1106 est
538 1098 548 1115 ,
567 1079 612 1106 ut
635 1084 783 1107 nomeu

59 1128 113 1163 ita
130 1127 510 1178 subintelligendum
522 1129 571 1164 sit
582 1141 591 1173 3
606 1136 691 1164 tum
703 1141 784 1165 vox

51 1184 281 1235 jactantior
309 1187 514 1235 superiore
545 1198 662 1221 versu
693 1186 784 1221 satis

61 1243 189 1291 arguit
221 1255 378 1279 versum
413 1243 522 1279 hunc
553 1255 626 1279 nec
653 1244 784 1279 minus

61 1298 108 1334 ad
124 1301 285 1336 Ancum
303 1309 489 1350 spectare.

122 1356 202 1392 818
219 1385 230 1403 ‚
254 1357 350 1406 819.
387 1357 501 1394 Ultor
526 1359 688 1400 Brutus,
712 1358 783 1407 qui

61 1414 271 1463 Tarquinii
291 1413 521 1464 superbiam
547 1423 586 1451 et
604 1415 715 1452 Sexti
737 1415 782 1450 li-

58 1469 235 1507 bidinem
258 1471 366 1509 ultus
385 1480 456 1509 est.
475 1473 620 1508 Fasces
651 1485 784 1521 recep-

58 1536 141 1572 tos,
165 1530 311 1579 regiam
340 1527 572 1578 dignitatem
596 1537 635 1566 et
658 1530 782 1578 impe-

57 1586 163 1621 rium
194 1598 214 1622 a
241 1585 403 1637 reg-ibus
427 1587 471 1622 in
492 1599 591 1624 coss.
617 1585 781 1624 transla-

59 1650 159 1680 tum.

118 1700 362 1745 820—824.
380 1701 474 1740 Vid.
492 1703 576 1739 Liv.
599 1704 639 1739 II
653 1730 662 1748 ,
688 1703 709 1740 3
723 1723 782 1730 —

61 1757 98 1794 5.
120 1758 234 1796 Bruti
253 1759 399 1796 factum
419 1760 489 1809 qui
515 1759 781 1810 reprehende-

58 1822 167 1859 rent,
187 1816 267 1862 jam
286 1816 446 1867 Virgilii
467 1825 643 1866 tempore
662 1817 782 1854 fuisse

56 1870 302 1908 credendum
317 1880 376 1909 est
389 1887 400 1919 ;
415 1874 547 1923 itaque
563 1873 614 1910 ab
629 1873 780 1911 Anchi-

56 1942 96 1965 se
110 1927 305 1977 adjectum
317 1939 328 1966 z
339 1929 383 1966 in
396 1943 687 1980 quamcumque
696 1943 783 1981 par-

58 1993 135 2022 tem
175 1986 252 2023 hoc
294 1985 443 2024 factum
480 1987 779 2036 interpretaturi

56 2044 134 2080 sint
162 2045 334 2093 posteri,
358 2045 441 2094 ipse
463 2046 507 2081 in
538 2044 734 2082 sumendo
759 2057 778 2080 a

55 2100 148 2137 filiis
173 2101 372 2151 supplicio
395 2110 582 2151 sequetur
606 2101 646 2137 id
669 2101 779 2151 quod

55 2160 193 2209 patriae
219 2172 331 2196 amor
358 2167 396 2195 et
422 2159 558 2208 gloria:
584 2158 779 2208 cupiditas

54 2215 293 2253 suadebunt.
304 2219 363 2244 ³—-
379 2216 475 2252 823.
490 2218 639 2252 Ferant
655 2216 776 2253 Goth.

54 2286 132 2310 sec.
154 2274 218 2309 Ea
234 2271 333 2323 sata
353 2282 435 2309 erat
456 2273 613 2322 vulgata
633 2272 752 2310 lectio
766 2301 776 2319 ,

55 2343 174 2381 quam
188 2331 338 2368 Pierius
354 2344 436 2380 prae
452 2330 777 2369 oculishabebat:

54 2388 122 2425 sed
141 2386 310 2439 infin-ta
326 2401 464 2425 omnes
480 2390 562 2435 ejus
583 2398 621 2426 et
642 2389 778 2426 Heius.

53 2445 150 2483 libri
169 2447 425 2482 consentiunt
436 2474 445 2491 ,
466 2446 569 2482 binis
582 2447 757 2496 exceptis
769 2475 779 2492 ,

54 2515 147 2541 cum
164 2503 335 2543 Dorvill.
353 2513 392 2541 et
403 2503 464 2541 ed.
483 2506 584 2541 ven.
604 2506 778 2553 Nepotes

57 2560 179 2599 Goth.
198 2574 275 2598 sec.
290 2589 301 2607 ,
322 2569 360 2598 et
372 2563 428 2598 sic
445 2561 626 2598 Macrob.
649 2564 720 2607 IV,
736 2563 776 2607 6,

56 2617 129 2655 ubi
141 2626 179 2656 et
178 2618 301 2670 facta
314 2619 515 2670 leguntur.
524 2621 646 2657 Porro
661 2633 777 2656 versu

54 2673 133 2713 hoc
153 2676 201 2713 ad
224 2678 427 2727 superiora
447 2685 616 2715 retracto
637 2678 777 2727 aliquis

54 2735 285 2775 sententiam
302 2734 523 2774 absolutam
534 2735 678 2774 habere
690 2748 779 2787 pos-

850 1015 899 1051 sit
920 1025 929 1051 :
949 1012 1092 1064 ftffell'x
1106 1041 1116 1059 ,
1138 1023 1347 1064 utcumque
1359 1013 1500 1065 fi’rent
1525 1028 1574 1052 ea

839 1070 880 1122 f.
906 1071 1078 1107 minores
1090 1085 1105 1113 ‚·
1126 1083 1179 1107 sc.
1213 1075 1468 1120 quantumvis
1489 1087 1577 1123 pos-

851 1129 924 1165 teri
956 1127 996 1164 id
1026 1128 1174 1165 facinus
1200 1128 1387 1166 laudibus
1412 1132 1576 1168 summis

851 1185 1069 1235 praedicent
1089 1184 1164 1235 (ut
1191 1185 1306 1236 serre
1341 1187 1577 1236 simpliciter

852 1245 931 1288 sit,
972 1242 1157 1279 laudibus
1203 1243 1389 1293 efferre).
1421 1246 1577 1282 Verum

851 1301 991 1337 vincet
1008 1313 1181 1349 amorp.
1207 1301 1256 1336 Et
1285 1302 1327 1336 in
1351 1301 1460 1338 hunc
1491 1316 1577 1340 sen-

851 1371 939 1395 sum
966 1359 1218 1407 interpretari
1248 1357 1408 1394 videtur
1440 1359 1576 1396 locum

850 1416 1100 1466 Augustinus
1117 1414 1165 1451 de
1187 1415 1231 1453 C.
1253 1416 1302 1452 D.
1330 1417 1389 1451 III
1406 1429 1426 1452 a
1447 1418 1577 1454 Pierio

850 1474 894 1509 in
915 1472 1093 1509 medium
1117 1471 1353 1522 productus.
1375 1473 1450 1510 Sed
1481 1487 1577 1525 prae-

849 1538 925 1567 stat
939 1530 1111 1581 vulgaris
1134 1531 1235 1567 ratio
1256 1542 1266 1567 2
1288 1538 1334 1567 ut
1352 1530 1578 1583 disjungan-

850 1595 917 1624 tur
930 1600 952 1624 a
968 1586 1246 1637 superioribus
1265 1597 1464 1637 postrema
1483 1601 1491 1627 :
1511 1592 1579 1627 Uc-

848 1644 1234 1694 cunque——minores
1250 1657 1263 1680 .·
1286 1645 1429 1682 Vincet
1445 1660 1484 1684 a.

909 1703 1014 1748 825,
1036 1702 1132 1739 826.
1166 1701 1305 1747 Decii,
1331 1712 1443 1753 pater
1463 1712 1501 1741 et
1527 1703 1576 1741 fi-

847 1759 948 1806 lius,
970 1761 1039 1810 qui
1072 1773 1112 1796 se
1137 1772 1212 1808 pro
1247 1761 1373 1810 patria
1400 1761 1573 1798 devove-

849 1826 969 1862 runt,
1002 1817 1099 1853 alter
1135 1816 1241 1853 bello
1278 1819 1417 1855 Latino
1430 1847 1441 1863 ,
1478 1819 1575 1855 alter

850 1874 1022 1911 Gallico.
1042 1873 1183 1917 Drusi,
1204 1875 1326 1910 Liviae
1344 1888 1479 1911 caussa
1496 1876 1578 1913 lau-

851 1930 1020 1977 dati3ex
1042 1932 1090 1966 iis
1119 1933 1178 1967 M.
1210 1932 1345 1967 Livius
1378 1932 1576 1971 Salinator

846 1987 886 2025 b.
911 1989 1062 2026 Punico
1076 1989 1114 2023 II
1137 1988 1264 2024 clarus
1278 2015 1288 2033 ,
1302 1996 1341 2024 et
1360 1990 1418 2026 M.
1438 1991 1572 2027 Livius

845 2047 1001 2082 Drusus
1026 2044 1120 2082 trib.
1142 2045 1199 2095 pl.
1224 2047 1280 2082 At
1299 2047 1477 2083 Drusum
1510 2049 1573 2086 Li-

847 2103 922 2139 xiae
949 2102 975 2140 f.
1012 2103 1176 2152 ejusque
1202 2104 1386 2140 victorias
1405 2103 1454 2140 de
1475 2105 1575 2142 Ger-

846 2161 974 2195 manis
1001 2159 1101 2196 male
1129 2161 1171 2195 in
1199 2168 1376 2210 tempora
1412 2162 1572 2214 Virgilii

847 2216 1044 2253 advocant
1083 2219 1217 2266 Intpp.
1252 2219 1312 2254 De
1339 2220 1386 2255 T.
1414 2219 1568 2258 Manlio

845 2275 1051 2323 Torquato
1071 2275 1289 2323 Imperioso
1304 2288 1342 2311 v,
1358 2276 1442 2312 Liv.
1456 2279 1569 2325 VIII,

850 2343 887 2377 7.
906 2329 1155 2381 Referentem
1179 2331 1300 2382 signa
1324 2331 1539 2372 Camillum
1554 2351 1570 2380 ;

847 2388 1007 2434 retulit,
1051 2389 1200 2438 recepit
1233 2390 1343 2440 signa
1381 2402 1400 2426 a
1444 2393 1568 2430 Gallis

847 2453 959 2495 capta
982 2446 1025 2482 in
1044 2458 1178 2496 pugna
1198 2446 1380 2486 Alliensi.
1408 2448 1458 2486 cf.
1481 2451 1565 2488 Liv.

845 2505 906 2548 V,
931 2504 979 2550 37
1004 2512 1042 2540 et
1064 2510 1131 2553 49.

904 2561 1071 2609 827—8
1080 2561 1146 2599 36.
1160 2562 1220 2598 De
1232 2561 1385 2600 Caesare
1401 2571 1439 2601 et
1456 2567 1567 2602 Pom-

844 2619 950 2668 peio.
966 2618 1135 2655 Par-ibus
1150 2618 1286 2663 armis,
1308 2629 1447 2670 utpote
1465 2631 1567 2659 uter-

844 2689 922 2725 que
941 2679 1144 2715 Romanus
1157 2704 1168 2722 ,
1186 2686 1232 2714 ut
1255 2678 1401 2729 Georg.
1420 2681 1458 2724 I,
1483 2681 1562 2722 488

836 2733 1246 2792 paribus-concurrere
1257 2734 1347 2774 celis
1365 2738 1564 2775 Romanos
