1767 3054
160 167 240 210 284

159 241 206 278 ad
223 241 362 292 priscae
380 240 469 278 vitae
496 254 645 278 morem
667 254 750 279 non
773 242 871 279 male

159 306 436 349 attemperata;
459 300 639 349 inprimis
658 300 690 336 si
719 301 872 338 Latium

160 357 306 408 cogites
330 358 445 406 quale
478 357 547 394 illo
576 366 750 408 tempore
774 357 870 403 fuit,

161 427 232 465 per
249 415 359 451 vicos
385 424 423 453 et
456 416 612 465 tuguria
631 417 794 464 sparsim
812 416 872 451 in-

160 472 378 509 habitatum
393 501 402 519 ,
423 485 547 522 quum
571 484 649 508 una
669 472 765 509 urbs
776 475 875 509 Lau-

161 539 320 566 rentum
346 539 445 567 esset
466 543 475 567 :
504 531 576 566 etsi
602 537 717 579 poeta
748 530 876 566 tenui-

163 595 281 624 tatem
301 600 431 623 rerum
450 587 657 637 diligenter
681 599 730 622 ex
749 585 875 623 oculis

162 644 375 696 legentium
403 645 590 689 removit,
616 656 756 693 resque
785 644 876 680 vitae

162 702 331 739 heroicae
348 714 540 752 pauperes
562 709 600 737 et
619 701 740 738 exiles
763 702 875 751 epico

163 758 371 809 splendore
402 772 556 795 summo
595 760 763 796 ornavit.
801 758 875 797 Sed

163 818 327 853 omnino
343 816 439 853 belli
456 815 617 853 exordia
642 816 688 852 ad
704 818 729 853 J
735 817 877 853 unonis

165 883 265 911 artes
278 903 288 921 ,
303 882 341 911 et
353 874 402 911 ad
415 882 583 912 evocatae
595 874 760 911 Alectus
777 873 878 911 frau-

165 931 232 968 des
252 931 456 968 referenda
475 940 567 968 suut
581 959 592 977 ‚
613 932 759 981 quibus
771 945 878 968 exas-

165 991 289 1038 perati
320 990 548 1027 Latinorum
580 998 617 1025 et
640 990 768 1026 Turni
795 991 877 1025 ani-

165 1048 220 1082 mi
238 1060 256 1082 a
278 1048 391 1083 novis
419 1047 462 1082 in
478 1047 587 1083 Latio
610 1045 767 1083 sedibus
783 1050 880 1085 Tro-

164 1105 275 1150 janos
299 1103 527 1154 prohibent.

224 1163 273 1198 In
295 1163 433 1198 Latino
456 1169 586 1198 tamen
613 1162 736 1199 multa
756 1170 848 1199 sunt
866 1190 876 1209 ,

165 1232 253 1269 quae
265 1232 471 1269 personam
488 1220 638 1269 epicam
651 1219 877 1269 dedeceant.

167 1281 289 1315 Recte
307 1277 384 1314 hoc
403 1286 631 1314 moneretur
644 1306 654 1324 ‚
679 1279 711 1314 si
731 1278 881 1329 epicam

167 1335 233 1373 ille
246 1365 256 1382 ‚
271 1348 388 1385 quam
404 1335 546 1372 volunt
556 1363 566 1381 ‚
580 1349 786 1385 personam
798 1349 881 1372 sus-

169 1394 334 1438 tineret,
354 1392 430 1429 hoc
456 1401 535 1438 est,
561 1394 593 1429 si
619 1394 662 1430 in
687 1394 763 1431 hoc
794 1406 881 1444 rege

169 1463 320 1486 summa
358 1463 491 1486 rerum
534 1459 767 1489 verteretur.
802 1453 884 1489 Nec

171 1521 265 1543 vero
292 1509 462 1544 eminere
496 1521 587 1544 eum
622 1523 692 1559 par
722 1518 824 1553 erat,
850 1510 883 1544 si

172 1566 331 1601 Turnus
364 1566 406 1601 in
437 1565 610 1602 medium
649 1575 730 1603 erat
763 1565 882 1602 abdu-

174 1621 340 1668 cendus,
361 1624 472 1672 isque
500 1635 591 1659 cum
627 1627 746 1660 AEnea
778 1636 882 1660 com-

173 1679 367 1728 parandus
389 1691 397 1716 :
423 1688 490 1716 aut
512 1682 617 1717 enim
647 1681 728 1717 duo
757 1681 882 1717 futuri

172 1746 282 1773 erant
304 1738 454 1782 Turni,
473 1746 540 1774 aut
566 1739 793 1789 simplicitas
819 1751 880 1774 ac-

173 1794 291 1831 tionis
314 1802 352 1830 et
382 1798 603 1844 argumenti
625 1798 754 1833 unitas
773 1795 880 1832 dese-

173 1851 306 1891 renda.
336 1851 629 1890 Adumbratum
647 1863 703 1891 est
720 1855 762 1890 in
782 1854 883 1891 Lati-

173 1922 226 1946 no
260 1919 435 1948 veterum
464 1923 600 1961 regum
631 1912 880 1961 exemplum,

173 1981 341 2017 quornm
353 1969 420 2005 vix
433 1968 505 2005 alia
517 1971 725 2006 auctoritas
736 1997 747 2015 ‚
767 1982 885 2019 quam

174 2034 220 2061 ut
242 2027 496 2063 consiliorum
519 2027 658 2077 populi
686 2027 886 2078 principes

174 2082 345 2134 bellique
383 2083 501 2121 duces
546 2093 685 2122 essent.
726 2085 885 2121 Latinus

173 2142 303 2190 itaque
325 2155 408 2179 non
431 2141 548 2178 audet
572 2142 722 2178 bellum
747 2155 884 2193 geren·

173 2197 266 2234 dum
286 2198 501 2236 detrectare
514 2227 524 2246 ‚
544 2199 800 2249 poscentibus
816 2212 885 2249 po-

171 2255 275 2303 pulis
296 2268 306 2293 :
329 2256 399 2294 lib.
418 2258 520 2304 VII,
544 2257 621 2307 591
644 2271 728 2307 sqq,
747 2259 884 2306 Quum

173 2321 303 2349 autem
325 2316 464 2351 Turno
486 2328 638 2351 summa
665 2314 760 2352 belli
786 2323 885 2351 esset

173 2370 414 2417 mandanda,
438 2373 597 2408 Latinus
620 2372 732 2409 annis
758 2373 884 2422 gravis

173 2440 193 2462 a
223 2440 355 2463 rerum
383 2436 472 2465 actu
498 2438 580 2466 erat
608 2428 882 2467 removendus.

173 2485 310 2534 Itaque
338 2487 496 2522 Turnus
520 2488 650 2536 copias
679 2488 805 2538 cogit,
824 2499 885 2538 ag-

174 2554 264 2578 men
284 2540 417 2586 ducit‚
445 2550 484 2578 et
516 2543 564 2578 ad
587 2545 670 2590 ejus
699 2543 883 2581 volunta-

174 2606 252 2635 tem
283 2599 326 2635 in
359 2599 442 2648 ipsa
473 2599 571 2636 urbe
604 2613 718 2637 novae
759 2602 882 2651 copiae

173 2655 479 2692 conscribuntur
494 2655 652 2693 lib.VII
668 2685 678 2703 ‚
695 2658 770 2705 367
795 2671 879 2708 sqq.

171 2714 297 2751 'rami
323 2721 453 2749 autem
481 2712 594 2750 ferox
612 2715 811 2765 ingenium
835 2728 880 2752 ac

171 2769 358 2807 violentia
384 2770 510 2807 multo
541 2772 662 2820 magis
695 2771 880 2810 elucescit

171 2838 260 2865 eum
272 2828 400 2867 Latini
411 2829 496 2866 miti
508 2840 550 2866 ac
563 2836 762 2866 mansueta
774 2841 879 2869 men-

792 168 1030 207 AENEIDOS

939 251 976 280 te
1007 249 1243 292 comparata.
1275 239 1351 280 Sed
1378 240 1461 290 ipse
1491 242 1648 278 Turnus

937 301 1028 350 plus
1055 300 1226 337 audaciae
1249 312 1293 336 ac
1318 298 1463 336 vividae
1493 300 1650 336 virtutis

938 357 1076 405 habet,
1099 371 1216 408 quam
1242 360 1394 395 AEneas.
1424 359 1547 394 Recte
1575 358 1651 394 uti-

940 428 1039 464 que,
1076 428 1126 452 ne
1155 415 1237 453 duo
1266 422 1393 452 essent
1424 417 1568 452 AEneae.
1601 416 1651 452 Et

942 471 1082 522 dignus
1122 482 1204 510 erat·
1239 472 1481 510 adversarius
1521 474 1653 509 AEneae

942 529 1203 577 objiciendus.
1238 531 1374 580 Quum
1399 538 1529 567 autem
1557 529 1652 566 huic

941 587 1059 623 semel
1092 594 1191 623 esset
1221 586 1369 624 tributa
1404 588 1531 624 virtus
1561 600 1652 624 cum

941 643 1152 694 prudentia
1179 652 1219 681 et
1257 645 1472 681 constantia
1506 646 1648 691 animi,

942 702 1065 752 quam·
1080 714 1140 738 res
1163 701 1333 738 adversae
1356 710 1396 738 et
1409 714 1542 742 rerum
1558 715 1653 740 usus

943 769 982 797 et
1004 760 1246 811 experientia
1269 758 1406 796 afferre
1434 759 1533 796 solet
1547 773 1558 807 ;
1573 762 1654 798 vio-

942 819 1047 856 lenta
1072 817 1138 853 illa
1167 824 1206 854 et
1233 817 1434 854 temeraria
1462 816 1654 855 fortitudo

943 878 986 913 in
1014 879 1175 914 AEneam
1201 888 1285 913 non
1312 873 1494 920 cadebat,
1516 876 1656 912 Turno

943 934 1115 983 relinqui
1126 941 1292 983 poterat.
1309 933 1460 970 Annon
1470 933 1654 979 Laviniae,

945 993 978 1028 si
988 990 1160 1028 liberum
1178 999 1261 1029 erat
1276 989 1418 1041 puellae
1434 989 1653 1037 arbitrium,

944 1048 1213 1100 praeferendus
1268 1048 1402 1085 fuisset
1460 1049 1620 1085 Turnus
1644 1059 1655 1085 ;

944 1107 1108 1157 quaestio
1136 1114 1193 1143 est
1222 1119 1273 1143 ex
1308 1106 1450 1143 nostris
1477 1105 1656 1142 moribus

944 1164 1187 1216 ingeniisque
1203 1165 1322 1213 petita
1335 1190 1346 1209 ‚
1363 1175 1447 1199 non
1465 1175 1515 1199 ex
1530 1162 1657 1200 heroi-

946 1235 999 1260 cae
1015 1222 1106 1258 vitae
1117 1221 1379 1258 severioribus
1390 1221 1433 1256 in
1444 1219 1657 1257 femineum

947 1292 1085 1317 sexum
1104 1280 1309 1316 institutis.
1338 1279 1422 1316 Nec
1442 1290 1537 1315 vero
1555 1279 1658 1315 Lati-

947 1352 1001 1376 no
1021 1336 1253 1387 displicebat
1269 1339 1429 1374 Turnus
1442 1362 1452 1382 ,
1469 1335 1659 1386 probatus

948 1408 1108 1446 quoque
1142 1395 1285 1431 eximie
1308 1392 1372 1445 (v.
1406 1406 1441 1431 c.
1470 1395 1575 1440 XII,
1609 1406 1657 1443 19

949 1467 1032 1504 sqq.
1048 1452 1084 1503 );
1102 1452 1293 1502 prodigiis
1330 1458 1481 1488 tantum
1513 1459 1551 1487 et
1573 1464 1658 1489 mo-

949 1512 1042 1547 nitis
1063 1509 1227 1547 deorum
1246 1518 1454 1546 externum
1471 1521 1659 1560 generum

947 1568 1023 1604 sibi
1042 1566 1308 1604 asciscendum
1328 1578 1409 1602 esse
1424 1566 1584 1603 Latinus
1602 1567 1659 1603 in-

948 1625 1164 1662 tellexerat.

1005 1685 1172 1719 Potuere
1189 1683 1326 1732 utique
1337 1694 1417 1718 esse
1427 1682 1470 1718 in
1482 1681 1655 1728 AEneide‚

948 1752 1036 1790 quae
1053 1741 1183 1776 minus
1206 1753 1246 1776 se
1274 1739 1488 1789 probarent
1510 1740 1654 1785 Vario,

947 1794 1111 1843 Tuccae‘,
1129 1798 1338 1834 Maecenati
1362 1796 1425 1833 vel
1447 1798 1628 1848 Augusto
1648 1810 1658 1835 ;

949 1863 1043 1891 sunt
1061 1867 1222 1904 quoque
1240 1855 1382 1904 passim
1399 1862 1532 1891 notata
1548 1867 1569 1891 a
1587 1868 1659 1892 no-

950 1912 1011 1949 bis
1040 1911 1256 1957 nonnulla,
1288 1912 1468 1962 inprimis
1498 1912 1541 1948 in
1570 1911 1659 1950 deo-

951 1983 1039 2006 rum
1063 1970 1311 2015 ministeriis,
1340 1981 1480 2020 parum
1505 1968 1658 2006 subtili-

951 2036 1010 2064 ter
1032 2027 1178 2078 digesta
1193 2054 1203 2073 ,
1222 2026 1316 2073 alia,
1334 2027 1515 2077 inprimis
1531 2027 1573 2064 in
1584 2040 1660 2064 ser-

951 2085 1136 2122 monibus
1150 2113 1160 2131 ,
1180 2084 1403 2121 rhetorum‘
1417 2085 1577 2135 argutiis
1601 2085 1659 2122 in-

951 2144 1109 2193 quinata
1121 2170 1131 2188 ‚
1149 2155 1238 2192 quae
1250 2141 1455 2192 displicere
1470 2150 1657 2191 possunt:

950 2200 1018 2238 sed
1048 2200 1133 2237 haec
1169 2198 1369 2250 profecto,
1405 2211 1494 2249 quae
1534 2199 1658 2236 nostri

951 2259 1024 2295 aevi
1054 2258 1180 2294 critici
1205 2254 1526 2307 reprehendenda
1550 2262 1658 2305 puta-

950 2323 1068 2361 runt,
1087 2316 1160 2351 ista
1193 2323 1304 2351 aetate
1338 2315 1406 2351 vix
1435 2315 1478 2351 in
1506 2313 1657 2362 vitupe-

949 2374 1053 2409 rium
1072 2380 1286 2417 venerunt3
1300 2384 1373 2408 nec
1385 2371 1547 2409 omnino
1566 2382 1656 2406 cum

950 2439 1100 2468 naturae
1123 2430 1367 2479 simplicitate
1386 2436 1424 2464 et
1437 2427 1658 2477 integritate

952 2488 1163 2535 conjuncta
1175 2515 1186 2531 ,
1214 2498 1352 2523 verum
1371 2497 1421 2521 ex
1439 2492 1584 2520 nostrae
1600 2485 1656 2520 vi-

950 2554 999 2582 tae
1033 2543 1186 2581 fastidio
1223 2551 1262 2579 et
1297 2539 1500 2578 stomacho
1538 2540 1655 2578 ducta

948 2609 1053 2639 sunt.
1070 2602 1110 2639 Si
1128 2613 1197 2637 sex
1214 2599 1450 2649 posteriores
1468 2597 1562 2634 libri
1573 2611 1655 2636 non

948 2671 1058 2708 aeque
1073 2657 1331 2694 delectatione
1354 2662 1487 2692 tenent
1504 2657 1654 2694 animos

946 2727 1096 2766 mag-nae
1114 2715 1304 2751 lectorum
1323 2713 1443 2763 partis
1456 2739 1466 2758 ‚
1488 2725 1531 2749 ac
1547 2714 1655 2763 prio·

945 2786 1030 2818 res3
1052 2783 1203 2809 caussas
1221 2772 1304 2818 ejus
1327 2770 1383 2806 rei
1410 2768 1521 2808 facile
1540 2771 1653 2821 equi-

945 2828 1033 2867 dem
1070 2840 1274 2880 assequor;
1313 2827 1462 2866 scilicet
1479 2854 1490 2876 ‚
1520 2835 1568 2865 ut
1602 2840 1654 2865 ne
