1767 3054
125 125 204 171 348

756 125 997 162 AENEIDOS

120 198 383 245 Extuderat
409 217 417 243 :
446 207 583 243 castae
608 195 844 242 ducebant
869 212 1001 242 sacra
1022 212 1108 258 per
1134 195 1301 241 urbem
1559 205 1621 235 665

121 273 311 318 Pilentis
338 283 510 318 matres
537 272 586 316 in
612 270 846 316 mollib'us.
873 271 995 316 Hinc
1018 271 1185 332 procul
1209 269 1341 315 addit

119 351 367 394 Tartareas
392 348 533 393 etiam
558 346 715 402 sedes,
743 346 835 389 alta
863 346 983 390 ostia
1006 346 1152 403 Ditis;

121 426 180 469 Et
203 425 430 470 scelerum
457 438 620 483 poenas
634 430 724 478 gxet
748 431 812 477 te,
841 420 1063 477 Catilina,
1088 421 1260 465 minaci

123 498 408 544 Pendentem
435 496 652 557 scopulo,
676 494 1024 556 Furiarumque
1051 510 1136 540 ora
1157 506 1458 559 trementem3

125 575 434 633 Secretosque
455 570 559 633 pios
586 588 594 615 :
619 569 693 615 his
715 569 905 615 dantem
921 570 1032 632 jura
1056 572 1294 616 Catonem.
1561 581 1623 621 670

122 751 320 800 proprius.
353 772 410 778 --
435 750 516 787 665
524 779 532 787 .
582 749 840 785 Excuderanc

122 810 238 845 Rom.
269 808 488 843 Extulerat
517 806 669 856 aliquot
700 808 837 845 Heius.

123 878 214 901 cum
245 865 366 902 Goth.
410 873 498 901 tert.
531 864 765 900 Excuderac
801 873 839 900 et

124 921 330 958 exciderat
347 922 425 958 alii.
446 920 522 959 Sed
539 921 758 957 extundere
775 935 838 957 ex-

122 980 304 1028 quisitius
325 988 381 1015 est
407 978 511 1014 idem
531 978 644 1028 quod
674 979 842 1014 excude-

125 1049 188 1080 re,
211 1049 284 1072 nec
304 1035 423 1073 modo
442 1036 489 1072 de
514 1049 632 1086 opere
653 1036 842 1072 eminenti

125 1102 162 1129 et
179 1094 418 1144 anaglypho,
431 1093 498 1129 sed
511 1094 641 1142 simpl.
656 1093 704 1128 de
716 1092 844 1141 sculp-

124 1159 223 1188 tura.
244 1154 347 1188 Tum
375 1160 413 1187 et
429 1153 593 1187 omnino
612 1163 620 1188 :
642 1150 820 1200 proferre
833 1178 842 1195 ,

124 1209 329 1254 invenire,
361 1217 405 1245 ut
442 1209 513 1246 Ge.
553 1210 571 1243 I
586 1235 596 1253 ,
633 1209 840 1256 13331V‚

130 1267 210 1303 315
235 1288 292 1294 —
317 1266 412 1303 328.

184 1324 267 1360 666
281 1346 337 1351 ——
348 1325 396 1370 67
406 1336 444 1360 o.
457 1326 575 1360 Poeta
588 1322 745 1358 videtur
757 1336 847 1372 pro-

127 1382 284 1417 cessisse
303 1395 322 1417 a
340 1381 507 1418 consilio
527 1380 744 1416 exhibendi
763 1379 845 1417 duo

125 1442 325 1476 Romanos
339 1467 348 1484 ,
363 1439 529 1475 alterum
547 1438 739 1474 libertatis
756 1451 846 1488 pro-

124 1505 387 1545 pugnatorem
423 1497 658 1531 acerrimum
677 1523 687 1539 ,
727 1497 842 1533 Cato-

124 1565 215 1588 nem
247 1554 497 1591 Uticensem:
520 1553 685 1588 alterum
717 1553 843 1587 civem

124 1609 430 1659 perditissimum
441 1637 451 1654 ‚
467 1609 674 1646 Catilinam
685 1637 693 1653 ,
707 1611 844 1658 patriae

123 1666 278 1704 hostem
310 1676 349 1703 et
380 1666 655 1716 perduellem:
679 1665 845 1717 dignita-

126 1733 204 1760 tem
227 1724 419 1773 exemplis
448 1723 587 1760 addere
614 1723 768 1760 studuit
795 1738 846 1760 ex

126 1783 172 1818 iis
187 1810 197 1826 ‚
220 1794 307 1831 qnae
327 1782 370 1816 in
385 1781 521 1817 inferis
537 1789 752 1829 utrumque
769 1795 846 1818 ma—

126 1847 224 1875 nent
245 1847 283 1875 et
302 1839 520 1887 excipiunt.
541 1839 622 1874 Etsi
643 1839 770 1875 alieno
787 1839 848 1875 lo-

128 1909 175 1933 co
207 1897 362 1932 intrusa
396 1905 534 1944 putem
567 1896 656 1932 loca
687 1896 814 1932 infera
833 1924 843 1941 ‚

124 1953 311 2004 praeclare
330 1966 374 1989 ea
393 1961 526 1989 tamen
542 1954 711 1990 ornavit.
734 1954 848 1990 Cato-

127 2024 218 2047 nem
231 2010 314 2060 piis
337 2009 431 2060 jura
455 2011 637 2054 dantem,
661 2020 847 2060 tanquam

126 2069 294 2105 alterum
335 2069 516 2105 Minoem
535 2096 545 2114 ,
585 2068 647 2104 vel
692 2068 849 2105 Rhada-

129 2126 336 2163 manthum
351 2153 360 2170 ‚
379 2128 469 2175 quis
485 2139 569 2162 non
585 2128 748 2162 mix-atus
768 2128 848 2163 est?

129 2186 214 2220 Pro.
232 2182 409 2220 Catilina
433 2192 545 2220 erant
567 2183 677 2220 haud
698 2183 821 2220 dubie
836 2213 846 2230 ‚

129 2254 228 2289 quos
246 2241 357 2277 malis
387 2241 585 2290 supplicio
604 2240 767 2278 affectos
790 2243 848 2277 vi-

130 2297 221 2334 dere
237 2312 246 2342 ;
268 2298 336 2334 sed
354 2311 495 2347 parum
515 2298 734 2348 prudenter
747 2327 757 2345 ,
781 2301 851 2335 mi-

130 2367 283 2403 nusque
300 2355 443 2392 decore
460 2365 578 2404 poeta
595 2358 770 2392 Marium
786 2356 849 2393 vel

132 2411 279 2448 Sullam
294 2440 303 2456 ‚
341 2413 509 2449 Cinnam
554 2414 724 2450 aliumve
738 2443 747 2460 ‚
780 2415 850 2463 qui

131 2468 418 2518 rempublicam
459 2480 674 2517 everterat,
719 2473 849 2508 nomi-

132 2534 261 2561 nasset
282 2538 290 2562 :
314 2535 451 2561 contra
471 2530 512 2564 in
539 2529 706 2566 Catilina
726 2529 849 2565 scelus

132 2583 384 2618 manifestum
413 2592 451 2619 et
482 2586 717 2623 confessum.
749 2589 851 2623 Pen-

135 2639 296 2676 dentem
326 2641 508 2689 scopulo,
544 2651 643 2691 puto
667 2652 851 2693 tanquam

137 2697 308 2747 equuleo
326 2696 542 2734 distentum
563 2712 572 2736 ε
593 2709 712 2736 tracta
731 2703 788 2737 rei
806 2701 856 2737 fa-

141 2756 200 2791 cie
229 2767 249 2791 a
285 2755 521 2793 Prometheo
553 2759 645 2805 rupi
675 2757 853 2808 alligat03

906 762 980 799 pro
1007 748 1166 785 vulture
1183 747 1313 786 Furiae
1337 746 1530 796 adsident.
1552 748 1627 785 Mi-

907 820 1049 843 naeem
1085 807 1288 855 scopulum
1323 814 1508 857 tanquam
1545 807 1628 842 rui-

906 873 1056 908 turum,
1075 871 1114 899 et
1135 864 1252 899 ruina
1267 875 1359 899 eum
1375 876 1446 900 sua
1465 875 1627 913 oppres-

905 933 1055 956 surum.
1077 919 1284 956 Furiarum
1296 932 1367 956 ora
1379 928 1625 964 trementem,

908 986 954 1013 ut
986 977 1047 1012 de·
1058 977 1224 1014 Tantalo
1245 989 1254 1014 :
1277 979 1429 1014 Lucem
1445 977 1626 1029 geniali-

909 1034 978 1069 bus
1001 1033 1094 1070 altis
1117 1036 1255 1071 Aurea
1260 1033 1401 1085 fitlera
1417 1034 1510 1072 toris
1518 1050 1535 1080 ;
1552 1037 1628 1071 Fu-

910 1091 1058 1128 riarum
1082 1092 1267 1128 maxima
1285 1092 1412 1143 juxta
1435 1093 1623 1137 accubat,

911 1149 1186 1200 Exsurgz'tque
1227 1148 1370 1201 facem
1411 1151 1623 1195 attollens,

911 1216 1032 1257 atque
1045 1207 1206 1244 intonat
1219 1220 1287 1244 ore
1300 1221 1314 1244 .·
1326 1221 1414 1258 sup.
1428 1211 1488 1246 VI
1501 1236 1511 1254 ,
1529 1208 1627 1254 605,

913 1266 996 1302 606
1011 1293 1021 1311 ,
1058 1266 1137 1313 607
1151 1294 1162 1312 ‚
1194 1265 1291 1302 adde
1324 1266 1372 1312 57
1388 1279 1420 1304 1.
1453 1268 1628 1302 Dantem

908 1323 1000 1373 jura
1013 1352 1022 1366 ‚
1056 1323 1230 1370 judicem
1263 1325 1524 1360 constitutum
1541 1352 1551 1370 ‚
1583 1332 1630 1360 ut

912 1382 1077 1417 alterum
1126 1380 1468 1419 Rhadamanthum
1484 1409 1494 1427 ,
1542 1383 1602 1418 VI
1617 1409 1627 1426 ‚

915 1439 1010 1476 566.
1027 1441 1086 1476 De
1117 1440 1267 1476 Catone
1293 1438 1465 1476 Uticensi
1481 1439 1564 1490 agi,
1584 1438 1630 1476 li-

910 1497 1078 1546 quidum
1096 1505 1155 1533 est
1169 1510 1178 1542 3
1194 1497 1257 1533 vel
1280 1510 1332 1534 ex
1355 1497 1540 1547 opposito
1562 1497 1631 1534 Ca-

910 1554 1021 1590 tilina
1041 1565 1050 1591 :
1069 1554 1166 1590 alter
1183 1555 1428 1605 oppugnavit
1438 1554 1627 1604 patriam3

911 1611 1008 1647 alter
1018 1610 1241 1647 libertatem
1248 1624 1378 1661 propu
1384 1612 1531 1660 gnavit.
1544 1612 1629 1649 Nee

910 1681 1006 1704 vero
1027 1667 1126 1704 alius
1139 1695 1149 1713 ‚
1179 1681 1298 1717 quam
1316 1668 1366 1704 ad
1384 1669 1468 1715 ejus
1490 1669 1632 1704 severi-

910 1734 1028 1762 tatem
1042 1753 1051 1770 ,
1068 1733 1266 1776 respectus
1277 1724 1436 1762 habitus
1448 1725 1606 1762 videtur
1617 1739 1627 1771 ;

910 1796 993 1833 quo
1019 1784 1141 1833 magis
1166 1795 1268 1819 vana
1296 1791 1354 1819 est
1384 1783 1508 1820 Servii
1535 1783 1630 1820 alio—

912 1852 1081 1888 rumque
1102 1839 1300 1876 dubitatio
1320 1841 1562 1886 verentium,
1581 1854 1631 1877 ne

914 1899 1032 1946 Augu
1038 1904 1098 1932 sto
1111 1896 1272 1933 Catonis
1287 1897 1476 1933 memoria
1490 1910 1632 1947 parum

912 1963 1018 2005 grata
1042 1966 1123 1989 esse
1147 1953 1343 1992 debuerit.
1369 1953 1444 1991 Sed
1468 1953 1547 1992 hoc
1569 1967 1631 1992 re-

913 2012 1048 2049 fellere
1062 2011 1142 2057 jam
1153 2011 1218 2047 alii
1229 2010 1469 2063 studuerunt
1479 2039 1489 2057 ‚
1508 2013 1632 2062 inpri-

914 2071 988 2106 mis
1008 2068 1057 2104 ad
1075 2070 1214 2106 Horat.
1240 2070 1259 2105 I
1288 2070 1418 2107 Carm.
1450 2082 1498 2105 12
1514 2098 1525 2116 ,
1551 2071 1625 2115 35;

915 2126 1014 2163 adde
1042 2127 1146 2164 Diss.
1182 2127 1261 2163 viri
1287 2126 1397 2163 docti
1420 2125 1560 2178 (Bou)
1587 2127 1632 2163 in

914 2185 1096 2234 Basnagii
1121 2182 1221 2221 Hisc.
1250 2183 1320 2221 des
1341 2186 1542 2236 Ouvrages
1563 2183 1633 2220 des

917 2244 1007 2279 Sav.
1032 2255 1047 2277 1
1059 2242 1138 2288 708
1149 2269 1160 2288 ,
1176 2254 1215 2291 p.
1240 2253 1316 2280 102
1330 2270 1341 2289 ‚
1357 2243 1400 2278 in
1413 2254 1490 2291 qua
1501 2249 1632 2278 tamen

915 2312 1042 2349 pauca
1064 2300 1234 2349 reperias
1247 2326 1257 2345 ‚
1272 2312 1359 2349 quae
1375 2299 1541 2346 alicujus
1552 2311 1636 2335 mo-

915 2357 1040 2394 menti
1059 2357 1151 2395 sint.
1182 2357 1238 2394 At
1258 2358 1384 2407 possis
1400 2357 1445 2392 in
1461 2355 1532 2392 illo
1553 2355 1633 2392 hae-

915 2428 1002 2451 rere
1016 2442 1026 2460 ‚
1065 2414 1176 2464 quod
1214 2415 1406 2452 Catonem
1418 2440 1429 2458 ,
1457 2413 1526 2462 qui
1556 2412 1634 2449 sibi

915 2473 992 2522 ipsi
1008 2484 1148 2508 manus
1164 2471 1321 2516 intulit,
1335 2483 1442 2506 nunc
1459 2471 1503 2506 in
1521 2470 1631 2508 Cam-

915 2531 976 2579 pis
992 2531 1153 2579 piorum
1167 2529 1300 2565 locum
1312 2526 1457 2563 hahere
1472 2526 1610 2574 jubeat
1622 2556 1633 2574 ‚

918 2599 1044 2637 quum
1064 2598 1152 2635 sup.
1169 2587 1228 2621 VI
1243 2611 1253 2630 ‚
1274 2585 1356 2629 434
1378 2597 1435 2633 sq.
1458 2597 1545 2631 eos,
1566 2584 1637 2635 qui

918 2643 992 2680 sibi
1006 2643 1125 2679 letum
1146 2644 1329 2678 Insonces
1339 2655 1531 2692 peperere
1551 2655 1636 2679 ma-

921 2714 993 2745 nu,
1022 2699 1098 2735 alio
1127 2699 1242 2744 loco,
1267 2700 1310 2735 in
1336 2700 1463 2749 prima
1481 2699 1636 2737 Infero-

920 2771 1009 2796 rum
1026 2756 1200 2807 regione,
1215 2757 1476 2795 constituerit.
1486 2760 1638 2796 Verum
