<?xml version="1.0" encoding="UTF-8"?>
<!DOCTYPE html PUBLIC "-//W3C//DTD XHTML 1.0 Transitional//EN"
    "http://www.w3.org/TR/xhtml1/DTD/xhtml1-transitional.dtd">
<html xmlns="http://www.w3.org/1999/xhtml" xml:lang="en" lang="en">
 <head>
  <title>
</title>
<meta http-equiv="Content-Type" content="text/html;charset=utf-8" />
  <meta name='ocr-system' content='tesseract 3.04.00' />
  <meta name='ocr-capabilities' content='ocr_page ocr_carea ocr_par ocr_line ocrx_word'/>
</head>
<body>
  <div class='ocr_page' id='page_1' title='image "./operahey03virguoft_0070.png"; bbox 0 0 1767 3054; ppageno 0'>
   <div class='ocr_carea' id='block_1_1' title="bbox 167 130 220 164">
    <p class='ocr_par' dir='ltr' id='par_1_1' title="bbox 167 130 220 164">
     <span class='ocr_line' id='line_1_1' title="bbox 167 130 220 164; baseline 0 0"><span class='ocrx_word' id='word_1_1' title='bbox 167 130 220 164; x_wconf 88' lang='grc'><strong>60</strong></span> 
     </span>
    </p>
   </div>
   <div class='ocr_carea' id='block_1_2' title="bbox 795 128 1039 165">
    <p class='ocr_par' dir='ltr' id='par_1_2' title="bbox 795 128 1039 165">
     <span class='ocr_line' id='line_1_2' title="bbox 795 128 1039 165; baseline 0 -1"><span class='ocrx_word' id='word_1_2' title='bbox 795 128 1039 165; x_wconf 68' lang='lat' dir='ltr'>AENEIDOS</span> 
     </span>
    </p>
   </div>
   <div class='ocr_carea' id='block_1_3' title="bbox 162 198 1356 263">
    <p class='ocr_par' dir='ltr' id='par_1_3' title="bbox 162 198 1356 263">
     <span class='ocr_line' id='line_1_3' title="bbox 162 198 1356 263; baseline 0.003 -19"><span class='ocrx_word' id='word_1_3' title='bbox 162 201 248 245; x_wconf 87' lang='lat' dir='ltr'>Illa</span> <span class='ocrx_word' id='word_1_4' title='bbox 272 199 399 245; x_wconf 67' lang='lat' dir='ltr'>&#39;viam</span> <span class='ocrx_word' id='word_1_5' title='bbox 421 199 630 246; x_wconf 88' lang='lat' dir='ltr'>celerans</span> <span class='ocrx_word' id='word_1_6' title='bbox 655 215 743 263; x_wconf 87' lang='lat' dir='ltr'>per</span> <span class='ocrx_word' id='word_1_7' title='bbox 763 200 889 245; x_wconf 88' lang='lat' dir='ltr'>mille</span> <span class='ocrx_word' id='word_1_8' title='bbox 910 198 1150 246; x_wconf 89' lang='lat' dir='ltr'>coloribus</span> <span class='ocrx_word' id='word_1_9' title='bbox 1173 217 1356 260; x_wconf 84' lang='lat' dir='ltr'>arcum,</span> 
     </span>
    </p>
   </div>
   <div class='ocr_carea' id='block_1_4' title="bbox 160 275 1163 338">
    <p class='ocr_par' dir='ltr' id='par_1_4' title="bbox 160 275 1163 338">
     <span class='ocr_line' id='line_1_4' title="bbox 160 275 1163 338; baseline 0.002 -18"><span class='ocrx_word' id='word_1_10' title='bbox 160 275 291 320; x_wconf 85' lang='lat' dir='ltr'>Nulli</span> <span class='ocrx_word' id='word_1_11' title='bbox 312 275 435 334; x_wconf 80' lang='lat' dir='ltr'>visa,</span> <span class='ocrx_word' id='word_1_12' title='bbox 457 275 551 322; x_wconf 91' lang='lat' dir='ltr'>cito</span> <span class='ocrx_word' id='word_1_13' title='bbox 575 275 785 322; x_wconf 80' lang='lat' dir='ltr'>decurrit</span> <span class='ocrx_word' id='word_1_14' title='bbox 807 276 995 321; x_wconf 81' lang='lat' dir='ltr'><strong>tramite</strong></span> <span class='ocrx_word' id='word_1_15' title='bbox 1013 277 1163 338; x_wconf 79' lang='lat' dir='ltr'>virgo.</span> 
     </span>
    </p>
   </div>
   <div class='ocr_carea' id='block_1_5' title="bbox 1597 292 1658 322">
    <p class='ocr_par' dir='ltr' id='par_1_5' title="bbox 1597 292 1658 322">
     <span class='ocr_line' id='line_1_5' title="bbox 1597 292 1658 322; baseline 0 0"><span class='ocrx_word' id='word_1_16' title='bbox 1597 292 1658 322; x_wconf 86' lang='lat'>610</span> 
     </span>
    </p>
   </div>
   <div class='ocr_carea' id='block_1_6' title="bbox 154 350 1491 639">
    <p class='ocr_par' dir='ltr' id='par_1_6' title="bbox 158 350 1442 488">
     <span class='ocr_line' id='line_1_6' title="bbox 160 350 1442 413; baseline 0.003 -19"><span class='ocrx_word' id='word_1_17' title='bbox 160 350 404 413; x_wconf 89' lang='lat' dir='ltr'>Conspicit</span> <span class='ocrx_word' id='word_1_18' title='bbox 432 352 668 413; x_wconf 79' lang='lat' dir='ltr'>ingentem</span> <span class='ocrx_word' id='word_1_19' title='bbox 694 365 996 408; x_wconf 85' lang='lat' dir='ltr'>concursum,</span> <span class='ocrx_word' id='word_1_20' title='bbox 1024 361 1070 396; x_wconf 89' lang='lat' dir='ltr'>et</span> <span class='ocrx_word' id='word_1_21' title='bbox 1093 351 1232 397; x_wconf 86' lang='lat' dir='ltr'>litora</span> <span class='ocrx_word' id='word_1_22' title='bbox 1254 351 1442 410; x_wconf 83' lang='lat' dir='ltr'>lustrat,</span> 
     </span>
     <span class='ocr_line' id='line_1_7' title="bbox 158 425 1381 488; baseline 0.002 -17"><span class='ocrx_word' id='word_1_23' title='bbox 158 429 478 488; x_wconf 88' lang='lat' dir='ltr'>Desertosque</span> <span class='ocrx_word' id='word_1_24' title='bbox 500 426 630 471; x_wconf 74' lang='lat' dir='ltr'>videt</span> <span class='ocrx_word' id='word_1_25' title='bbox 652 438 818 488; x_wconf 87' lang='lat' dir='ltr'>portus</span> <span class='ocrx_word' id='word_1_26' title='bbox 844 425 1131 487; x_wconf 85' lang='lat' dir='ltr'>classemque</span> <span class='ocrx_word' id='word_1_27' title='bbox 1158 426 1381 474; x_wconf 88' lang='lat' dir='ltr'>relictam.</span> 
     </span>
    </p>

    <p class='ocr_par' dir='ltr' id='par_1_7' title="bbox 156 500 1168 563">
     <span class='ocr_line' id='line_1_8' title="bbox 156 500 1168 563; baseline 0.002 -18"><span class='ocrx_word' id='word_1_28' title='bbox 156 504 218 545; x_wconf 88' lang='lat' dir='ltr'>At</span> <span class='ocrx_word' id='word_1_29' title='bbox 241 502 407 563; x_wconf 89' lang='lat' dir='ltr'>procul</span> <span class='ocrx_word' id='word_1_30' title='bbox 434 503 481 545; x_wconf 89' lang='lat' dir='ltr'>in</span> <span class='ocrx_word' id='word_1_31' title='bbox 507 501 605 546; x_wconf 87' lang='lat' dir='ltr'>sola</span> <span class='ocrx_word' id='word_1_32' title='bbox 625 512 817 547; x_wconf 81' lang='lat' dir='ltr'>secretae</span> <span class='ocrx_word' id='word_1_33' title='bbox 837 500 1047 547; x_wconf 88' lang='lat' dir='ltr'>Troades</span> <span class='ocrx_word' id='word_1_34' title='bbox 1066 513 1168 547; x_wconf 91' lang='lat' dir='ltr'>acta</span> 
     </span>
    </p>

    <p class='ocr_par' dir='ltr' id='par_1_8' title="bbox 154 575 1491 639">
     <span class='ocr_line' id='line_1_9' title="bbox 154 575 1491 639; baseline 0.004 -19"><span class='ocrx_word' id='word_1_35' title='bbox 154 577 391 622; x_wconf 78' lang='lat' dir='ltr'>Amissum</span> <span class='ocrx_word' id='word_1_36' title='bbox 417 575 654 622; x_wconf 83' lang='lat' dir='ltr'>Anchisen</span> <span class='ocrx_word' id='word_1_37' title='bbox 679 575 877 634; x_wconf 89' lang='lat' dir='ltr'>flebant,</span> <span class='ocrx_word' id='word_1_38' title='bbox 903 586 1177 638; x_wconf 88' lang='lat' dir='ltr'>cunctaeque</span> <span class='ocrx_word' id='word_1_39' title='bbox 1202 577 1491 639; x_wconf 86' lang='lat' dir='ltr'>profundum</span> 
     </span>
    </p>
   </div>
   <div class='ocr_carea' id='block_1_7' title="bbox 152 649 1487 712">
    <p class='ocr_par' dir='ltr' id='par_1_9' title="bbox 152 649 1487 712">
     <span class='ocr_line' id='line_1_10' title="bbox 152 649 1487 712; baseline 0.005 -19"><span class='ocrx_word' id='word_1_40' title='bbox 152 652 353 694; x_wconf 87' lang='lat' dir='ltr'>Pontum</span> <span class='ocrx_word' id='word_1_41' title='bbox 374 649 711 712; x_wconf 80' lang='lat' dir='ltr'>adspectabant</span> <span class='ocrx_word' id='word_1_42' title='bbox 735 650 912 696; x_wconf 90' lang='lat' dir='ltr'>flentes.</span> <span class='ocrx_word' id='word_1_43' title='bbox 936 653 1077 696; x_wconf 86' lang='lat' dir='ltr'>«Heu</span> <span class='ocrx_word' id='word_1_44' title='bbox 1102 661 1171 696; x_wconf 92' lang='lat' dir='ltr'>tot</span> <span class='ocrx_word' id='word_1_45' title='bbox 1194 651 1314 697; x_wconf 85' lang='lat' dir='ltr'>vada</span> <span class='ocrx_word' id='word_1_46' title='bbox 1334 653 1487 711; x_wconf 86' lang='lat' dir='ltr'>fessis,</span> 
     </span>
    </p>
   </div>
   <div class='ocr_carea' id='block_1_8' title="bbox 1591 666 1652 696">
    <p class='ocr_par' dir='ltr' id='par_1_10' title="bbox 1591 666 1652 696">
     <span class='ocr_line' id='line_1_11' title="bbox 1591 666 1652 696; baseline 0.016 -1"><span class='ocrx_word' id='word_1_47' title='bbox 1591 666 1652 696; x_wconf 75' lang='lat'>615</span> 
     </span>
    </p>
   </div>
   <div class='ocr_carea' id='block_1_9' title="bbox 149 724 1398 1014">
    <p class='ocr_par' dir='ltr' id='par_1_11' title="bbox 149 724 1398 1014">
     <span class='ocr_line' id='line_1_12' title="bbox 149 724 1392 787; baseline 0.006 -20"><span class='ocrx_word' id='word_1_48' title='bbox 149 725 208 767; x_wconf 90' lang='lat' dir='ltr'>Et</span> <span class='ocrx_word' id='word_1_49' title='bbox 233 734 414 769; x_wconf 87' lang='lat' dir='ltr'>tantum</span> <span class='ocrx_word' id='word_1_50' title='bbox 437 741 681 787; x_wconf 81' lang='lat' dir='ltr'>superesse</span> <span class='ocrx_word' id='word_1_51' title='bbox 701 725 864 772; x_wconf 88' lang='lat' dir='ltr'>maris!</span> <span class='ocrx_word' id='word_1_52' title='bbox 888 746 906 765; x_wconf 71' lang='lat'>³&gt;</span> <span class='ocrx_word' id='word_1_53' title='bbox 921 741 1016 772; x_wconf 74' lang='lat' dir='ltr'>vox</span> <span class='ocrx_word' id='word_1_54' title='bbox 1041 724 1259 771; x_wconf 89' lang='lat' dir='ltr'>omnibus</span> <span class='ocrx_word' id='word_1_55' title='bbox 1283 743 1392 774; x_wconf 89' lang='lat' dir='ltr'>una.</span> 
     </span>
     <span class='ocr_line' id='line_1_13' title="bbox 150 796 1342 863; baseline 0.003 -20"><span class='ocrx_word' id='word_1_56' title='bbox 150 796 332 843; x_wconf 79' lang='lat' dir='ltr'>Urbem</span> <span class='ocrx_word' id='word_1_57' title='bbox 358 810 494 845; x_wconf 86' lang='lat' dir='ltr'>orant</span> <span class='ocrx_word' id='word_1_58' title='bbox 503 819 515 858; x_wconf 82' lang='lat'>3</span> <span class='ocrx_word' id='word_1_59' title='bbox 547 799 685 846; x_wconf 87' lang='lat' dir='ltr'>taedet</span> <span class='ocrx_word' id='word_1_60' title='bbox 705 800 860 863; x_wconf 79' lang='lat' dir='ltr'>pelagi</span> <span class='ocrx_word' id='word_1_61' title='bbox 884 801 1097 863; x_wconf 83' lang='lat' dir='ltr'>perferre</span> <span class='ocrx_word' id='word_1_62' title='bbox 1116 799 1342 846; x_wconf 90' lang='lat' dir='ltr'>laborem.</span> 
     </span>
     <span class='ocr_line' id='line_1_14' title="bbox 149 874 1352 940; baseline 0.004 -24"><span class='ocrx_word' id='word_1_63' title='bbox 149 874 275 936; x_wconf 83' lang='lat' dir='ltr'>Ergo</span> <span class='ocrx_word' id='word_1_64' title='bbox 300 875 422 921; x_wconf 88' lang='lat' dir='ltr'>inter</span> <span class='ocrx_word' id='word_1_65' title='bbox 445 875 623 923; x_wconf 87' lang='lat' dir='ltr'>medias</span> <span class='ocrx_word' id='word_1_66' title='bbox 644 893 766 935; x_wconf 90' lang='lat' dir='ltr'>sese,</span> <span class='ocrx_word' id='word_1_67' title='bbox 788 876 917 922; x_wconf 89' lang='lat' dir='ltr'>haud</span> <span class='ocrx_word' id='word_1_68' title='bbox 940 877 1104 940; x_wconf 80' lang='lat' dir='ltr'>ignara</span> <span class='ocrx_word' id='word_1_69' title='bbox 1123 875 1352 933; x_wconf 88' lang='lat' dir='ltr'>nocendi,</span> 
     </span>
     <span class='ocr_line' id='line_1_15' title="bbox 150 950 1398 1014; baseline 0.003 -21"><span class='ocrx_word' id='word_1_70' title='bbox 150 950 373 1012; x_wconf 86' lang='lat' dir='ltr'>Conjicit,</span> <span class='ocrx_word' id='word_1_71' title='bbox 400 963 445 996; x_wconf 87' lang='lat' dir='ltr'>ct</span> <span class='ocrx_word' id='word_1_72' title='bbox 466 951 728 1014; x_wconf 85' lang='lat' dir='ltr'>faciemque</span> <span class='ocrx_word' id='word_1_73' title='bbox 755 953 854 998; x_wconf 86' lang='lat' dir='ltr'>deae</span> <span class='ocrx_word' id='word_1_74' title='bbox 878 964 1150 1014; x_wconf 73' lang='lat' dir='ltr'>vestemque</span> <span class='ocrx_word' id='word_1_75' title='bbox 1177 953 1365 1014; x_wconf 87' lang='lat' dir='ltr'>reponit</span> <span class='ocrx_word' id='word_1_76' title='bbox 1388 971 1398 997; x_wconf 74' lang='grc' dir='ltr'>ε</span> 
     </span>
    </p>
   </div>
   <div class='ocr_carea' id='block_1_10' title="bbox 147 1025 1298 1090">
    <p class='ocr_par' dir='ltr' id='par_1_12' title="bbox 147 1025 1298 1090">
     <span class='ocr_line' id='line_1_16' title="bbox 147 1025 1298 1090; baseline 0.002 -21"><span class='ocrx_word' id='word_1_77' title='bbox 147 1025 221 1069; x_wconf 88' lang='lat' dir='ltr'>Fit</span> <span class='ocrx_word' id='word_1_78' title='bbox 247 1028 418 1083; x_wconf 85' lang='lat' dir='ltr'>Beroe,</span> <span class='ocrx_word' id='word_1_79' title='bbox 445 1026 623 1073; x_wconf 79' lang='lat' dir='ltr'>Tmarii</span> <span class='ocrx_word' id='word_1_80' title='bbox 650 1027 823 1090; x_wconf 85' lang='lat' dir='ltr'>conjux</span> <span class='ocrx_word' id='word_1_81' title='bbox 846 1028 1057 1090; x_wconf 81' lang='lat' dir='ltr'>longaeva</span> <span class='ocrx_word' id='word_1_82' title='bbox 1081 1026 1298 1089; x_wconf 84' lang='lat' dir='ltr'>Dorycli,</span> 
     </span>
    </p>
   </div>
   <div class='ocr_carea' id='block_1_11' title="bbox 134 1216 862 2831">
    <p class='ocr_par' dir='ltr' id='par_1_13' title="bbox 139 1216 862 1603">
     <span class='ocr_line' id='line_1_17' title="bbox 145 1216 859 1270; baseline 0.004 -18"><span class='ocrx_word' id='word_1_83' title='bbox 145 1229 235 1253; x_wconf 91' lang='lat' dir='ltr'>rum</span> <span class='ocrx_word' id='word_1_84' title='bbox 252 1216 323 1254; x_wconf 89' lang='lat' dir='ltr'>inf.</span> <span class='ocrx_word' id='word_1_85' title='bbox 347 1218 424 1265; x_wconf 81' lang='lat'>781</span> <span class='ocrx_word' id='word_1_86' title='bbox 454 1217 628 1255; x_wconf 81' lang='lat' dir='ltr'>Iunonis</span> <span class='ocrx_word' id='word_1_87' title='bbox 647 1218 780 1270; x_wconf 74' lang='lat' dir='ltr'>gravis</span> <span class='ocrx_word' id='word_1_88' title='bbox 799 1220 859 1256; x_wconf 84' lang='lat' dir='ltr'>ira</span> 
     </span>
     <span class='ocr_line' id='line_1_18' title="bbox 145 1275 856 1326; baseline 0.006 -16"><span class='ocrx_word' id='word_1_89' title='bbox 145 1287 216 1311; x_wconf 84' lang='lat' dir='ltr'>nec</span> <span class='ocrx_word' id='word_1_90' title='bbox 234 1275 509 1313; x_wconf 76' lang='lat' dir='ltr'>exsaturabile</span> <span class='ocrx_word' id='word_1_91' title='bbox 517 1285 671 1326; x_wconf 85' lang='lat' dir='ltr'>pectus.</span> <span class='ocrx_word' id='word_1_92' title='bbox 685 1299 742 1305; x_wconf 91' lang='lat'>—-</span> <span class='ocrx_word' id='word_1_93' title='bbox 759 1278 784 1314; x_wconf 89' lang='grc'>6</span> <span class='ocrx_word' id='word_1_94' title='bbox 795 1290 856 1315; x_wconf 89' lang='grc'>10.</span> 
     </span>
     <span class='ocr_line' id='line_1_19' title="bbox 142 1332 862 1374; baseline 0.007 -6"><span class='ocrx_word' id='word_1_95' title='bbox 142 1332 293 1370; x_wconf 90' lang='lat' dir='ltr'>Laudat</span> <span class='ocrx_word' id='word_1_96' title='bbox 313 1333 439 1372; x_wconf 88' lang='lat' dir='ltr'>Cerda</span> <span class='ocrx_word' id='word_1_97' title='bbox 464 1334 600 1371; x_wconf 89' lang='lat' dir='ltr'>locum</span> <span class='ocrx_word' id='word_1_98' title='bbox 630 1335 793 1374; x_wconf 75' lang='lat' dir='ltr'>Ovidii:</span> <span class='ocrx_word' id='word_1_99' title='bbox 823 1346 862 1373; x_wconf 79' lang='lat' dir='ltr'>et</span> 
     </span>
     <span class='ocr_line' id='line_1_20' title="bbox 144 1393 862 1443; baseline 0.006 -17"><span class='ocrx_word' id='word_1_100' title='bbox 144 1401 298 1429; x_wconf 79' lang='lat' dir='ltr'>remeat</span> <span class='ocrx_word' id='word_1_101' title='bbox 314 1406 392 1442; x_wconf 83' lang='lat' dir='ltr'>per</span> <span class='ocrx_word' id='word_1_102' title='bbox 422 1406 520 1443; x_wconf 84' lang='lat' dir='ltr'>quos</span> <span class='ocrx_word' id='word_1_103' title='bbox 543 1393 661 1429; x_wconf 84' lang='lat' dir='ltr'>modo</span> <span class='ocrx_word' id='word_1_104' title='bbox 686 1403 862 1431; x_wconf 80' lang='lat' dir='ltr'>venerat</span> 
     </span>
     <span class='ocr_line' id='line_1_21' title="bbox 143 1450 856 1498; baseline 0.007 -15"><span class='ocrx_word' id='word_1_105' title='bbox 143 1461 282 1494; x_wconf 89' lang='lat' dir='ltr'>arcus,</span> <span class='ocrx_word' id='word_1_106' title='bbox 304 1453 402 1487; x_wconf 82' lang='lat' dir='ltr'>Met.</span> <span class='ocrx_word' id='word_1_107' title='bbox 437 1452 520 1498; x_wconf 76' lang='lat' dir='ltr'>XI,</span> <span class='ocrx_word' id='word_1_108' title='bbox 543 1451 640 1489; x_wconf 83' lang='lat'><strong>632.</strong></span> <span class='ocrx_word' id='word_1_109' title='bbox 669 1450 753 1488; x_wconf 82' lang='lat' dir='ltr'>Cito</span> <span class='ocrx_word' id='word_1_110' title='bbox 775 1462 856 1489; x_wconf 84' lang='lat' dir='ltr'>tra-</span> 
     </span>
     <span class='ocr_line' id='line_1_22' title="bbox 142 1505 856 1560; baseline 0.008 -19"><span class='ocrx_word' id='word_1_111' title='bbox 142 1505 257 1552; x_wconf 85' lang='lat' dir='ltr'>mite,</span> <span class='ocrx_word' id='word_1_112' title='bbox 280 1509 517 1559; x_wconf 82' lang='lat' dir='ltr'>exquisitius</span> <span class='ocrx_word' id='word_1_113' title='bbox 551 1521 669 1560; x_wconf 87' lang='lat' dir='ltr'>quam</span> <span class='ocrx_word' id='word_1_114' title='bbox 707 1523 828 1547; x_wconf 87' lang='lat' dir='ltr'>cursu</span> <span class='ocrx_word' id='word_1_115' title='bbox 847 1540 856 1557; x_wconf 90' lang='lat'>‚</span> 
     </span>
     <span class='ocr_line' id='line_1_23' title="bbox 139 1565 289 1603; baseline 0.013 -2"><span class='ocrx_word' id='word_1_116' title='bbox 139 1565 289 1603; x_wconf 70' lang='lat' dir='ltr'>volatu.</span> 
     </span>
    </p>

    <p class='ocr_par' dir='ltr' id='par_1_14' title="bbox 134 1623 862 2831">
     <span class='ocr_line' id='line_1_24' title="bbox 199 1623 855 1665; baseline 0.005 -5"><span class='ocrx_word' id='word_1_117' title='bbox 199 1624 296 1661; x_wconf 84' lang='lat'>611.</span> <span class='ocrx_word' id='word_1_118' title='bbox 331 1623 559 1662; x_wconf 76' lang='lat' dir='ltr'>consessum</span> <span class='ocrx_word' id='word_1_119' title='bbox 590 1624 737 1663; x_wconf 79' lang='lat' dir='ltr'>Medjc.</span> <span class='ocrx_word' id='word_1_120' title='bbox 762 1638 782 1662; x_wconf 91' lang='grc'><strong>3</strong></span> <span class='ocrx_word' id='word_1_121' title='bbox 802 1639 855 1665; x_wconf 88' lang='lat' dir='ltr'>m.</span> 
     </span>
     <span class='ocr_line' id='line_1_25' title="bbox 137 1683 858 1730; baseline 0.004 -12"><span class='ocrx_word' id='word_1_122' title='bbox 137 1695 198 1730; x_wconf 87' lang='lat' dir='ltr'>pr.</span> <span class='ocrx_word' id='word_1_123' title='bbox 220 1683 366 1719; x_wconf 81' lang='lat' dir='ltr'>Moret.</span> <span class='ocrx_word' id='word_1_124' title='bbox 384 1695 462 1720; x_wconf 88' lang='lat' dir='ltr'>sec.</span> <span class='ocrx_word' id='word_1_125' title='bbox 478 1696 634 1719; x_wconf 87' lang='lat' dir='ltr'>cursum</span> <span class='ocrx_word' id='word_1_126' title='bbox 658 1685 796 1721; x_wconf 90' lang='lat' dir='ltr'>Franc.</span> <span class='ocrx_word' id='word_1_127' title='bbox 819 1692 858 1721; x_wconf 91' lang='lat' dir='ltr'>et</span> 
     </span>
     <span class='ocr_line' id='line_1_26' title="bbox 137 1741 857 1789; baseline 0.004 -14"><span class='ocrx_word' id='word_1_128' title='bbox 137 1741 268 1789; x_wconf 84' lang='lat' dir='ltr'>Sprot.</span> <span class='ocrx_word' id='word_1_129' title='bbox 299 1753 501 1777; x_wconf 87' lang='lat' dir='ltr'>occursum</span> <span class='ocrx_word' id='word_1_130' title='bbox 521 1741 642 1779; x_wconf 89' lang='lat' dir='ltr'>Wall.</span> <span class='ocrx_word' id='word_1_131' title='bbox 666 1742 768 1778; x_wconf 76' lang='lat' dir='ltr'>Mox</span> <span class='ocrx_word' id='word_1_132' title='bbox 790 1755 857 1778; x_wconf 90' lang='lat' dir='ltr'>ne-</span> 
     </span>
     <span class='ocr_line' id='line_1_27' title="bbox 142 1797 861 1848; baseline 0.007 -16"><span class='ocrx_word' id='word_1_133' title='bbox 142 1798 225 1833; x_wconf 89' lang='lat' dir='ltr'>scio</span> <span class='ocrx_word' id='word_1_134' title='bbox 245 1810 295 1833; x_wconf 85' lang='lat' dir='ltr'>an</span> <span class='ocrx_word' id='word_1_135' title='bbox 321 1797 464 1834; x_wconf 86' lang='lat' dir='ltr'>melius</span> <span class='ocrx_word' id='word_1_136' title='bbox 485 1798 588 1848; x_wconf 84' lang='lat' dir='ltr'>legas</span> <span class='ocrx_word' id='word_1_137' title='bbox 615 1806 683 1842; x_wconf 87' lang='lat' dir='ltr'>ut;</span> <span class='ocrx_word' id='word_1_138' title='bbox 707 1811 798 1835; x_wconf 91' lang='lat' dir='ltr'>nam</span> <span class='ocrx_word' id='word_1_139' title='bbox 819 1809 861 1837; x_wconf 80' lang='lat' dir='ltr'>ec</span> 
     </span>
     <span class='ocr_line' id='line_1_28' title="bbox 136 1853 854 1905; baseline 0.004 -15"><span class='ocrx_word' id='word_1_140' title='bbox 136 1853 256 1890; x_wconf 79' lang='lat' dir='ltr'>litora</span> <span class='ocrx_word' id='word_1_141' title='bbox 279 1854 421 1891; x_wconf 79' lang='lat' dir='ltr'>lustrat</span> <span class='ocrx_word' id='word_1_142' title='bbox 442 1857 547 1892; x_wconf 84' lang='lat' dir='ltr'>inter</span> <span class='ocrx_word' id='word_1_143' title='bbox 577 1855 729 1905; x_wconf 85' lang='lat' dir='ltr'>reliqna</span> <span class='ocrx_word' id='word_1_144' title='bbox 753 1857 854 1893; x_wconf 91' lang='lat' dir='ltr'>otio-</span> 
     </span>
     <span class='ocr_line' id='line_1_29' title="bbox 136 1912 858 1964; baseline 0.003 -16"><span class='ocrx_word' id='word_1_145' title='bbox 136 1925 224 1948; x_wconf 85' lang='lat' dir='ltr'>sum</span> <span class='ocrx_word' id='word_1_146' title='bbox 243 1926 323 1949; x_wconf 87' lang='lat' dir='ltr'>esse</span> <span class='ocrx_word' id='word_1_147' title='bbox 335 1912 506 1950; x_wconf 73' lang='lat' dir='ltr'>videtur.</span> <span class='ocrx_word' id='word_1_148' title='bbox 525 1914 650 1964; x_wconf 82' lang='lat' dir='ltr'>Igitur</span> <span class='ocrx_word' id='word_1_149' title='bbox 668 1914 772 1961; x_wconf 88' lang='lat' dir='ltr'>conj.</span> <span class='ocrx_word' id='word_1_150' title='bbox 792 1913 858 1951; x_wconf 85' lang='lat' dir='ltr'>de-</span> 
     </span>
     <span class='ocr_line' id='line_1_30' title="bbox 139 1969 854 2022; baseline 0.003 -17"><span class='ocrx_word' id='word_1_151' title='bbox 139 1969 263 2006; x_wconf 79' lang='lat' dir='ltr'>currit</span> <span class='ocrx_word' id='word_1_152' title='bbox 277 1970 424 2022; x_wconf 72' lang='lat' dir='ltr'>virgo;</span> <span class='ocrx_word' id='word_1_153' title='bbox 443 1970 636 2021; x_wconf 81' lang='lat' dir='ltr'>conspicit</span> <span class='ocrx_word' id='word_1_154' title='bbox 655 1970 738 2009; x_wconf 75' lang='lat' dir='ltr'>ino.</span> <span class='ocrx_word' id='word_1_155' title='bbox 763 1985 854 2008; x_wconf 86' lang='lat' dir='ltr'>con-</span> 
     </span>
     <span class='ocr_line' id='line_1_31' title="bbox 138 2028 854 2080; baseline 0.004 -17"><span class='ocrx_word' id='word_1_156' title='bbox 138 2040 305 2066; x_wconf 90' lang='lat' dir='ltr'>cursum.</span> <span class='ocrx_word' id='word_1_157' title='bbox 333 2031 384 2065; x_wconf 80' lang='lat' dir='ltr'>Ue</span> <span class='ocrx_word' id='word_1_158' title='bbox 400 2028 527 2080; x_wconf 86' lang='lat' dir='ltr'>(ubi)</span> <span class='ocrx_word' id='word_1_159' title='bbox 551 2029 670 2066; x_wconf 86' lang='lat' dir='ltr'>litora</span> <span class='ocrx_word' id='word_1_160' title='bbox 686 2029 829 2066; x_wconf 77' lang='lat' dir='ltr'>lustrat</span> <span class='ocrx_word' id='word_1_161' title='bbox 841 2043 854 2066; x_wconf 92' lang='grc'>.·</span> 
     </span>
     <span class='ocr_line' id='line_1_32' title="bbox 138 2087 856 2138; baseline 0.006 -17"><span class='ocrx_word' id='word_1_162' title='bbox 138 2087 403 2137; x_wconf 84' lang='lat' dir='ltr'>Desertosque</span> <span class='ocrx_word' id='word_1_163' title='bbox 412 2109 470 2116; x_wconf 93' lang='lat'>——-</span> <span class='ocrx_word' id='word_1_164' title='bbox 481 2087 728 2138; x_wconf 86' lang='lat' dir='ltr'>classemque</span> <span class='ocrx_word' id='word_1_165' title='bbox 742 2087 856 2125; x_wconf 86' lang='lat' dir='ltr'>relic-</span> 
     </span>
     <span class='ocr_line' id='line_1_33' title="bbox 136 2144 855 2193; baseline 0.006 -15"><span class='ocrx_word' id='word_1_166' title='bbox 136 2154 232 2179; x_wconf 76' lang='lat' dir='ltr'>tam.</span> <span class='ocrx_word' id='word_1_167' title='bbox 257 2144 307 2181; x_wconf 90' lang='lat'>61</span> <span class='ocrx_word' id='word_1_168' title='bbox 321 2145 500 2193; x_wconf 80' lang='lat'>1—617.</span> <span class='ocrx_word' id='word_1_169' title='bbox 531 2145 769 2183; x_wconf 81' lang='lat' dir='ltr'>Concursum</span> <span class='ocrx_word' id='word_1_170' title='bbox 796 2147 855 2182; x_wconf 89' lang='lat' dir='ltr'>vi·</span> 
     </span>
     <span class='ocr_line' id='line_1_34' title="bbox 137 2200 856 2251; baseline 0.006 -15"><span class='ocrx_word' id='word_1_171' title='bbox 137 2200 185 2236; x_wconf 91' lang='lat' dir='ltr'>de</span> <span class='ocrx_word' id='word_1_172' title='bbox 225 2214 342 2251; x_wconf 90' lang='lat' dir='ltr'>snpra</span> <span class='ocrx_word' id='word_1_173' title='bbox 385 2204 460 2240; x_wconf 84' lang='lat'>106</span> <span class='ocrx_word' id='word_1_174' title='bbox 475 2231 485 2249; x_wconf 83' lang='lat'>‚</span> <span class='ocrx_word' id='word_1_175' title='bbox 542 2216 635 2251; x_wconf 81' lang='lat'>107.</span> <span class='ocrx_word' id='word_1_176' title='bbox 672 2205 856 2241; x_wconf 81' lang='lat' dir='ltr'>Desercos</span> 
     </span>
     <span class='ocr_line' id='line_1_35' title="bbox 134 2259 855 2312; baseline 0.008 -19"><span class='ocrx_word' id='word_1_177' title='bbox 134 2266 270 2308; x_wconf 83' lang='lat' dir='ltr'>portus</span> <span class='ocrx_word' id='word_1_178' title='bbox 289 2259 368 2297; x_wconf 86' lang='lat' dir='ltr'>vid.</span> <span class='ocrx_word' id='word_1_179' title='bbox 388 2273 475 2310; x_wconf 88' lang='lat' dir='ltr'>sup.</span> <span class='ocrx_word' id='word_1_180' title='bbox 495 2262 574 2297; x_wconf 86' lang='lat'>286</span> <span class='ocrx_word' id='word_1_181' title='bbox 588 2290 598 2307; x_wconf 90' lang='lat'>‚</span> <span class='ocrx_word' id='word_1_182' title='bbox 618 2261 714 2308; x_wconf 79' lang='lat'><strong>287.</strong></span> <span class='ocrx_word' id='word_1_183' title='bbox 735 2261 855 2312; x_wconf 87' lang='lat' dir='ltr'>Quod</span> 
     </span>
     <span class='ocr_line' id='line_1_36' title="bbox 135 2315 856 2367; baseline 0.007 -15"><span class='ocrx_word' id='word_1_184' title='bbox 135 2315 241 2352; x_wconf 86' lang='lat' dir='ltr'>ludis</span> <span class='ocrx_word' id='word_1_185' title='bbox 257 2329 341 2353; x_wconf 91' lang='lat' dir='ltr'>non</span> <span class='ocrx_word' id='word_1_186' title='bbox 357 2318 555 2354; x_wconf 89' lang='lat' dir='ltr'>intersunt</span> <span class='ocrx_word' id='word_1_187' title='bbox 572 2319 769 2367; x_wconf 86' lang='lat' dir='ltr'>mulieres,</span> <span class='ocrx_word' id='word_1_188' title='bbox 788 2319 856 2357; x_wconf 90' lang='lat' dir='ltr'>sed</span> 
     </span>
     <span class='ocr_line' id='line_1_37' title="bbox 139 2374 856 2424; baseline 0.007 -14"><span class='ocrx_word' id='word_1_189' title='bbox 139 2374 314 2411; x_wconf 78' lang='lat' dir='ltr'>solitario</span> <span class='ocrx_word' id='word_1_190' title='bbox 341 2376 385 2412; x_wconf 90' lang='lat' dir='ltr'>in</span> <span class='ocrx_word' id='word_1_191' title='bbox 413 2375 530 2413; x_wconf 79' lang='lat' dir='ltr'>litore</span> <span class='ocrx_word' id='word_1_192' title='bbox 566 2376 769 2424; x_wconf 81' lang='lat' dir='ltr'>desident,</span> <span class='ocrx_word' id='word_1_193' title='bbox 806 2391 856 2415; x_wconf 79' lang='lat' dir='ltr'>ex</span> 
     </span>
     <span class='ocr_line' id='line_1_38' title="bbox 139 2432 857 2482; baseline 0.007 -14"><span class='ocrx_word' id='word_1_194' title='bbox 139 2432 301 2482; x_wconf 86' lang='lat' dir='ltr'>antiqua</span> <span class='ocrx_word' id='word_1_195' title='bbox 329 2432 466 2471; x_wconf 84' lang='lat' dir='ltr'>decori</span> <span class='ocrx_word' id='word_1_196' title='bbox 490 2435 642 2471; x_wconf 83' lang='lat' dir='ltr'>ratione</span> <span class='ocrx_word' id='word_1_197' title='bbox 672 2443 710 2470; x_wconf 89' lang='lat' dir='ltr'>et</span> <span class='ocrx_word' id='word_1_198' title='bbox 736 2437 857 2473; x_wconf 84' lang='lat' dir='ltr'>moris</span> 
     </span>
     <span class='ocr_line' id='line_1_39' title="bbox 140 2490 857 2541; baseline 0.008 -17"><span class='ocrx_word' id='word_1_199' title='bbox 140 2490 346 2528; x_wconf 82' lang='lat' dir='ltr'>severitate</span> <span class='ocrx_word' id='word_1_200' title='bbox 365 2490 435 2537; x_wconf 85' lang='lat' dir='ltr'>fit,</span> <span class='ocrx_word' id='word_1_201' title='bbox 469 2505 587 2541; x_wconf 87' lang='lat' dir='ltr'>quam</span> <span class='ocrx_word' id='word_1_202' title='bbox 607 2500 736 2529; x_wconf 91' lang='lat' dir='ltr'>tamen</span> <span class='ocrx_word' id='word_1_203' title='bbox 753 2494 857 2530; x_wconf 90' lang='lat' dir='ltr'>inter</span> 
     </span>
     <span class='ocr_line' id='line_1_40' title="bbox 143 2547 860 2599; baseline 0.007 -17"><span class='ocrx_word' id='word_1_204' title='bbox 143 2547 303 2584; x_wconf 88' lang='lat' dir='ltr'>Graecos</span> <span class='ocrx_word' id='word_1_205' title='bbox 320 2562 480 2599; x_wconf 90' lang='lat' dir='ltr'>qnoque</span> <span class='ocrx_word' id='word_1_206' title='bbox 502 2551 627 2587; x_wconf 86' lang='lat' dir='ltr'>serior</span> <span class='ocrx_word' id='word_1_207' title='bbox 652 2562 748 2586; x_wconf 86' lang='lat' dir='ltr'>usus</span> <span class='ocrx_word' id='word_1_208' title='bbox 768 2558 860 2588; x_wconf 88' lang='lat' dir='ltr'>tem-</span> 
     </span>
     <span class='ocr_line' id='line_1_41' title="bbox 142 2606 861 2662; baseline 0.008 -22"><span class='ocrx_word' id='word_1_209' title='bbox 142 2606 308 2654; x_wconf 83' lang='lat' dir='ltr'>peravit.</span> <span class='ocrx_word' id='word_1_210' title='bbox 327 2606 402 2644; x_wconf 89' lang='lat' dir='ltr'>Sed</span> <span class='ocrx_word' id='word_1_211' title='bbox 421 2615 459 2643; x_wconf 90' lang='lat' dir='ltr'>et</span> <span class='ocrx_word' id='word_1_212' title='bbox 474 2607 552 2645; x_wconf 83' lang='lat' dir='ltr'>fflae</span> <span class='ocrx_word' id='word_1_213' title='bbox 574 2606 774 2644; x_wconf 77' lang='lat' dir='ltr'>Anchisen</span> <span class='ocrx_word' id='word_1_214' title='bbox 782 2609 861 2662; x_wconf 87' lang='lat' dir='ltr'>fle-</span> 
     </span>
     <span class='ocr_line' id='line_1_42' title="bbox 145 2661 862 2717; baseline 0.008 -20"><span class='ocrx_word' id='word_1_215' title='bbox 145 2661 266 2707; x_wconf 83' lang='lat' dir='ltr'>bant,</span> <span class='ocrx_word' id='word_1_216' title='bbox 291 2663 443 2701; x_wconf 80' lang='lat' dir='ltr'>inferiis</span> <span class='ocrx_word' id='word_1_217' title='bbox 471 2667 594 2716; x_wconf 86' lang='lat' dir='ltr'>igitur</span> <span class='ocrx_word' id='word_1_218' title='bbox 622 2664 749 2702; x_wconf 84' lang='lat' dir='ltr'>adhuc</span> <span class='ocrx_word' id='word_1_219' title='bbox 770 2680 862 2717; x_wconf 92' lang='lat' dir='ltr'>ope-</span> 
     </span>
     <span class='ocr_line' id='line_1_43' title="bbox 148 2720 860 2761; baseline 0.008 -6"><span class='ocrx_word' id='word_1_220' title='bbox 148 2729 289 2758; x_wconf 84' lang='lat' dir='ltr'>rantes.</span> <span class='ocrx_word' id='word_1_221' title='bbox 309 2720 358 2759; x_wconf 88' lang='lat' dir='ltr'>cf.</span> <span class='ocrx_word' id='word_1_222' title='bbox 377 2721 449 2759; x_wconf 85' lang='lat' dir='ltr'>inf.</span> <span class='ocrx_word' id='word_1_223' title='bbox 472 2723 742 2761; x_wconf 79' lang='lat'><strong>652.-615.</strong></span> <span class='ocrx_word' id='word_1_224' title='bbox 763 2727 860 2761; x_wconf 90' lang='lat' dir='ltr'>Por-</span> 
     </span>
     <span class='ocr_line' id='line_1_44' title="bbox 147 2778 860 2831; baseline 0.01 -18"><span class='ocrx_word' id='word_1_225' title='bbox 147 2787 229 2815; x_wconf 84' lang='lat' dir='ltr'>tum</span> <span class='ocrx_word' id='word_1_226' title='bbox 250 2778 372 2818; x_wconf 75' lang='lat' dir='ltr'>Goth,</span> <span class='ocrx_word' id='word_1_227' title='bbox 395 2793 472 2817; x_wconf 89' lang='lat' dir='ltr'>sec.</span> <span class='ocrx_word' id='word_1_228' title='bbox 506 2781 749 2831; x_wconf 81' lang='lat' dir='ltr'>Spectabant</span> <span class='ocrx_word' id='word_1_229' title='bbox 774 2784 860 2820; x_wconf 83' lang='lat' dir='ltr'>Me-</span> 
     </span>
    </p>
   </div>
   <div class='ocr_carea' id='block_1_12' title="bbox 1585 1041 1646 1070">
    <p class='ocr_par' dir='ltr' id='par_1_15' title="bbox 1585 1041 1646 1070">
     <span class='ocr_line' id='line_1_45' title="bbox 1585 1041 1646 1070; baseline -0.016 0"><span class='ocrx_word' id='word_1_230' title='bbox 1585 1041 1646 1070; x_wconf 79' lang='lat'>620</span> 
     </span>
    </p>
   </div>
   <div class='ocr_carea' id='block_1_13' title="bbox 926 1218 1648 1327">
    <p class='ocr_par' dir='ltr' id='par_1_16' title="bbox 926 1218 1648 1327">
     <span class='ocr_line' id='line_1_46' title="bbox 928 1218 1648 1269; baseline -0.001 -12"><span class='ocrx_word' id='word_1_231' title='bbox 928 1220 1005 1258; x_wconf 84' lang='lat' dir='ltr'>dic.</span> <span class='ocrx_word' id='word_1_232' title='bbox 1047 1218 1334 1269; x_wconf 72' lang='lat' dir='ltr'>exspectabant</span> <span class='ocrx_word' id='word_1_233' title='bbox 1365 1220 1482 1256; x_wconf 85' lang='lat' dir='ltr'>Voss.</span> <span class='ocrx_word' id='word_1_234' title='bbox 1510 1231 1571 1268; x_wconf 86' lang='lat' dir='ltr'>pr.</span> <span class='ocrx_word' id='word_1_235' title='bbox 1605 1232 1648 1256; x_wconf 90' lang='lat' dir='ltr'>ac</span> 
     </span>
     <span class='ocr_line' id='line_1_47' title="bbox 926 1275 1646 1327; baseline -0.003 -12"><span class='ocrx_word' id='word_1_236' title='bbox 926 1280 1055 1324; x_wconf 74' lang='lat' dir='ltr'>Ven.‚</span> <span class='ocrx_word' id='word_1_237' title='bbox 1091 1275 1200 1327; x_wconf 89' lang='lat' dir='ltr'>qnod</span> <span class='ocrx_word' id='word_1_238' title='bbox 1242 1277 1378 1314; x_wconf 91' lang='lat' dir='ltr'>Heins.</span> <span class='ocrx_word' id='word_1_239' title='bbox 1413 1277 1646 1327; x_wconf 84' lang='lat' dir='ltr'>interpreta-</span> 
     </span>
    </p>
   </div>
   <div class='ocr_carea' id='block_1_14' title="bbox 927 1334 1705 1386">
    <p class='ocr_par' dir='ltr' id='par_1_17' title="bbox 927 1334 1705 1386">
     <span class='ocr_line' id='line_1_48' title="bbox 927 1334 1705 1386; baseline -0.003 -13"><span class='ocrx_word' id='word_1_240' title='bbox 927 1345 1015 1383; x_wconf 84' lang='lat' dir='ltr'>tur,</span> <span class='ocrx_word' id='word_1_241' title='bbox 1044 1334 1217 1372; x_wconf 87' lang='lat' dir='ltr'>secunda</span> <span class='ocrx_word' id='word_1_242' title='bbox 1235 1335 1478 1386; x_wconf 79' lang='lat' dir='ltr'>navigationi</span> <span class='ocrx_word' id='word_1_243' title='bbox 1497 1343 1648 1385; x_wconf 86' lang='lat' dir='ltr'>tempo-</span> <span class='ocrx_word' id='word_1_244' title='bbox 1703 1344 1705 1349; x_wconf 93' lang='grc'><strong><em>·</em></strong></span> 
     </span>
    </p>
   </div>
   <div class='ocr_carea' id='block_1_15' title="bbox 916 1391 1647 2826">
    <p class='ocr_par' dir='ltr' id='par_1_18' title="bbox 921 1391 1647 1792">
     <span class='ocr_line' id='line_1_49' title="bbox 929 1391 1643 1446; baseline -0.001 -15"><span class='ocrx_word' id='word_1_245' title='bbox 929 1407 984 1433; x_wconf 87' lang='lat' dir='ltr'>ra.</span> <span class='ocrx_word' id='word_1_246' title='bbox 1003 1394 1087 1431; x_wconf 82' lang='lat' dir='ltr'>Alii</span> <span class='ocrx_word' id='word_1_247' title='bbox 1104 1392 1210 1443; x_wconf 89' lang='lat' dir='ltr'>apud</span> <span class='ocrx_word' id='word_1_248' title='bbox 1229 1395 1336 1431; x_wconf 88' lang='lat' dir='ltr'>Serv.</span> <span class='ocrx_word' id='word_1_249' title='bbox 1351 1393 1507 1446; x_wconf 83' lang='lat' dir='ltr'>flentes</span> <span class='ocrx_word' id='word_1_250' title='bbox 1523 1391 1598 1429; x_wconf 80' lang='lat' dir='ltr'>heu</span> <span class='ocrx_word' id='word_1_251' title='bbox 1616 1402 1643 1431; x_wconf 89' lang='lat' dir='ltr'>t.</span> 
     </span>
     <span class='ocr_line' id='line_1_50' title="bbox 924 1450 1644 1501; baseline -0.004 -12"><span class='ocrx_word' id='word_1_252' title='bbox 924 1453 1106 1501; x_wconf 79' lang='lat' dir='ltr'>junxere.</span> <span class='ocrx_word' id='word_1_253' title='bbox 1129 1473 1189 1480; x_wconf 90' lang='lat'>--</span> <span class='ocrx_word' id='word_1_254' title='bbox 1209 1453 1314 1489; x_wconf 88' lang='lat' dir='ltr'>Bene</span> <span class='ocrx_word' id='word_1_255' title='bbox 1344 1450 1392 1487; x_wconf 90' lang='lat' dir='ltr'>ad</span> <span class='ocrx_word' id='word_1_256' title='bbox 1426 1451 1644 1487; x_wconf 83' lang='lat' dir='ltr'>miseratio-</span> 
     </span>
     <span class='ocr_line' id='line_1_51' title="bbox 926 1508 1644 1562; baseline -0.004 -15"><span class='ocrx_word' id='word_1_257' title='bbox 926 1523 1039 1557; x_wconf 83' lang='lat' dir='ltr'>nem3</span> <span class='ocrx_word' id='word_1_258' title='bbox 1061 1513 1234 1547; x_wconf 82' lang='lat' dir='ltr'>Pontum</span> <span class='ocrx_word' id='word_1_259' title='bbox 1251 1508 1539 1560; x_wconf 84' lang='lat' dir='ltr'>adspectabant</span> <span class='ocrx_word' id='word_1_260' title='bbox 1537 1508 1644 1562; x_wconf 86' lang='lat' dir='ltr'>flen-</span> 
     </span>
     <span class='ocr_line' id='line_1_52' title="bbox 926 1565 1644 1618; baseline -0.004 -13"><span class='ocrx_word' id='word_1_261' title='bbox 926 1578 982 1605; x_wconf 84' lang='lat' dir='ltr'>tes</span> <span class='ocrx_word' id='word_1_262' title='bbox 994 1583 1011 1614; x_wconf 87' lang='lat'><em>;</em></span> <span class='ocrx_word' id='word_1_263' title='bbox 1033 1576 1071 1606; x_wconf 91' lang='lat' dir='ltr'>et</span> <span class='ocrx_word' id='word_1_264' title='bbox 1087 1567 1196 1618; x_wconf 92' lang='lat' dir='ltr'>quod</span> <span class='ocrx_word' id='word_1_265' title='bbox 1211 1568 1341 1605; x_wconf 79' lang='lat' dir='ltr'>statim</span> <span class='ocrx_word' id='word_1_266' title='bbox 1356 1565 1535 1617; x_wconf 85' lang='lat' dir='ltr'>querelas</span> <span class='ocrx_word' id='word_1_267' title='bbox 1553 1565 1644 1603; x_wconf 89' lang='lat' dir='ltr'>snb-</span> 
     </span>
     <span class='ocr_line' id='line_1_53' title="bbox 921 1623 1647 1678; baseline -0.004 -15"><span class='ocrx_word' id='word_1_268' title='bbox 921 1628 1054 1678; x_wconf 80' lang='lat' dir='ltr'>jungit</span> <span class='ocrx_word' id='word_1_269' title='bbox 1075 1639 1084 1665; x_wconf 68' lang='grc' dir='ltr'>ξ</span> <span class='ocrx_word' id='word_1_270' title='bbox 1108 1625 1182 1663; x_wconf 78' lang='lat' dir='ltr'>heu</span> <span class='ocrx_word' id='word_1_271' title='bbox 1207 1635 1363 1663; x_wconf 84' lang='lat' dir='ltr'>tantum</span> <span class='ocrx_word' id='word_1_272' title='bbox 1388 1623 1474 1662; x_wconf 80' lang='lat' dir='ltr'>viae</span> <span class='ocrx_word' id='word_1_273' title='bbox 1498 1623 1574 1661; x_wconf 84' lang='lat' dir='ltr'>sibi</span> <span class='ocrx_word' id='word_1_274' title='bbox 1590 1626 1647 1661; x_wconf 83' lang='lat' dir='ltr'>Ee</span> 
     </span>
     <span class='ocr_line' id='line_1_54' title="bbox 926 1682 1639 1735; baseline -0.004 -14"><span class='ocrx_word' id='word_1_275' title='bbox 926 1694 1082 1722; x_wconf 85' lang='lat' dir='ltr'>tantum</span> <span class='ocrx_word' id='word_1_276' title='bbox 1107 1697 1307 1735; x_wconf 86' lang='lat' dir='ltr'>superesse</span> <span class='ocrx_word' id='word_1_277' title='bbox 1324 1682 1459 1720; x_wconf 79' lang='lat' dir='ltr'>maris.</span> <span class='ocrx_word' id='word_1_278' title='bbox 1471 1703 1530 1710; x_wconf 91' lang='lat'>—</span> <span class='ocrx_word' id='word_1_279' title='bbox 1542 1682 1567 1718; x_wconf 89' lang='lat'>6</span> <span class='ocrx_word' id='word_1_280' title='bbox 1578 1694 1639 1729; x_wconf 84' lang='lat'>17.</span> 
     </span>
     <span class='ocr_line' id='line_1_55' title="bbox 926 1739 1410 1792; baseline -0.004 -12"><span class='ocrx_word' id='word_1_281' title='bbox 926 1743 1092 1787; x_wconf 89' lang='lat' dir='ltr'>Urbem,</span> <span class='ocrx_word' id='word_1_282' title='bbox 1115 1741 1246 1792; x_wconf 87' lang='lat' dir='ltr'>simpl.</span> <span class='ocrx_word' id='word_1_283' title='bbox 1266 1739 1410 1778; x_wconf 86' lang='lat' dir='ltr'>sedem.</span> 
     </span>
    </p>

    <p class='ocr_par' dir='ltr' id='par_1_19' title="bbox 916 1797 1641 2826">
     <span class='ocr_line' id='line_1_56' title="bbox 982 1797 1638 1850; baseline -0.003 -13"><span class='ocrx_word' id='word_1_284' title='bbox 982 1801 1079 1850; x_wconf 87' lang='lat'><strong>619.</strong></span> <span class='ocrx_word' id='word_1_285' title='bbox 1113 1797 1273 1836; x_wconf 84' lang='lat' dir='ltr'>Miscuit</span> <span class='ocrx_word' id='word_1_286' title='bbox 1302 1797 1396 1850; x_wconf 63' lang='lat' dir='ltr'>ets:</span> <span class='ocrx_word' id='word_1_287' title='bbox 1416 1797 1538 1835; x_wconf 88' lang='lat' dir='ltr'>Goth.</span> <span class='ocrx_word' id='word_1_288' title='bbox 1561 1811 1638 1836; x_wconf 87' lang='lat' dir='ltr'>sec.</span> 
     </span>
     <span class='ocr_line' id='line_1_57' title="bbox 921 1856 1641 1906; baseline 0.001 -14"><span class='ocrx_word' id='word_1_289' title='bbox 921 1880 980 1885; x_wconf 84' lang='lat'>—-</span> <span class='ocrx_word' id='word_1_290' title='bbox 1001 1860 1180 1902; x_wconf 81' lang='lat' dir='ltr'>Vestem,</span> <span class='ocrx_word' id='word_1_291' title='bbox 1215 1856 1515 1902; x_wconf 82' lang='lat' dir='ltr'>versicolorem,</span> <span class='ocrx_word' id='word_1_292' title='bbox 1548 1868 1641 1906; x_wconf 87' lang='lat' dir='ltr'>qua-</span> 
     </span>
     <span class='ocr_line' id='line_1_58' title="bbox 920 1913 1638 1952; baseline -0.001 0"><span class='ocrx_word' id='word_1_293' title='bbox 920 1915 968 1952; x_wconf 79' lang='lat' dir='ltr'>lis</span> <span class='ocrx_word' id='word_1_294' title='bbox 992 1915 1082 1951; x_wconf 85' lang='lat' dir='ltr'>alias</span> <span class='ocrx_word' id='word_1_295' title='bbox 1106 1914 1203 1952; x_wconf 79' lang='lat' dir='ltr'>Iridi</span> <span class='ocrx_word' id='word_1_296' title='bbox 1225 1913 1430 1951; x_wconf 79' lang='lat' dir='ltr'>tribuitur.</span> <span class='ocrx_word' id='word_1_297' title='bbox 1451 1915 1638 1951; x_wconf 82' lang='lat' dir='ltr'>Attamen</span> 
     </span>
     <span class='ocr_line' id='line_1_59' title="bbox 921 1972 1637 2023; baseline -0.001 -14"><span class='ocrx_word' id='word_1_298' title='bbox 921 1985 1041 2023; x_wconf 89' lang='lat' dir='ltr'>supra</span> <span class='ocrx_word' id='word_1_299' title='bbox 1059 1972 1106 2009; x_wconf 90' lang='lat' dir='ltr'>de</span> <span class='ocrx_word' id='word_1_300' title='bbox 1125 1975 1281 2010; x_wconf 88' lang='lat' dir='ltr'>Venere</span> <span class='ocrx_word' id='word_1_301' title='bbox 1307 1983 1469 2022; x_wconf 84' lang='lat' dir='ltr'>quoqne</span> <span class='ocrx_word' id='word_1_302' title='bbox 1487 1973 1530 2018; x_wconf 91' lang='grc' dir='ltr'>Ι,</span> <span class='ocrx_word' id='word_1_303' title='bbox 1554 1978 1637 2017; x_wconf 78' lang='grc'>404</span> 
     </span>
     <span class='ocr_line' id='line_1_60' title="bbox 916 2027 1640 2084; baseline 0 -17"><span class='ocrx_word' id='word_1_304' title='bbox 916 2030 1041 2081; x_wconf 80' lang='lat' dir='ltr'>pedes</span> <span class='ocrx_word' id='word_1_305' title='bbox 1056 2029 1181 2068; x_wconf 72' lang='lat' dir='ltr'>vestis</span> <span class='ocrx_word' id='word_1_306' title='bbox 1198 2028 1372 2084; x_wconf 73' lang='lat' dir='ltr'>defluxit</span> <span class='ocrx_word' id='word_1_307' title='bbox 1391 2027 1450 2065; x_wconf 90' lang='lat' dir='ltr'>ad</span> <span class='ocrx_word' id='word_1_308' title='bbox 1467 2029 1568 2066; x_wconf 83' lang='lat' dir='ltr'>imos</span> <span class='ocrx_word' id='word_1_309' title='bbox 1584 2031 1640 2067; x_wconf 82' lang='lat' dir='ltr'>Et</span> 
     </span>
     <span class='ocr_line' id='line_1_61' title="bbox 921 2085 1635 2138; baseline 0 -13"><span class='ocrx_word' id='word_1_310' title='bbox 921 2102 1024 2126; x_wconf 70' lang='lat' dir='ltr'>vera</span> <span class='ocrx_word' id='word_1_311' title='bbox 1041 2088 1194 2125; x_wconf 84' lang='lat' dir='ltr'>incessu</span> <span class='ocrx_word' id='word_1_312' title='bbox 1203 2086 1343 2138; x_wconf 82' lang='lat' dir='ltr'>patuit</span> <span class='ocrx_word' id='word_1_313' title='bbox 1356 2086 1434 2126; x_wconf 85' lang='lat' dir='ltr'>dea</span> <span class='ocrx_word' id='word_1_314' title='bbox 1446 2099 1459 2122; x_wconf 90' lang='lat'><em>:</em></span> <span class='ocrx_word' id='word_1_315' title='bbox 1471 2095 1519 2124; x_wconf 89' lang='lat' dir='ltr'>ut</span> <span class='ocrx_word' id='word_1_316' title='bbox 1537 2085 1635 2125; x_wconf 85' lang='lat' dir='ltr'>adeo</span> 
     </span>
     <span class='ocr_line' id='line_1_62' title="bbox 922 2143 1634 2196; baseline -0.003 -13"><span class='ocrx_word' id='word_1_317' title='bbox 922 2148 1039 2183; x_wconf 87' lang='lat' dir='ltr'>etiam</span> <span class='ocrx_word' id='word_1_318' title='bbox 1052 2175 1062 2193; x_wconf 90' lang='lat'><strong><em>,</em></strong></span> <span class='ocrx_word' id='word_1_319' title='bbox 1087 2154 1274 2196; x_wconf 89' lang='lat' dir='ltr'>tanquam</span> <span class='ocrx_word' id='word_1_320' title='bbox 1293 2158 1344 2182; x_wconf 84' lang='lat' dir='ltr'>ex</span> <span class='ocrx_word' id='word_1_321' title='bbox 1363 2143 1511 2181; x_wconf 82' lang='lat' dir='ltr'>deabus</span> <span class='ocrx_word' id='word_1_322' title='bbox 1529 2157 1609 2181; x_wconf 90' lang='lat' dir='ltr'>una</span> <span class='ocrx_word' id='word_1_323' title='bbox 1624 2173 1634 2190; x_wconf 90' lang='lat'><em>‚</em></span> 
     </span>
     <span class='ocr_line' id='line_1_63' title="bbox 921 2202 1632 2254; baseline -0.003 -13"><span class='ocrx_word' id='word_1_324' title='bbox 921 2217 1033 2241; x_wconf 83' lang='lat' dir='ltr'>suam</span> <span class='ocrx_word' id='word_1_325' title='bbox 1065 2204 1210 2254; x_wconf 84' lang='lat' dir='ltr'>pallam</span> <span class='ocrx_word' id='word_1_326' title='bbox 1244 2203 1419 2240; x_wconf 81' lang='lat' dir='ltr'>haberet.</span> <span class='ocrx_word' id='word_1_327' title='bbox 1451 2224 1508 2230; x_wconf 94' lang='grc'>--</span> <span class='ocrx_word' id='word_1_328' title='bbox 1535 2202 1632 2239; x_wconf 81' lang='lat'><strong>620.</strong></span> 
     </span>
     <span class='ocr_line' id='line_1_64' title="bbox 922 2260 1632 2313; baseline -0.001 -15"><span class='ocrx_word' id='word_1_329' title='bbox 922 2262 1085 2298; x_wconf 85' lang='lat' dir='ltr'>Ismarii</span> <span class='ocrx_word' id='word_1_330' title='bbox 1093 2263 1250 2313; x_wconf 80' lang='lat' dir='ltr'>vulgata</span> <span class='ocrx_word' id='word_1_331' title='bbox 1259 2261 1380 2298; x_wconf 84' lang='lat' dir='ltr'>lectio</span> <span class='ocrx_word' id='word_1_332' title='bbox 1390 2268 1480 2296; x_wconf 88' lang='lat' dir='ltr'>ante</span> <span class='ocrx_word' id='word_1_333' title='bbox 1495 2260 1632 2297; x_wconf 79' lang='lat' dir='ltr'>Heius.</span> 
     </span>
     <span class='ocr_line' id='line_1_65' title="bbox 923 2317 1634 2369; baseline -0.008 -11"><span class='ocrx_word' id='word_1_334' title='bbox 923 2334 942 2357; x_wconf 91' lang='lat' dir='ltr'>e</span> <span class='ocrx_word' id='word_1_335' title='bbox 964 2319 1252 2358; x_wconf 86' lang='lat' dir='ltr'>recentioribus</span> <span class='ocrx_word' id='word_1_336' title='bbox 1277 2318 1377 2369; x_wconf 81' lang='lat' dir='ltr'>(etsi</span> <span class='ocrx_word' id='word_1_337' title='bbox 1409 2325 1449 2353; x_wconf 92' lang='lat' dir='ltr'>et</span> <span class='ocrx_word' id='word_1_338' title='bbox 1476 2317 1634 2354; x_wconf 73' lang='lat' dir='ltr'>Servius</span> 
     </span>
     <span class='ocr_line' id='line_1_66' title="bbox 923 2373 1635 2430; baseline -0.01 -14"><span class='ocrx_word' id='word_1_339' title='bbox 923 2391 1132 2430; x_wconf 85' lang='lat' dir='ltr'>agnoscere</span> <span class='ocrx_word' id='word_1_340' title='bbox 1148 2375 1332 2426; x_wconf 85' lang='lat' dir='ltr'>videtur)</span> <span class='ocrx_word' id='word_1_341' title='bbox 1349 2374 1470 2425; x_wconf 86' lang='lat' dir='ltr'>petita</span> <span class='ocrx_word' id='word_1_342' title='bbox 1489 2382 1572 2410; x_wconf 86' lang='lat' dir='ltr'>erat</span> <span class='ocrx_word' id='word_1_343' title='bbox 1590 2373 1635 2410; x_wconf 87' lang='lat' dir='ltr'>li-</span> 
     </span>
     <span class='ocr_line' id='line_1_67' title="bbox 923 2431 1632 2482; baseline -0.008 -9"><span class='ocrx_word' id='word_1_344' title='bbox 923 2436 1028 2482; x_wconf 87' lang='lat' dir='ltr'>bris;</span> <span class='ocrx_word' id='word_1_345' title='bbox 1054 2434 1206 2473; x_wconf 87' lang='lat' dir='ltr'>Tmarii</span> <span class='ocrx_word' id='word_1_346' title='bbox 1221 2433 1408 2471; x_wconf 86' lang='lat' dir='ltr'>Heinsius</span> <span class='ocrx_word' id='word_1_347' title='bbox 1436 2431 1632 2477; x_wconf 84' lang='lat' dir='ltr'>resn&#39;tuit,</span> 
     </span>
     <span class='ocr_line' id='line_1_68' title="bbox 923 2489 1634 2535; baseline -0.01 -4"><span class='ocrx_word' id='word_1_348' title='bbox 923 2495 1040 2531; x_wconf 87' lang='lat' dir='ltr'>etiam</span> <span class='ocrx_word' id='word_1_349' title='bbox 1067 2493 1265 2530; x_wconf 86' lang='lat' dir='ltr'>librorum</span> <span class='ocrx_word' id='word_1_350' title='bbox 1297 2490 1550 2535; x_wconf 81' lang='lat' dir='ltr'>auctoritate,</span> <span class='ocrx_word' id='word_1_351' title='bbox 1591 2489 1634 2525; x_wconf 88' lang='lat' dir='ltr'>in</span> 
     </span>
     <span class='ocr_line' id='line_1_69' title="bbox 926 2546 1636 2602; baseline -0.008 -14"><span class='ocrx_word' id='word_1_352' title='bbox 926 2551 1073 2602; x_wconf 89' lang='lat' dir='ltr'>quibus</span> <span class='ocrx_word' id='word_1_353' title='bbox 1100 2549 1166 2586; x_wconf 81' lang='lat' dir='ltr'>vel</span> <span class='ocrx_word' id='word_1_354' title='bbox 1201 2547 1356 2586; x_wconf 87' lang='lat' dir='ltr'>Tmarii</span> <span class='ocrx_word' id='word_1_355' title='bbox 1385 2546 1552 2594; x_wconf 78' lang='lat' dir='ltr'>diserte,</span> <span class='ocrx_word' id='word_1_356' title='bbox 1589 2553 1636 2582; x_wconf 81' lang='lat' dir='ltr'>ut</span> 
     </span>
     <span class='ocr_line' id='line_1_70' title="bbox 928 2602 1633 2652; baseline -0.009 -6"><span class='ocrx_word' id='word_1_357' title='bbox 928 2610 1042 2646; x_wconf 88' lang='lat' dir='ltr'>etiam</span> <span class='ocrx_word' id='word_1_358' title='bbox 1066 2609 1110 2644; x_wconf 90' lang='lat' dir='ltr'>in</span> <span class='ocrx_word' id='word_1_359' title='bbox 1138 2609 1254 2645; x_wconf 88' lang='lat' dir='ltr'>Rom.</span> <span class='ocrx_word' id='word_1_360' title='bbox 1278 2606 1377 2652; x_wconf 84' lang='lat' dir='ltr'>fnit,</span> <span class='ocrx_word' id='word_1_361' title='bbox 1411 2606 1454 2642; x_wconf 92' lang='lat' dir='ltr'>in</span> <span class='ocrx_word' id='word_1_362' title='bbox 1484 2602 1633 2642; x_wconf 86' lang='lat' dir='ltr'>Medic.</span> 
     </span>
     <span class='ocr_line' id='line_1_71' title="bbox 927 2659 1632 2716; baseline -0.009 -12"><span class='ocrx_word' id='word_1_363' title='bbox 927 2679 1016 2704; x_wconf 83' lang='grc'><strong>3111.</strong></span> <span class='ocrx_word' id='word_1_364' title='bbox 1040 2679 1102 2716; x_wconf 83' lang='grc' dir='ltr'>Ρ1.</span> <span class='ocrx_word' id='word_1_365' title='bbox 1135 2664 1268 2712; x_wconf 87' lang='lat' dir='ltr'>Mari,</span> <span class='ocrx_word' id='word_1_366' title='bbox 1307 2677 1330 2701; x_wconf 89' lang='lat' dir='ltr'>a</span> <span class='ocrx_word' id='word_1_367' title='bbox 1359 2676 1436 2701; x_wconf 84' lang='lat' dir='ltr'>sec.</span> <span class='ocrx_word' id='word_1_368' title='bbox 1467 2659 1632 2700; x_wconf 83' lang='lat' dir='ltr'>Tmarii.</span> 
     </span>
     <span class='ocr_line' id='line_1_72' title="bbox 927 2718 1635 2768; baseline -0.013 -5"><span class='ocrx_word' id='word_1_369' title='bbox 927 2727 976 2763; x_wconf 89' lang='lat' dir='ltr'>In</span> <span class='ocrx_word' id='word_1_370' title='bbox 998 2731 1090 2761; x_wconf 84' lang='lat' dir='ltr'>cett.</span> <span class='ocrx_word' id='word_1_371' title='bbox 1114 2721 1261 2768; x_wconf 80' lang='lat' dir='ltr'>Marii,</span> <span class='ocrx_word' id='word_1_372' title='bbox 1298 2719 1474 2765; x_wconf 76' lang='lat' dir='ltr'>Tium-ii,</span> <span class='ocrx_word' id='word_1_373' title='bbox 1502 2718 1635 2757; x_wconf 85' lang='lat' dir='ltr'>Tima-</span> 
     </span>
     <span class='ocr_line' id='line_1_73' title="bbox 927 2773 1636 2826; baseline -0.008 -8"><span class='ocrx_word' id='word_1_374' title='bbox 927 2781 999 2826; x_wconf 85' lang='lat' dir='ltr'>rii,</span> <span class='ocrx_word' id='word_1_375' title='bbox 1031 2780 1160 2826; x_wconf 86' lang='lat' dir='ltr'>Tarii,</span> <span class='ocrx_word' id='word_1_376' title='bbox 1198 2779 1348 2820; x_wconf 80' lang='lat' dir='ltr'>Thiari.</span> <span class='ocrx_word' id='word_1_377' title='bbox 1366 2794 1406 2818; x_wconf 85' lang='lat' dir='ltr'>v.</span> <span class='ocrx_word' id='word_1_378' title='bbox 1424 2778 1562 2816; x_wconf 83' lang='lat' dir='ltr'>Heius.</span> <span class='ocrx_word' id='word_1_379' title='bbox 1587 2773 1636 2813; x_wconf 87' lang='lat' dir='ltr'>ad</span> 
     </span>
    </p>
   </div>
  </div>
 </body>
</html>
