1767 3054
312 125 384 190 P.
443 119 893 189 VIRGILII
954 119 1411 188 MARONIS

511 313 1217 422 AENEIDOS

301 626 306 631 ,
351 557 696 628 LIBER
761 557 1363 628 SEPTIMUS.

114 778 307 792 Μδῶδιὶ
313 779 484 794 δῑὶἱνδὶ
489 780 1511 797 ἏὶΒἊΒὌΩΜΒὮδΜἉὮΜΜΜΚΏῼιὯὶἱνδὶἱ
1519 780 1614 794 δῑςῦ

584 945 1155 990 ARGUMENTUM.

173 1122 385 1166 Guium,
411 1122 608 1158 nutricem
633 1134 766 1167 suam,
796 1124 935 1159 AEneas
963 1121 1122 1172 sepelit,
1157 1120 1373 1172 locumque
1406 1124 1537 1173 ipsum
1572 1124 1620 1161 ab

114 1197 198 1242 ejus
215 1197 376 1232 nomine
400 1195 572 1233 Caietam
602 1195 773 1246 appellat
789 1216 845 1224 —-—
874 1198 910 1234 5.
933 1195 1028 1234 Inde
1055 1196 1189 1234 Circes
1208 1195 1340 1233 sedem
1367 1197 1622 1247 praetervehi-

116 1277 180 1305 tur
196 1289 253 1296 —-
271 1276 323 1312 24
337 1296 347 1314 ,
367 1267 623 1319 secundoque
642 1278 768 1306 vento
788 1268 836 1306 ad
854 1269 1011 1307 Tiberis
1033 1271 1131 1307 ostia
1150 1268 1328 1307 defertur
1347 1282 1356 1308 :
1379 1269 1624 1321 adversoque

117 1343 277 1381 flumine
305 1343 540 1391 subvectus,
570 1346 612 1382 in
639 1347 876 1382 Laurentem
906 1357 1046 1397 agrum
1067 1343 1273 1396 egreditur
1294 1366 1353 1373 --
1376 1345 1444 1383 36.
1463 1346 1623 1397 Digres-

115 1419 224 1456 sione
255 1418 303 1456 de
332 1419 463 1469 prisco
497 1420 597 1456 Latii
620 1428 748 1465 statu,
776 1429 814 1457 et
847 1419 896 1457 de
926 1419 1142 1470 prodigiis,
1176 1419 1324 1470 quibus
1358 1421 1625 1469 Trojanornm

113 1492 307 1530 adventus
332 1492 588 1530 denuntiatus
619 1493 771 1539 fuerat,
806 1493 908 1531 facta
937 1516 994 1522 -
1031 1494 1131 1541 106,
1161 1495 1291 1546 pergit
1317 1507 1476 1532 narrare
1506 1503 1624 1546 poeta

113 1568 222 1607 aliud
240 1577 440 1607 ostentum
461 1581 707 1607 comesarum
725 1582 972 1616 mensarnm;
992 1582 1119 1620 quum
1136 1570 1279 1606 AEneas
1295 1582 1346 1607 ex
1363 1570 1525 1607 Ascanii
1541 1583 1625 1608 ver-

111 1647 173 1685 bis
204 1649 476 1699 cognovisset,
498 1661 583 1684 eam
621 1659 701 1684 esse
737 1655 879 1683 terram
912 1646 999 1683 fatis
1028 1644 1104 1683 sibi
1137 1645 1334 1691 debitam,
1359 1645 1405 1683 ad
1437 1647 1622 1684 Latinum

113 1736 242 1774 regem
255 1751 267 1770 ‚
286 1724 358 1774 qui
380 1723 464 1771 ejus
489 1731 637 1760 tractus
656 1734 823 1773 regnum
846 1719 1078 1767 obtinebat,
1100 1728 1264 1758 centum
1281 1729 1458 1758 oratores
1476 1721 1598 1758 mittit
1614 1749 1624 1767 ‚

112 1799 182 1847 qni
201 1806 240 1834 et
258 1810 331 1836 suo
351 1799 516 1835 nomine
536 1798 594 1834 illi
625 1810 792 1834 munera
812 1796 1026 1842 offerrent,
1054 1804 1092 1833 et
1115 1796 1228 1833 urbis
1248 1778 1470 1834 eondendae
1488 1796 1623 1834 locnm

114 1881 303 1923 peterent.
323 1875 478 1910 Interea
503 1880 626 1909 castra
647 1880 818 1909 metatur
834 1893 893 1900 —-
918 1885 933 1907 1
946 1872 1012 1920 59.
1029 1871 1216 1916 Latinus,
1236 1870 1432 1920 legatione
1450 1871 1622 1923 benigne

113 1947 244 1985 audita
257 1976 267 1994 ,
293 1955 437 1998 praeter
465 1945 662 1996 postulata
676 1974 686 1986 ,
711 1946 911 1982 Laviniam
933 1942 1055 1981 filiam
1075 1957 1186 1981 suam
1201 1972 1210 1988 ‚
1241 1957 1382 1993 quam,
1402 1957 1452 1981 ex
1470 1946 1596 1982 Fanni
1609 1975 1620 1992 ‚

113 2022 234 2073 patris
254 2021 316 2057 sni
330 2048 341 2065 ‚
365 2018 556 2063 oraculis,
576 2027 613 2055 et
631 2031 681 2054 ex
705 2031 903 2067 augurum
923 2016 1121 2066 responsis
1134 2044 1144 2061 ‚
1171 2023 1338 2054 externo
1355 2018 1444 2055 viro
1467 2019 1623 2058 tradere

111 2096 351 2146 J'ubebatur‚
385 2093 493 2130 ultro
529 2094 661 2128 AEneae
698 2091 909 2140 conjugem
941 2090 1060 2126 offert
1087 2110 1144 2118 ——
1176 2090 1272 2127 285.
1302 2092 1465 2129 Interim
1485 2095 1624 2138 June,

114 2172 312 2224 prosperis
332 2169 598 2216 ‘trojanorum
615 2164 735 2202 rebus
754 2163 902 2202 offensa
915 2193 925 2211 ,
945 2164 1086 2202 Alecto
1106 2164 1152 2202 ad
1170 2165 1470 2206 disturbandam
1485 2183 1623 2221 pacem

112 2251 162 2288 ab
182 2248 318 2286 inferis
338 2253 475 2282 evocat
494 2265 550 2271 --
576 2243 656 2285 340
681 2254 689 2278 :
711 2253 800 2291 quae
819 2242 992 2291 primum
1009 2242 1212 2288 Amatam,
1231 2244 1360 2281 Latini
1377 2257 1545 2283 uxorem
1566 2267 1622 2275 -—

115 2324 218 2369 405,
243 2318 384 2357 deinde
406 2319 534 2367 ipsum
556 2316 671 2351 etiam
689 2315 874 2351 Turnum
897 2313 1010 2350 furiis
1031 2315 1110 2351 suis
1129 2315 1269 2366 implet
1288 2338 1346 2346 -——
1365 2319 1447 2363 434
1470 2331 1480 2356 z
1503 2328 1619 2371 atque

113 2396 204 2435 inde
240 2394 287 2432 ad
322 2393 588 2440 Trojanorum
616 2390 866 2438 juventutem
893 2401 1107 2434 conversa,
1139 2402 1228 2440 qua.-
1261 2399 1345 2428 tum
1379 2392 1480 2430 sorte
1501 2407 1621 2432 vena-

115 2472 214 2510 tioni
244 2480 402 2519 operam
429 2465 566 2505 dabat,
595 2471 844 2500 mansuetum
877 2462 955 2499 illis
984 2476 1146 2501 cervum
1169 2464 1327 2514 objicit,
1357 2468 1527 2519 Tyrrhi,
1560 2483 1621 2506 ar-

114 2544 296 2583 mentarii
312 2543 408 2594 regii
421 2570 430 2587 ,
448 2541 583 2578 liberis
601 2540 783 2590 inprimis
804 2551 965 2586 carum;
983 2552 1101 2589 quem
1120 2553 1247 2591 quum
1266 2543 1466 2581 Ascanius
1485 2546 1623 2596 sagitta

114 2618 380 2664 vulnerasset,
413 2615 573 2660 rustici,
595 2614 761 2664 arreptis
794 2613 929 2659 armis,
961 2613 1004 2650 in
1030 2614 1225 2663 Trojanos
1252 2617 1446 2667 impetum
1470 2617 1623 2656 facium

114 2714 171 2720 —
193 2693 287 2730 510.
321 2691 462 2729 Alecto
495 2703 546 2728 ex
581 2689 784 2740 superiore
818 2689 909 2727 loco
940 2688 1145 2727 classicum
1177 2693 1310 2731 canit:
1334 2691 1481 2731 cadunt
1506 2696 1547 2731 in
1576 2707 1622 2730 eo

111 2765 289 2803 tumultu
322 2766 492 2810 Almon,
513 2764 658 2816 T5rrhi
682 2762 789 2802 filius
812 2772 908 2801 natu
938 2765 1153 2814 maximus,
1176 2775 1213 2804 et
1243 2766 1430 2814 Galesm,
1455 2766 1620 2819 agricola

1297 2852 1375 2898 ν’

1330 2893 1340 2910 Ι
