1767 3054
147 95 197 128 72
775 86 1022 124 AExfflnos

149 153 321 215 Exigui
345 170 568 211 numero,
591 153 672 200 scd
696 153 821 201 bello
848 155 1008 202 vivida
1030 157 1194 204 virtus.

147 232 334 276 Interea
357 232 526 277 AEncas
549 230 717 277 urbem
742 230 953 293 designat
974 245 1156 292 aratro,
1589 248 1648 289 755

148 307 449 368 Sortitusque
473 306 662 365 domos,
688 307 780 353 hoc
805 308 972 365 Ilium,
1000 320 1046 355 ct
1070 309 1171 356 haec
1194 311 1298 356 loca
1320 311 1511 373 Trojam

148 383 260 427 Esse
278 382 430 445 jubet.
453 383 641 429 Gaudet
665 398 811 444 regno
830 384 1062 446 Trojanus
1082 389 1293 444 Acestes,

149 455 417 518 Indicitquc
444 457 623 514 sorum,
650 467 695 502 ct
716 456 933 518 patribus
955 457 1034 504 dat
1052 459 1162 522 jura
1185 462 1377 508 vocatis.

147 532 268 575 Tum
291 531 447 577 vicina
473 531 608 577 astris
633 532 838 592 Erycino
858 532 909 577 in
931 533 1109 579 vertice
1129 535 1260 581 sedes

148 606 394 652 Fundatur
417 609 595 653 Veneri
619 607 804 667 Idaliae,
830 609 1109 670 tumuloque
1132 606 1371 669 sacerdos,
1588 623 1647 663 760

148 688 217 728 Ac
238 684 370 728 lucus
393 683 485 729 late
507 699 640 729 sacer
659 683 851 730 additur
870 684 1122 731 Anchiseo,

149 763 348 820 Jamque
372 758 471 806 dies
496 760 685 822 epulata
709 775 882 806 novem
907 777 1018 823 gens
1044 761 1217 820 omnis,
1241 771 1287 806 et
1311 760 1404 806 aris

148 941 298 976 tionem
318 947 409 989 post
432 938 600 990 navigiis
622 938 764 988 probat
779 942 866 977 Ser-

150 1000 250 1034 vius.
274 998 356 1035 Alii
377 996 494 1034 codd.
518 995 623 1034 haud
647 996 768 1033 dubie
791 1010 868 1034 me-

149 1055 228 1092 lius
252 1069 342 1093 cum
362 1056 529 1093 Heinsio
549 1067 558 1091 :
582 1054 736 1091 Robora
755 1068 769 1090 .·
795 1067 867 1090 ηα-

150 1113 262 1164 vt'giis
279 1123 427 1164 aptant
440 1127 472 1151 r.
485 1116 587 1152 Nam
603 1126 794 1162 reponere
811 1121 868 1149 est

149 1172 552 1220 instaurare—754.
575 1171 657 1208 Sed
681 1171 784 1207 bello
801 1169 865 1207 ‘vi-

149 1228 241 1266 vida
265 1230 394 1268 virtus
407 1245 423 1276 ;
449 1232 531 1267 vim
563 1230 735 1266 orationi
758 1228 868 1266 addit

146 1289 344 1335 inversio,
365 1289 439 1326 sed
453 1289 566 1332 tales,
590 1287 729 1338 quibus
745 1287 797 1323 sit
809 1285 868 1323 νί-

148 1345 240 1382 vida
263 1347 391 1384 virtus
412 1345 470 1384 ad
485 1346 643 1382 bellum.

211 1406 316 1452 755,
341 1406 435 1451 756.
459 1404 573 1442 Conf.
604 1406 645 1448 Ι,
670 1404 750 1446 423
782 1416 866 1453 sqq.

146 1465 285 1499 AEneas
317 1465 459 1500 sortito
490 1461 694 1499 distribuit
730 1460 866 1497 locum

148 1519 297 1556 cedibus
308 1521 466 1558 futuris.
481 1521 568 1556 Hoc
588 1518 708 1555 Ilium
729 1527 768 1554 ec
783 1517 867 1555 lzcec

147 1578 237 1614 loca
281 1578 444 1629 Trojam
461 1606 471 1624 ‚
511 1576 786 1614 recordatione
829 1586 867 1614 et

145 1638 492 1686 repraesentatione
525 1634 574 1671 ad
604 1636 780 1671 animum
804 1648 866 1671 ve-

145 1695 237 1731 teris
255 1695 381 1742 Trojae
395 1723 405 1740 ‚
442 1706 567 1744 quum
592 1706 738 1730 novam
758 1692 865 1730 colo-

145 1754 251 1789 niam
267 1751 456 1789 conderet
469 1780 480 1798 ‚
504 1751 608 1787 hanc
626 1764 700 1800 pro
725 1750 800 1788 Ilio
826 1760 865 1788 et

145 1810 265 1857 Troja
281 1823 362 1846 esse
382 1809 482 1846 vult.
504 1808 649 1847 Similis
666 1809 782 1844 facies
799 1821 863 1845 ur-

145 1867 206 1904 bis
231 1867 278 1903 ab
307 1867 463 1904 Heleno
480 1868 523 1903 in
543 1867 666 1916 Epiro
691 1865 862 1903 conditae

144 1938 232 1975 sup.
255 1927 316 1962 III
331 1954 340 1972 ‚
367 1927 448 1963 300
467 1938 525 1974 sq.

206 1983 283 2031 757
304 2012 313 2030 ,
347 1983 441 2031 758.
473 1985 611 2034 Regno
629 1994 734 2019 nova
751 1982 864 2033 regni

143 2042 206 2078 sui
224 2043 448 2079 accessione
462 2069 472 2088 ‚
493 2053 597 2078 nova
616 2039 728 2078 urbe.
752 2039 862 2077 Indi-

144 2097 197 2135 cit
205 2098 359 2150 sorum.
381 2099 540 2137 Servius
559 2110 568 2136 ε
587 2108 739 2148 tempus
756 2107 794 2134 ec
810 2098 864 2135 lo-

144 2170 233 2193 cum
257 2157 448 2209 designat
465 2157 713 2208 agendorum
743 2169 863 2208 nego-

144 2223 286 2251 tzorum
302 2243 313 2259 ,
353 2215 423 2265 qui
445 2224 660 2252 conventus
678 2224 862 2252 vocatur.

144 2272 271 2310 Cerda
286 2274 418 2309 minus
440 2272 542 2310 bene
566 2273 615 2310 de
642 2281 863 2310 convocato

144 2343 251 2368 novo
272 2339 434 2377 senatu3
459 2330 527 2367 sed
533 2329 673 2382 jbrmn
695 2343 787 2367 cum
807 2344 864 2368 se-

144 2396 240 2425 natu
263 2390 446 2438 junctum
466 2388 574 2426 haud
593 2388 714 2425 dubie
734 2388 783 2424 ad
801 2389 863 2436 ju-

144 2443 244 2482 dicia
263 2455 423 2496 spectat.
446 2450 588 2485 AEncas
601 2446 750 2495 judicia
768 2459 862 2484 con-

144 2503 296 2549 stituit,
325 2518 407 2540 rem
434 2505 686 2552 judiciariam
717 2504 861 2541 descri-

145 2558 230 2606 bit3
248 2568 334 2597 tum
344 2562 527 2611 patribus
542 2562 704 2599 voeatis
714 2591 726 2608 ,
749 2574 859 2599 sena-

145 2625 190 2655 tu
225 2617 329 2656 lecto
361 2627 478 2669 atque
510 2629 731 2657 convocato
745 2648 756 2667 ,
791 2619 862 2656 dat

136 2674 257 2726 jura,
285 2675 334 2712 ad
361 2685 540 2713 senatum
569 2677 644 2714 fert
666 2677 714 2714 de
747 2678 862 2714 novis

143 2733 298 2786 legibus
310 2734 540 2772 scribendis.
555 2735 648 2785 Sup.
663 2736 694 2781 Ι,
714 2733 863 2785 4261'u-

936 952 983 975 ra
1006 939 1366 992 magistratumque
1385 939 1525 991 legunt
1539 953 1653 978 sanc-

936 1007 1095 1048 tumque
1108 1006 1289 1033 senatum
1304 1012 1320 1041 ,·
1340 998 1410 1047 qui
1422 1011 1558 1035 versus
1576 998 1654 1037 for·

936 1064 974 1091 te
998 1068 1046 1091 ex
1066 1055 1142 1091 hoe
1164 1062 1303 1091 nostro
1326 1055 1485 1093 coaluit.
1514 1057 1650 1093 Minus

934 1112 1036 1148 bene
1058 1112 1228 1149 Servius.

997 1183 1015 1216 7
1027 1170 1091 1219 59.
1117 1171 1216 1206 Tum
1237 1169 1454 1207 vindicavit
1471 1171 1571 1209 Pier.
1587 1171 1652 1208 Vi-

934 1225 1024 1264 cino
1050 1227 1169 1266 Wall.
1192 1227 1373 1277 Erycina
1398 1230 1557 1280 Menag.
1588 1242 1650 1280 pr.

935 1288 985 1322 In
1014 1284 1127 1322 litore
1155 1287 1378 1325 Comment.
1420 1287 1570 1337 Cruqu.
1603 1287 1651 1324 ad

935 1345 1073 1380 Horat.
1103 1346 1121 1380 I
1150 1343 1227 1382 Od.
1259 1358 1296 1382 2.
1320 1366 1378 1373 —-
1409 1345 1649 1394 759—761.

935 1403 1103 1438 Veneris
1137 1403 1181 1438 in
1210 1404 1339 1454 Eryce
1368 1411 1506 1439 monte
1533 1415 1652 1453 supra

933 1461 1165 1509 Drepanum
1216 1461 1407 1511 templum
1451 1459 1649 1498 nobilissi-

933 1530 1042 1554 mum
1087 1517 1135 1554 ad
1177 1520 1370 1566 Trojanos
1423 1517 1649 1556 conditores

933 1576 1117 1613 refertur.
1156 1576 1344 1613 Anehisae
1372 1584 1528 1624 autem,
1565 1585 1650 1614 tan-

933 1646 1052 1684 quam
1065 1633 1189 1681 heroi,
1204 1634 1365 1670 Flamen
1381 1647 1474 1671 cum
1488 1635 1645 1672 lucosa-

935 1705 1002 1729 cro
1013 1693 1337 1729 constituitur.—-
1348 1707 1367 1741 7
1375 1692 1443 1729 60.
1456 1692 1646 1729 Fundan-

932 1759 995 1786 tm‘
1018 1749 1188 1787 Dorvill.
1214 1749 1360 1787 Iliadoe
1388 1750 1565 1788 Parthas.
1589 1772 1647 1778 —

933 1808 1028 1855 761.
1054 1811 1118 1843 Ae
1140 1807 1189 1844 ab
1219 1809 1384 1845 Heinsio
1415 1816 1647 1846 revocatum

930 1878 949 1902 e
970 1864 1086 1903 codd.
1103 1893 1112 1912 ‚
1131 1865 1197 1902 alii
1212 1868 1287 1910 Et,
1318 1873 1396 1903 tres
1415 1868 1484 1904 At.
1509 1865 1644 1904 Parrh.

929 1923 1010 1960 late
1036 1923 1144 1960 lucus
1173 1937 1203 1961 s.
1235 1924 1337 1962 Cum
1365 1923 1568 1962 Brunckio
1589 1937 1647 1962 re-

930 1983 1069 2019 vocavi
1093 1981 1296 2019 Anchiseo
1312 1995 1326 2019 :
1346 1990 1404 2019 est
1422 1971 1642 2037 Ᾱγχίσειον.

929 2039 1035 2077 Male
1087 2041 1129 2076 in
1182 2040 1473 2078 recentioribus
1525 2041 1644 2078 etiam

929 2099 1066 2135 Heius.
1103 2097 1318 2135 Anchisoeo
1355 2099 1562 2149 scriptum.
1587 2119 1644 2127 —-

934 2155 1102 2193 Tumulo
1132 2155 1334 2193 Anchiseo
1363 2169 1378 2192 .·
1408 2157 1479 2206 qui
1508 2169 1645 2194 conse-

930 2223 1059 2251 cratus
1076 2227 1150 2264 pro
1169 2213 1260 2252 fano
1277 2223 1347 2260 est.
1363 2211 1407 2252 τὸ
1424 2203 1642 2268 Ᾱγχίσειον.

930 2274 1058 2309 Lucus
1086 2281 1144 2309 est
1158 2269 1200 2309 τὸ
1222 2271 1389 2325 τέμενος.
1417 2274 1478 2309 De
1506 2271 1644 2308 Idalia

927 2332 1084 2367 Venere
1101 2344 1141 2368 v.
1161 2330 1210 2367 ad
1229 2333 1271 2376 Ι,
1307 2330 1390 2367 680
1408 2342 1466 2379 sq.

990 2401 1009 2435 ς
1017 2389 1042 2425 6
1048 2401 1155 2436 2—-7
1163 2388 1187 2424 6
1194 2395 1231 2432 4.
1263 2387 1442 2437 Intellige
1454 2413 1465 2432 ,
1507 2399 1643 2424 conse-

929 2446 1078 2484 crando
1097 2445 1283 2483 Anchisae
1311 2443 1451 2481 sacello
1480 2456 1552 2494 per
1568 2457 1641 2483 no-

927 2517 1017 2541 vem
1036 2503 1118 2540 dies
1140 2502 1259 2539 fuisse
1280 2513 1387 2538 sacra
1410 2500 1540 2541 facta:
1561 2502 1645 2540 aris

915 2560 1055 2613 factus
1075 2559 1209 2596 honos.
1235 2561 1329 2610 Supa
1350 2573 1388 2598 v.
1415 2559 1470 2604 64
1494 2568 1534 2597 et
1561 2568 1640 2605 104

926 2618 1037 2655 luctu
1063 2629 1135 2667 per
1160 2629 1307 2654 novem
1324 2616 1406 2655 dies
1429 2618 1640 2656 continua-

928 2684 970 2713 to
983 2703 993 2722 ‚
1009 2687 1120 2712 nono
1140 2674 1203 2712 die
1226 2673 1378 2713 fiebant
1395 2688 1504 2714 sacra
1522 2683 1562 2713 et
1576 2675 1639 2712 lu·

929 2732 983 2772 dj.
1013 2733 1073 2770 Ita
1101 2740 1140 2770 et
1163 2745 1224 2784 ap.
1252 2736 1455 2773 Romanos
1485 2745 1642 2773 novem-
