1767 3054
653 103 807 141 LIBER
837 105 907 140 VI.

40 178 281 233 Quantum
307 175 405 222 acie
426 185 619 236 possent
645 174 771 219 oculi
795 191 985 222 servare
1013 191 1306 239 sequentum.

1454 129 1532 167 ¹09

1477 209 1536 229 200

43 252 184 310 Inde,
208 251 290 298 ubi
309 264 481 296 venere
504 247 562 294 ad
588 248 746 295 fauces
767 251 1084 312 graveolentis
1104 257 1306 314 Averni,

42 326 300 388 Tolluntvse
320 323 518 381 celeres,
537 323 867 387 liquidumque
887 342 975 389 per
994 342 1103 373 aera
1128 328 1272 390 lapsae

45 399 247 447 Sedibus
268 398 442 461 optatis
463 399 660 460 geminae
681 415 826 461 super
847 399 1019 447 arbore
1043 401 1227 460 sidunt,

41 473 259 521 Discolor
282 471 408 518 unde
428 472 532 517 auri
554 488 639 534 per
662 488 817 520 ramos
839 490 955 521 aura
979 475 1183 526 refulsit.

40 548 191 607 Quale
214 547 333 594 solet
356 547 485 594 silvis
503 545 709 593 brumali
732 548 906 610 frigore
930 549 1114 596 viscum

1478 567 1537 596 205

40 621 227 668 Fronde
251 621 408 667 virere
431 637 578 679 nova,
603 622 733 683 quod
756 637 851 667 non
870 639 954 670 sua
978 624 1176 670 seminat
1200 623 1363 684 arbos,

38 699 96 743 Et
120 711 290 743 croceo
312 696 411 742 fetu
432 697 591 744 teretis
615 697 910 745 circumdare
936 709 1141 747 truncos.

39 772 165 819 Talis
190 784 291 819 erat
311 772 488 834 species
509 773 614 819 auri
634 772 895 822 frondentis
919 790 1069 838 opaca

43 847 180 905 llice;
200 848 266 894 sic
290 847 383 905 leni
407 847 671 910 crepitabat
689 848 882 896 bractea
901 861 1059 897 vento.

106 1077 346 1114 ποι-204.
389 1069 525 1107 Arbor
558 1068 684 1107 stabat
719 1071 762 1107 in

45 1130 128 1179 ipsa
144 1127 258 1165 valle.
281 1127 388 1163 Vide
404 1141 443 1164 v·
471 1129 563 1177 139·
583 1147 641 1158 ·-—
663 1128 758 1165 203.

48 1184 212 1221 Sedibus
230 1184 376 1235 optatis
393 1184 592 1234 eleganter
607 1213 616 1228 ,
650 1184 763 1222 arbo-

45 1256 113 1288 re,
148 1255 267 1292 quam
294 1242 430 1279 volatu
467 1243 676 1291 petierant.
703 1263 762 1273 —-

48 1299 221 1337 Gemitm
248 1313 365 1350 super
400 1299 540 1336 arbore
573 1300 761 1337 Heinsius

43 1366 321 1403 revocaverat,
366 1356 565 1394 librorum
580 1384 590 1402 ‚
635 1365 758 1407 puto,

43 1416 300 1461 auctoritate,
340 1415 445 1451 inter
475 1427 577 1464 quos
612 1413 758 1452 Medic.

42 1481 80 1510 et
103 1475 248 1517 Rom.;
282 1471 373 1510 add.
403 1471 497 1510 Ald.
527 1485 589 1522 pr.
619 1473 677 1508 Ita
699 1485 760 1508 ar-

41 1531 117 1568 bor
136 1529 308 1581 duplicis
341 1531 474 1567 trunci
502 1530 545 1566 in
579 1542 758 1566 commu-

41 1601 92 1626 ne
121 1590 304 1626 coeuntis
335 1588 533 1639 fastigium
562 1595 620 1624 est
642 1587 760 1623 intel-

38 1644 222 1696 ligenda3
245 1657 334 1696 quae
349 1645 424 1681 hac
444 1647 527 1694 ipsa
546 1645 607 1681 sui
630 1645 760 1693 specie

39 1703 227 1742 notabilis
246 1711 284 1739 et
302 1703 468 1752 insignis
486 1698 574 1737 fieri
589 1708 758 1750 poterat.

39 1763 129 1798 Hoc
155 1760 326 1798 voluisse
343 1759 506 1796 videtur
531 1757 760 1809 Cuningha-

41 1831 151 1864 mus,
173 1818 243 1868 qui
260 1816 308 1853 ad
322 1819 366 1854 L.
395 1829 444 1854 10
458 1845 469 1863 ‚
498 1817 549 1853 D.
575 1815 759 1852 arborum

28 1874 175 1926 furtim
201 1887 394 1910 casarum
418 1882 623 1924 provocat.
645 1874 685 1911 Si
704 1881 761 1909 ta·

42 1945 134 1969 men
164 1930 213 1968 ad
241 1931 410 1968 aliorum
430 1929 530 1967 libb.
546 1959 556 1977 ,
591 1938 637 1966 ut
656 1932 760 1967 Lon-

42 1989 135 2041 gob.
158 1997 197 2026 et
221 1987 513 2025 nonnullorum
538 2000 600 2036 ap.
622 1988 759 2025 Bnrm.

41 2048 255 2085 lectionem
286 2044 463 2096 gemina·
500 2058 531 2081 s.
566 2056 605 2081 α.
641 2045 761 2094 respi-

43 2106 143 2150 cias,
170 2103 373 2140 manifesta
393 2115 453 2139 res
479 2109 560 2147 est,
593 2101 678 2149 ejus
695 2101 761 2138 de-

43 2162 316 2213 pravationem
348 2173 429 2197 esse
463 2159 623 2196 alteram
652 2158 761 2195 illam

43 2232 94 2257 ex
113 2218 369 2256 librariorum
391 2217 560 2254 sollenni
586 2218 628 2253 in
652 2217 760 2253 simi-

41 2276 149 2314 libus
166 2276 493 2319 incuria.—-2o4.
514 2274 619 2311 Auri
635 2286 736 2310 aura
750 2301 760 2320 ,

44 2333 246 2385 splendor.
257 2335 371 2370 Aura
388 2332 436 2370 de
453 2333 616 2369 luminis
635 2344 762 2368 rever-

43 2391 248 2429 beratione
262 2392 469 2441 exquisite.
486 2390 537 2427 cf.
556 2389 595 2427 h.
611 2389 637 2425 1.
652 2391 760 2426 Serv.

42 2457 82 2486 et
92 2448 311 2488 Mitscberl,
333 2447 382 2485 ad
400 2450 539 2485 Horat.
562 2448 616 2493 11,
638 2446 676 2490 8,
693 2459 714 2482 2
727 2459 759 2484 1.

45 2506 111 2545 Sic
138 2504 256 2559 φάεος
288 2503 418 2559 ἀϋτμὴ
452 2504 554 2557 ignis
571 2503 767 2557 fulminei

46 2576 173 2610 aura,
210 2564 365 2605 callim.
393 2564 437 2600 in
463 2564 580 2601 Dian.
612 2574 687 2609 117
715 2561 763 2598 de

46 2633 192 2672 vapore
210 2622 336 2673 ignis,
365 2622 435 2673 qui
462 2621 578 2658 etiam
605 2619 762 2670 longius

48 2675 180 2717 dissita
203 2679 349 2717 adurit.
374 2679 537 2730 Itoprie
565 2678 610 2716 in
639 2677 762 2715 odore

47 2732 181 2774 locum
195 2735 329 2775 habet.

248 2817 330 2860 111-

892 1071 1134 1121 205—209.
1162 1073 1222 1110 De
1245 1073 1378 1120 visco,
1403 1073 1546 1114 frutice

829 1127 1032 1180 glutinoso
1069 1131 1112 1166 iu
1156 1143 1310 1180 querno
1355 1131 1546 1170 arborum

828 1199 970 1236 genere
985 1215 995 1233 ‚
1016 1200 1088 1224 nec
1103 1189 1235 1225 minus
1255 1196 1386 1225 tamen
1401 1190 1445 1225 in
1463 1190 1548 1228 aliis

828 1243 1038 1281 arboribus
1051 1273 1061 1290 ‚
1093 1247 1210 1282 ramis
1241 1248 1371 1283 enasci
1404 1247 1543 1294 solito,

828 1300 935 1337 unde
955 1302 1158 1352 glutinum
1179 1311 1341 1352 paratur
1354 1331 1364 1348 ,
1398 1317 1448 1340 ex
1468 1304 1548 1342 his-

827 1359 926 1394 toria
946 1358 1117 1395 naturali
1134 1360 1248 1394 notio
1264 1359 1449 1407 petenda.
1468 1363 1547 1399 No-

827 1423 877 1452 1ae
903 1424 996 1452 sunt
1019 1416 1302 1464 antiquorum,
1338 1418 1509 1456 maxime
1527 1432 1548 1456 a

826 1471 992 1508 Druidis
1014 1472 1185 1523 vulgatae
1199 1501 1209 1518 ‚
1231 1476 1547 1523 superstitiones.

826 1531 888 1567 Ex
906 1530 1080 1580 antiquis
1099 1543 1138 1568 v.
1160 1530 1263 1568 Plin.
1282 1533 1380 1569 XVI
1394 1560 1405 1579 ‚
1427 1540 1494 1579 44,
1515 1547 1546 1572 s.

828 1588 898 1636 93,
925 1590 1045 1625 etxx
1064 1589 1148 1633 IV,
1184 1596 1206 1632 4
1221 1617 1231 1635 ‚
1257 1603 1287 1626 s.
1308 1589 1347 1626 6.
1366 1610 1424 1618 ——
1446 1592 1546 1631 206.

831 1645 950 1694 Quod
973 1657 1052 1681 non
1082 1658 1156 1681 sua
1188 1646 1367 1683 seminat
1399 1649 1541 1696 arbos,

827 1715 878 1738 ex
894 1711 1026 1739 vetere
1043 1704 1234 1753 opinione
1247 1733 1258 1751 ‚
1277 1704 1371 1742 falsa
1387 1713 1520 1744 tamen
1535 1719 1545 1745 ε

828 1758 930 1797 Plin.
949 1759 976 1797 l.
1002 1773 1036 1797 c.
1064 1761 1241 1798 Omnino
1261 1772 1395 1799 autem
1414 1773 1545 1801 satum

828 1815 1040 1867 (viscum)
1065 1818 1177 1855 nullo
1196 1819 1315 1856 modo
1341 1821 1541 1866 nascitur,

829 1886 903 1909 nec
922 1873 1000 1910 nisi
1014 1887 1092 1923 per
1106 1875 1239 1912 alvum
1267 1876 1398 1914 avium
1418 1879 1545 1915 reddi-

829 1939 933 1976 tum,
961 1932 1143 1968 maxime
1163 1933 1370 1982 palumbis
1390 1947 1440 1970 ac
1467 1944 1546 1972 tur-

829 1987 905 2025 dis.
935 1990 1035 2026 Satis
1065 2002 1175 2026 nunc
1196 1998 1351 2027 constat
1369 1990 1545 2040 plantam

829 2057 911 2081 esse
936 2047 1208 2095 parasiticam‚
1246 2048 1361 2094 cujus
1396 2050 1546 2086 semina

828 2115 917 2138 aves
933 2111 1125 2153 appetunt
1142 2113 1179 2141 et
1197 2104 1398 2142 interdum
1416 2115 1547 2144 rostro

828 2159 1053 2210 absportata
1086 2162 1129 2198 in
1156 2163 1273 2200 ramis
1295 2162 1484 2201 arborum
1507 2172 1547 2201 et

826 2219 974 2254 cortice
1005 2217 1226 2269 deponunt.
1259 2220 1366 2257 Male
1398 2219 1519 2258 habet
1533 2249 1543 2268 ‚

828 2274 936 2324 quod
966 2277 1102 2314 Heius.
1129 2285 1168 2314 et
1186 2279 1322 2316 Burm.
1353 2277 1401 2315 ad
1421 2291 1543 2316 aucu-

828 2333 939 2381 pium
978 2332 1109 2371 delabi
1140 2342 1322 2385 potuere.
1358 2337 1546 2373 Brumah'

821 2389 991 2441 frigore,
1015 2399 1112 2429 tunc
1131 2394 1238 2430 enim
1253 2401 1455 2431 maturum
1472 2402 1549 2440 est,

829 2449 938 2486 serv.
958 2469 1017 2476 -—
1042 2462 1138 2498 207.
1172 2451 1319 2488 Croceo
1338 2450 1455 2502 fetu,
1493 2465 1543 2488 ex

829 2512 970 2542 natura
986 2507 1097 2545 visci.
1114 2507 1216 2546 Plin.
1235 2511 1386 2555 XXIV,
1408 2517 1446 2555 4,
1463 2522 1495 2546 s.
1519 2510 1544 2545 6

834 2562 1035 2611 Optimum
1067 2574 1127 2602 esc
1149 2586 1206 2595 ·—-
1224 2575 1341 2603 extra
1355 2565 1515 2618 fidvum
1527 2595 1540 2612 ,

830 2618 937 2657 intus
951 2634 1204 2671 por-roceum.
1225 2645 1284 2653 —
1306 2624 1402 2661 208.
1439 2623 1546 2662 Talis

830 2686 913 2715 erat
932 2691 1065 2717 ramus
1090 2693 1232 2719 aureus
1245 2709 1257 2729 ‚
1291 2689 1331 2718 et
1359 2681 1489 2731 specie
1507 2690 1546 2718 et

830 2743 943 2774 motu
962 2748 972 2775 :
991 2739 1141 2790 qnippe
1164 2751 1257 2776 cnm
1282 2739 1427 2776 lamina
1448 2746 1547 2775 esset

1284 2832 1339 2862 10
