<?xml version="1.0" encoding="UTF-8"?>
<!DOCTYPE html PUBLIC "-//W3C//DTD XHTML 1.0 Transitional//EN"
    "http://www.w3.org/TR/xhtml1/DTD/xhtml1-transitional.dtd">
<html xmlns="http://www.w3.org/1999/xhtml" xml:lang="en" lang="en">
 <head>
  <title>
</title>
<meta http-equiv="Content-Type" content="text/html;charset=utf-8" />
  <meta name='ocr-system' content='tesseract 3.04.00' />
  <meta name='ocr-capabilities' content='ocr_page ocr_carea ocr_par ocr_line ocrx_word'/>
</head>
<body>
  <div class='ocr_page' id='page_1' title='image "./operahey03virguoft_0056.png"; bbox 0 0 1767 3054; ppageno 0'>
   <div class='ocr_carea' id='block_1_1' title="bbox 147 153 198 196">
    <p class='ocr_par' dir='ltr' id='par_1_1' title="bbox 147 153 198 196">
     <span class='ocr_line' id='line_1_1' title="bbox 147 153 198 196; baseline 0 -6"><span class='ocrx_word' id='word_1_1' title='bbox 147 153 198 196; x_wconf 70' lang='lat'>46</span> 
     </span>
    </p>
   </div>
   <div class='ocr_carea' id='block_1_2' title="bbox 778 154 1019 192">
    <p class='ocr_par' dir='ltr' id='par_1_2' title="bbox 778 154 1019 192">
     <span class='ocr_line' id='line_1_2' title="bbox 778 154 1019 192; baseline 0.008 -2"><span class='ocrx_word' id='word_1_2' title='bbox 778 154 1019 192; x_wconf 74' lang='lat' dir='ltr'>AENEIDOS</span> 
     </span>
    </p>
   </div>
   <div class='ocr_carea' id='block_1_3' title="bbox 145 225 1522 513">
    <p class='ocr_par' dir='ltr' id='par_1_3' title="bbox 146 225 1352 289">
     <span class='ocr_line' id='line_1_3' title="bbox 146 225 1352 289; baseline 0.001 -17"><span class='ocrx_word' id='word_1_3' title='bbox 146 231 337 272; x_wconf 83' lang='lat' dir='ltr'>Ducunt</span> <span class='ocrx_word' id='word_1_4' title='bbox 358 226 417 272; x_wconf 86' lang='lat' dir='ltr'>ad</span> <span class='ocrx_word' id='word_1_5' title='bbox 437 225 592 284; x_wconf 88' lang='lat' dir='ltr'>navis;</span> <span class='ocrx_word' id='word_1_6' title='bbox 618 227 891 289; x_wconf 71' lang='lat' dir='ltr'>galeamque</span> <span class='ocrx_word' id='word_1_7' title='bbox 917 243 1170 289; x_wconf 79' lang='lat' dir='ltr'>ensemque</span> <span class='ocrx_word' id='word_1_8' title='bbox 1199 228 1352 274; x_wconf 86' lang='lat' dir='ltr'>vocati</span> 
     </span>
    </p>

    <p class='ocr_par' dir='ltr' id='par_1_4' title="bbox 145 301 1511 439">
     <span class='ocr_line' id='line_1_4' title="bbox 145 301 1492 365; baseline 0 -19"><span class='ocrx_word' id='word_1_9' title='bbox 145 301 403 363; x_wconf 86' lang='lat' dir='ltr'>Adeipiunt</span> <span class='ocrx_word' id='word_1_10' title='bbox 425 320 437 359; x_wconf 90' lang='lat'>;</span> <span class='ocrx_word' id='word_1_11' title='bbox 464 301 668 363; x_wconf 84' lang='lat' dir='ltr'>palmam</span> <span class='ocrx_word' id='word_1_12' title='bbox 691 301 873 347; x_wconf 83' lang='lat' dir='ltr'>Entello</span> <span class='ocrx_word' id='word_1_13' title='bbox 900 313 1181 363; x_wconf 87' lang='lat' dir='ltr'>taurumque</span> <span class='ocrx_word' id='word_1_14' title='bbox 1208 303 1492 365; x_wconf 88' lang='lat' dir='ltr'>relinquunt.</span> 
     </span>
     <span class='ocr_line' id='line_1_5' title="bbox 211 375 1511 439; baseline -0.003 -17"><span class='ocrx_word' id='word_1_15' title='bbox 211 377 300 422; x_wconf 91' lang='lat' dir='ltr'>Hic</span> <span class='ocrx_word' id='word_1_16' title='bbox 321 376 497 432; x_wconf 83' lang='lat' dir='ltr'>victor,</span> <span class='ocrx_word' id='word_1_17' title='bbox 522 392 748 438; x_wconf 85' lang='lat' dir='ltr'>superans</span> <span class='ocrx_word' id='word_1_18' title='bbox 771 375 961 431; x_wconf 87' lang='lat' dir='ltr'>animis,</span> <span class='ocrx_word' id='word_1_19' title='bbox 988 385 1220 438; x_wconf 86' lang='lat' dir='ltr'>tauroque</span> <span class='ocrx_word' id='word_1_20' title='bbox 1249 376 1480 439; x_wconf 86' lang='lat' dir='ltr'>superbus</span> <span class='ocrx_word' id='word_1_21' title='bbox 1502 393 1511 418; x_wconf 91' lang='lat'>:</span> 
     </span>
    </p>

    <p class='ocr_par' dir='ltr' id='par_1_5' title="bbox 145 449 1522 513">
     <span class='ocr_line' id='line_1_6' title="bbox 145 449 1522 513; baseline -0.001 -15"><span class='ocrx_word' id='word_1_22' title='bbox 145 476 162 492; x_wconf 88' lang='lat'>«</span> <span class='ocrx_word' id='word_1_23' title='bbox 185 455 305 498; x_wconf 86' lang='lat' dir='ltr'>Nate</span> <span class='ocrx_word' id='word_1_24' title='bbox 330 452 440 508; x_wconf 90' lang='lat' dir='ltr'>dea,</span> <span class='ocrx_word' id='word_1_25' title='bbox 464 468 643 512; x_wconf 72' lang='lat' dir='ltr'>vosque</span> <span class='ocrx_word' id='word_1_26' title='bbox 668 451 793 507; x_wconf 83' lang='lat' dir='ltr'>haee,</span> <span class='ocrx_word' id='word_1_27' title='bbox 818 449 994 510; x_wconf 86' lang='lat' dir='ltr'>inquit,</span> <span class='ocrx_word' id='word_1_28' title='bbox 1017 452 1308 513; x_wconf 83' lang='lat' dir='ltr'>cognoscite,</span> <span class='ocrx_word' id='word_1_29' title='bbox 1327 452 1522 509; x_wconf 79' lang='lat' dir='ltr'>Teucri,</span> 
     </span>
    </p>
   </div>
   <div class='ocr_carea' id='block_1_4' title="bbox 143 525 1374 588">
    <p class='ocr_par' dir='ltr' id='par_1_6' title="bbox 143 525 1374 588">
     <span class='ocr_line' id='line_1_7' title="bbox 143 525 1374 588; baseline 0.001 -15"><span class='ocrx_word' id='word_1_30' title='bbox 143 531 202 574; x_wconf 90' lang='lat' dir='ltr'>Et</span> <span class='ocrx_word' id='word_1_31' title='bbox 225 528 342 573; x_wconf 89' lang='lat' dir='ltr'>mihi</span> <span class='ocrx_word' id='word_1_32' title='bbox 368 543 473 588; x_wconf 82' lang='lat' dir='ltr'>quae</span> <span class='ocrx_word' id='word_1_33' title='bbox 499 526 673 571; x_wconf 88' lang='lat' dir='ltr'>fuerint</span> <span class='ocrx_word' id='word_1_34' title='bbox 693 525 903 588; x_wconf 78' lang='lat' dir='ltr'>juvenali</span> <span class='ocrx_word' id='word_1_35' title='bbox 928 525 976 569; x_wconf 90' lang='lat' dir='ltr'>in</span> <span class='ocrx_word' id='word_1_36' title='bbox 1002 540 1202 587; x_wconf 89' lang='lat' dir='ltr'>corpore</span> <span class='ocrx_word' id='word_1_37' title='bbox 1226 528 1374 585; x_wconf 86' lang='lat' dir='ltr'>vires,</span> 
     </span>
    </p>
   </div>
   <div class='ocr_carea' id='block_1_5' title="bbox 1575 537 1636 578">
    <p class='ocr_par' dir='ltr' id='par_1_7' title="bbox 1575 537 1636 578">
     <span class='ocr_line' id='line_1_8' title="bbox 1575 537 1636 578; baseline 0 -5"><span class='ocrx_word' id='word_1_38' title='bbox 1575 537 1636 578; x_wconf 69' lang='grc'>475</span> 
     </span>
    </p>
   </div>
   <div class='ocr_carea' id='block_1_6' title="bbox 142 603 1377 875">
    <p class='ocr_par' dir='ltr' id='par_1_8' title="bbox 142 603 1310 739">
     <span class='ocr_line' id='line_1_9' title="bbox 142 603 1310 664; baseline -0.001 -14"><span class='ocrx_word' id='word_1_39' title='bbox 142 607 201 650; x_wconf 88' lang='lat' dir='ltr'>Et</span> <span class='ocrx_word' id='word_1_40' title='bbox 225 620 317 664; x_wconf 89' lang='lat' dir='ltr'>qua</span> <span class='ocrx_word' id='word_1_41' title='bbox 337 603 532 649; x_wconf 78' lang='lat' dir='ltr'>servetis</span> <span class='ocrx_word' id='word_1_42' title='bbox 553 611 827 647; x_wconf 87' lang='lat' dir='ltr'>revocatum</span> <span class='ocrx_word' id='word_1_43' title='bbox 853 618 878 646; x_wconf 95' lang='lat' dir='ltr'>a</span> <span class='ocrx_word' id='word_1_44' title='bbox 903 612 1055 647; x_wconf 90' lang='lat' dir='ltr'>morte</span> <span class='ocrx_word' id='word_1_45' title='bbox 1079 604 1268 649; x_wconf 81' lang='lat' dir='ltr'>Dareta.</span> <span class='ocrx_word' id='word_1_46' title='bbox 1291 624 1310 644; x_wconf 88' lang='lat'>»</span> 
     </span>
     <span class='ocr_line' id='line_1_10' title="bbox 142 677 1238 739; baseline -0.001 -15"><span class='ocrx_word' id='word_1_47' title='bbox 142 679 297 736; x_wconf 78' lang='lat' dir='ltr'>Dixit,</span> <span class='ocrx_word' id='word_1_48' title='bbox 321 691 366 725; x_wconf 90' lang='lat' dir='ltr'>et</span> <span class='ocrx_word' id='word_1_49' title='bbox 389 677 575 724; x_wconf 85' lang='lat' dir='ltr'>adversi</span> <span class='ocrx_word' id='word_1_50' title='bbox 596 687 761 723; x_wconf 87' lang='lat' dir='ltr'>contra</span> <span class='ocrx_word' id='word_1_51' title='bbox 780 677 908 723; x_wconf 88' lang='lat' dir='ltr'>stetit</span> <span class='ocrx_word' id='word_1_52' title='bbox 929 692 1012 722; x_wconf 89' lang='lat' dir='ltr'>ora</span> <span class='ocrx_word' id='word_1_53' title='bbox 1025 677 1238 739; x_wconf 87' lang='lat' dir='ltr'>juvenci,</span> 
     </span>
    </p>

    <p class='ocr_par' dir='ltr' id='par_1_9' title="bbox 142 751 1377 875">
     <span class='ocr_line' id='line_1_11' title="bbox 143 751 1377 815; baseline 0 -16"><span class='ocrx_word' id='word_1_54' title='bbox 143 754 239 811; x_wconf 82' lang='lat' dir='ltr'>Qui</span> <span class='ocrx_word' id='word_1_55' title='bbox 258 754 435 800; x_wconf 89' lang='lat' dir='ltr'>donum</span> <span class='ocrx_word' id='word_1_56' title='bbox 461 752 675 799; x_wconf 79' lang='lat' dir='ltr'>adstabat</span> <span class='ocrx_word' id='word_1_57' title='bbox 699 769 892 815; x_wconf 82' lang='lat' dir='ltr'>pugnae3</span> <span class='ocrx_word' id='word_1_58' title='bbox 921 751 1162 813; x_wconf 86' lang='lat' dir='ltr'>durosque</span> <span class='ocrx_word' id='word_1_59' title='bbox 1182 752 1377 799; x_wconf 87' lang='lat' dir='ltr'>reducta</span> 
     </span>
     <span class='ocr_line' id='line_1_12' title="bbox 142 828 1265 875; baseline 0 -1"><span class='ocrx_word' id='word_1_60' title='bbox 142 828 358 875; x_wconf 82' lang='lat' dir='ltr'>Libravit</span> <span class='ocrx_word' id='word_1_61' title='bbox 384 828 550 874; x_wconf 77' lang='lat' dir='ltr'>dextra</span> <span class='ocrx_word' id='word_1_62' title='bbox 575 828 729 873; x_wconf 86' lang='lat' dir='ltr'>media</span> <span class='ocrx_word' id='word_1_63' title='bbox 750 828 872 874; x_wconf 89' lang='lat' dir='ltr'>inter</span> <span class='ocrx_word' id='word_1_64' title='bbox 898 844 1075 873; x_wconf 90' lang='lat' dir='ltr'>cornua</span> <span class='ocrx_word' id='word_1_65' title='bbox 1100 839 1265 874; x_wconf 82' lang='lat' dir='ltr'>caestus</span> 
     </span>
    </p>
   </div>
   <div class='ocr_carea' id='block_1_7' title="bbox 143 903 1264 966">
    <p class='ocr_par' dir='ltr' id='par_1_10' title="bbox 143 903 1264 966">
     <span class='ocr_line' id='line_1_13' title="bbox 143 903 1264 966; baseline -0.002 -15"><span class='ocrx_word' id='word_1_66' title='bbox 143 905 358 962; x_wconf 82' lang='lat' dir='ltr'>Arduus,</span> <span class='ocrx_word' id='word_1_67' title='bbox 379 905 670 966; x_wconf 85' lang='lat' dir='ltr'>effractoque</span> <span class='ocrx_word' id='word_1_68' title='bbox 691 904 835 950; x_wconf 81' lang='lat' dir='ltr'>inlisit</span> <span class='ocrx_word' id='word_1_69' title='bbox 858 905 908 949; x_wconf 92' lang='lat' dir='ltr'>in</span> <span class='ocrx_word' id='word_1_70' title='bbox 930 919 1034 950; x_wconf 86' lang='lat' dir='ltr'>ossa</span> <span class='ocrx_word' id='word_1_71' title='bbox 1053 903 1264 950; x_wconf 88' lang='lat' dir='ltr'>cerebro.</span> 
     </span>
    </p>
   </div>
   <div class='ocr_carea' id='block_1_8' title="bbox 1577 916 1639 951">
    <p class='ocr_par' dir='ltr' id='par_1_11' title="bbox 1577 916 1639 951">
     <span class='ocr_line' id='line_1_14' title="bbox 1577 916 1639 951; baseline -0.016 -6"><span class='ocrx_word' id='word_1_72' title='bbox 1577 916 1639 951; x_wconf 68' lang='lat'>480</span> 
     </span>
    </p>
   </div>
   <div class='ocr_carea' id='block_1_9' title="bbox 145 978 1607 1192">
    <p class='ocr_par' dir='ltr' id='par_1_12' title="bbox 145 978 1607 1192">
     <span class='ocr_line' id='line_1_15' title="bbox 145 978 1555 1042; baseline -0.002 -15"><span class='ocrx_word' id='word_1_73' title='bbox 145 982 406 1038; x_wconf 82' lang='lat' dir='ltr'>Sternitur,</span> <span class='ocrx_word' id='word_1_74' title='bbox 433 981 755 1042; x_wconf 79' lang='lat' dir='ltr'>exanimisque</span> <span class='ocrx_word' id='word_1_75' title='bbox 777 991 980 1026; x_wconf 86' lang='lat' dir='ltr'>tremens</span> <span class='ocrx_word' id='word_1_76' title='bbox 1001 979 1274 1041; x_wconf 85' lang='lat' dir='ltr'>procumbit</span> <span class='ocrx_word' id='word_1_77' title='bbox 1298 980 1430 1026; x_wconf 90' lang='lat' dir='ltr'>humi</span> <span class='ocrx_word' id='word_1_78' title='bbox 1454 978 1555 1025; x_wconf 87' lang='lat' dir='ltr'>bos.</span> 
     </span>
     <span class='ocr_line' id='line_1_16' title="bbox 146 1054 1153 1118; baseline -0.005 -15"><span class='ocrx_word' id='word_1_79' title='bbox 146 1057 230 1104; x_wconf 91' lang='lat' dir='ltr'>Ille</span> <span class='ocrx_word' id='word_1_80' title='bbox 252 1072 396 1118; x_wconf 87' lang='lat' dir='ltr'>super</span> <span class='ocrx_word' id='word_1_81' title='bbox 420 1056 522 1102; x_wconf 89' lang='lat' dir='ltr'>talis</span> <span class='ocrx_word' id='word_1_82' title='bbox 543 1054 745 1101; x_wconf 83' lang='lat' dir='ltr'>effundit</span> <span class='ocrx_word' id='word_1_83' title='bbox 764 1066 956 1117; x_wconf 90' lang='lat' dir='ltr'>pectore</span> <span class='ocrx_word' id='word_1_84' title='bbox 981 1070 1121 1101; x_wconf 86' lang='lat' dir='ltr'>voces</span> <span class='ocrx_word' id='word_1_85' title='bbox 1143 1070 1153 1098; x_wconf 92' lang='lat'>:</span> 
     </span>
     <span class='ocr_line' id='line_1_17' title="bbox 146 1128 1607 1192; baseline -0.002 -15"><span class='ocrx_word' id='word_1_86' title='bbox 146 1154 163 1171; x_wconf 94' lang='lat'>«</span> <span class='ocrx_word' id='word_1_87' title='bbox 184 1134 317 1178; x_wconf 88' lang='lat' dir='ltr'>Hane</span> <span class='ocrx_word' id='word_1_88' title='bbox 339 1130 447 1190; x_wconf 89' lang='lat' dir='ltr'>tibi,</span> <span class='ocrx_word' id='word_1_89' title='bbox 474 1133 623 1192; x_wconf 84' lang='lat' dir='ltr'>Eryx,</span> <span class='ocrx_word' id='word_1_90' title='bbox 648 1130 893 1176; x_wconf 87' lang='lat' dir='ltr'>meliorem</span> <span class='ocrx_word' id='word_1_91' title='bbox 917 1130 1119 1176; x_wconf 86' lang='lat' dir='ltr'>animam</span> <span class='ocrx_word' id='word_1_92' title='bbox 1139 1144 1228 1192; x_wconf 87' lang='lat' dir='ltr'>pro</span> <span class='ocrx_word' id='word_1_93' title='bbox 1248 1140 1401 1175; x_wconf 87' lang='lat' dir='ltr'>morte</span> <span class='ocrx_word' id='word_1_94' title='bbox 1420 1128 1607 1175; x_wconf 84' lang='lat' dir='ltr'>Daretis</span> 
     </span>
    </p>
   </div>
   <div class='ocr_carea' id='block_1_10' title="bbox 142 1315 864 2873">
    <p class='ocr_par' dir='ltr' id='par_1_13' title="bbox 142 1315 864 2395">
     <span class='ocr_line' id='line_1_18' title="bbox 145 1315 860 1368; baseline -0.001 -14"><span class='ocrx_word' id='word_1_95' title='bbox 145 1326 310 1363; x_wconf 81' lang='lat' dir='ltr'>tantem,</span> <span class='ocrx_word' id='word_1_96' title='bbox 329 1317 373 1354; x_wconf 91' lang='lat' dir='ltr'>in</span> <span class='ocrx_word' id='word_1_97' title='bbox 385 1319 502 1355; x_wconf 84' lang='lat' dir='ltr'>Rom.</span> <span class='ocrx_word' id='word_1_98' title='bbox 520 1315 835 1368; x_wconf 81' lang='lat' dir='ltr'>Orejactantem</span> <span class='ocrx_word' id='word_1_99' title='bbox 846 1331 860 1361; x_wconf 79' lang='lat'>,-</span> 
     </span>
     <span class='ocr_line' id='line_1_19' title="bbox 144 1374 861 1424; baseline -0.003 -11"><span class='ocrx_word' id='word_1_100' title='bbox 144 1374 321 1413; x_wconf 86' lang='lat' dir='ltr'>Parrhas.</span> <span class='ocrx_word' id='word_1_101' title='bbox 358 1387 454 1412; x_wconf 78' lang='lat' dir='ltr'>vero</span> <span class='ocrx_word' id='word_1_102' title='bbox 488 1375 746 1424; x_wconf 87' lang='lat' dir='ltr'>interpolate,</span> <span class='ocrx_word' id='word_1_103' title='bbox 783 1376 861 1411; x_wconf 87' lang='lat' dir='ltr'>Ore</span> 
     </span>
     <span class='ocr_line' id='line_1_20' title="bbox 143 1432 863 1482; baseline 0.001 -14"><span class='ocrx_word' id='word_1_104' title='bbox 143 1433 418 1469; x_wconf 77' lang='lat' dir='ltr'>reluctantem.</span> <span class='ocrx_word' id='word_1_105' title='bbox 435 1432 646 1482; x_wconf 65' lang='lat' dir='ltr'>,Uixtoque</span> <span class='ocrx_word' id='word_1_106' title='bbox 667 1432 709 1468; x_wconf 80' lang='lat' dir='ltr'>in</span> <span class='ocrx_word' id='word_1_107' title='bbox 726 1445 755 1470; x_wconf 82' lang='lat'>5.</span> <span class='ocrx_word' id='word_1_108' title='bbox 780 1434 863 1469; x_wconf 89' lang='lat' dir='ltr'>Me-</span> 
     </span>
     <span class='ocr_line' id='line_1_21' title="bbox 144 1490 864 1540; baseline 0 -14"><span class='ocrx_word' id='word_1_109' title='bbox 144 1490 222 1528; x_wconf 90' lang='lat' dir='ltr'>dic.</span> <span class='ocrx_word' id='word_1_110' title='bbox 242 1504 262 1527; x_wconf 90' lang='lat' dir='ltr'>a</span> <span class='ocrx_word' id='word_1_111' title='bbox 281 1503 334 1528; x_wconf 88' lang='lat' dir='ltr'>m.</span> <span class='ocrx_word' id='word_1_112' title='bbox 354 1503 414 1540; x_wconf 89' lang='lat' dir='ltr'>pr.</span> <span class='ocrx_word' id='word_1_113' title='bbox 431 1518 440 1536; x_wconf 89' lang='lat'>,</span> <span class='ocrx_word' id='word_1_114' title='bbox 466 1490 575 1540; x_wconf 89' lang='lat' dir='ltr'>quod</span> <span class='ocrx_word' id='word_1_115' title='bbox 598 1492 714 1527; x_wconf 87' lang='lat' dir='ltr'>etiam</span> <span class='ocrx_word' id='word_1_116' title='bbox 741 1491 864 1527; x_wconf 86' lang='lat' dir='ltr'>Hein-</span> 
     </span>
     <span class='ocr_line' id='line_1_22' title="bbox 142 1547 864 1595; baseline 0 -11"><span class='ocrx_word' id='word_1_117' title='bbox 142 1549 201 1585; x_wconf 88' lang='lat' dir='ltr'>sio</span> <span class='ocrx_word' id='word_1_118' title='bbox 219 1547 428 1585; x_wconf 86' lang='lat' dir='ltr'>arridebat.</span> <span class='ocrx_word' id='word_1_119' title='bbox 442 1570 499 1576; x_wconf 85' lang='lat'>--</span> <span class='ocrx_word' id='word_1_120' title='bbox 514 1550 616 1585; x_wconf 83' lang='lat' dir='ltr'>Mox</span> <span class='ocrx_word' id='word_1_121' title='bbox 633 1562 669 1586; x_wconf 84' lang='lat' dir='ltr'>v.</span> <span class='ocrx_word' id='word_1_122' title='bbox 692 1555 740 1595; x_wconf 86' lang='grc'>47</span> <span class='ocrx_word' id='word_1_123' title='bbox 755 1561 770 1585; x_wconf 86' lang='lat'>1</span> <span class='ocrx_word' id='word_1_124' title='bbox 793 1561 864 1584; x_wconf 81' lang='lat' dir='ltr'>vo-</span> 
     </span>
     <span class='ocr_line' id='line_1_23' title="bbox 142 1605 862 1656; baseline 0 -14"><span class='ocrx_word' id='word_1_125' title='bbox 142 1605 226 1642; x_wconf 80' lang='lat' dir='ltr'>cati</span> <span class='ocrx_word' id='word_1_126' title='bbox 241 1619 325 1643; x_wconf 90' lang='lat' dir='ltr'>non</span> <span class='ocrx_word' id='word_1_127' title='bbox 347 1618 486 1643; x_wconf 84' lang='lat' dir='ltr'>vacare</span> <span class='ocrx_word' id='word_1_128' title='bbox 506 1606 744 1656; x_wconf 86' lang='lat' dir='ltr'>putandum.</span> <span class='ocrx_word' id='word_1_129' title='bbox 774 1609 862 1644; x_wconf 89' lang='lat' dir='ltr'>Ser-</span> 
     </span>
     <span class='ocr_line' id='line_1_24' title="bbox 143 1663 863 1712; baseline -0.003 -13"><span class='ocrx_word' id='word_1_130' title='bbox 143 1665 262 1701; x_wconf 79' lang='lat' dir='ltr'>vius:</span> <span class='ocrx_word' id='word_1_131' title='bbox 291 1666 404 1700; x_wconf 84' lang='lat' dir='ltr'>Bene</span> <span class='ocrx_word' id='word_1_132' title='bbox 433 1677 567 1700; x_wconf 78' lang='lat' dir='ltr'>eoram</span> <span class='ocrx_word' id='word_1_133' title='bbox 599 1663 772 1700; x_wconf 75' lang='lat' dir='ltr'>ostendit</span> <span class='ocrx_word' id='word_1_134' title='bbox 789 1677 863 1712; x_wconf 79' lang='lat' dir='ltr'>pu-</span> 
     </span>
     <span class='ocr_line' id='line_1_25' title="bbox 143 1719 864 1770; baseline 0 -14"><span class='ocrx_word' id='word_1_135' title='bbox 143 1721 301 1765; x_wconf 84' lang='lat' dir='ltr'>dorem,</span> <span class='ocrx_word' id='word_1_136' title='bbox 332 1721 405 1757; x_wconf 80' lang='lat' dir='ltr'>vel</span> <span class='ocrx_word' id='word_1_137' title='bbox 424 1720 520 1770; x_wconf 80' lang='lat' dir='ltr'>quia</span> <span class='ocrx_word' id='word_1_138' title='bbox 542 1729 659 1757; x_wconf 77' lang='lat' dir='ltr'>erant</span> <span class='ocrx_word' id='word_1_139' title='bbox 681 1719 864 1770; x_wconf 78' lang='lat' dir='ltr'>occupati</span> 
     </span>
     <span class='ocr_line' id='line_1_26' title="bbox 143 1777 860 1828; baseline -0.003 -13"><span class='ocrx_word' id='word_1_140' title='bbox 143 1778 251 1815; x_wconf 83' lang='lat' dir='ltr'>circa</span> <span class='ocrx_word' id='word_1_141' title='bbox 279 1777 467 1815; x_wconf 84' lang='lat' dir='ltr'>amicum.</span> <span class='ocrx_word' id='word_1_142' title='bbox 493 1778 637 1815; x_wconf 87' lang='lat' dir='ltr'>Saltem</span> <span class='ocrx_word' id='word_1_143' title='bbox 664 1781 774 1828; x_wconf 90' lang='lat' dir='ltr'>prius</span> <span class='ocrx_word' id='word_1_144' title='bbox 794 1777 860 1814; x_wconf 88' lang='lat' dir='ltr'>ad-</span> 
     </span>
     <span class='ocr_line' id='line_1_27' title="bbox 143 1835 860 1884; baseline 0 -12"><span class='ocrx_word' id='word_1_145' title='bbox 143 1837 297 1873; x_wconf 89' lang='lat' dir='ltr'>mittere</span> <span class='ocrx_word' id='word_1_146' title='bbox 323 1835 440 1873; x_wconf 86' lang='lat' dir='ltr'>licet:</span> <span class='ocrx_word' id='word_1_147' title='bbox 469 1848 552 1871; x_wconf 86' lang='lat' dir='ltr'>non</span> <span class='ocrx_word' id='word_1_148' title='bbox 583 1845 748 1884; x_wconf 89' lang='lat' dir='ltr'>sponte,</span> <span class='ocrx_word' id='word_1_149' title='bbox 778 1837 860 1872; x_wconf 84' lang='lat' dir='ltr'>avi-</span> 
     </span>
     <span class='ocr_line' id='line_1_28' title="bbox 145 1892 860 1943; baseline -0.001 -13"><span class='ocrx_word' id='word_1_150' title='bbox 145 1894 216 1931; x_wconf 91' lang='lat' dir='ltr'>dos</span> <span class='ocrx_word' id='word_1_151' title='bbox 229 1922 240 1940; x_wconf 89' lang='lat'>,</span> <span class='ocrx_word' id='word_1_152' title='bbox 261 1906 366 1931; x_wconf 88' lang='lat' dir='ltr'>acres</span> <span class='ocrx_word' id='word_1_153' title='bbox 377 1921 388 1938; x_wconf 86' lang='lat'>,</span> <span class='ocrx_word' id='word_1_154' title='bbox 417 1905 623 1929; x_wconf 88' lang='lat' dir='ltr'>accurrere</span> <span class='ocrx_word' id='word_1_155' title='bbox 641 1902 737 1943; x_wconf 87' lang='lat' dir='ltr'>puta</span> <span class='ocrx_word' id='word_1_156' title='bbox 751 1922 761 1940; x_wconf 94' lang='lat'>,</span> <span class='ocrx_word' id='word_1_157' title='bbox 791 1892 860 1930; x_wconf 88' lang='lat' dir='ltr'>sed</span> 
     </span>
     <span class='ocr_line' id='line_1_29' title="bbox 143 1950 860 1997; baseline 0 -9"><span class='ocrx_word' id='word_1_158' title='bbox 143 1951 367 1989; x_wconf 82' lang='lat' dir='ltr'>verecunde</span> <span class='ocrx_word' id='word_1_159' title='bbox 398 1963 439 1987; x_wconf 89' lang='lat' dir='ltr'>ac</span> <span class='ocrx_word' id='word_1_160' title='bbox 478 1950 615 1988; x_wconf 82' lang='lat' dir='ltr'>timide</span> <span class='ocrx_word' id='word_1_161' title='bbox 629 1980 639 1997; x_wconf 93' lang='lat'>,</span> <span class='ocrx_word' id='word_1_162' title='bbox 676 1964 749 1988; x_wconf 86' lang='lat' dir='ltr'>nec</span> <span class='ocrx_word' id='word_1_163' title='bbox 783 1952 860 1988; x_wconf 86' lang='lat' dir='ltr'>nisi</span> 
     </span>
     <span class='ocr_line' id='line_1_30' title="bbox 143 2008 860 2055; baseline 0 -10"><span class='ocrx_word' id='word_1_164' title='bbox 143 2008 305 2047; x_wconf 89' lang='lat' dir='ltr'>hortatu</span> <span class='ocrx_word' id='word_1_165' title='bbox 320 2009 425 2046; x_wconf 86' lang='lat' dir='ltr'>facto</span> <span class='ocrx_word' id='word_1_166' title='bbox 438 2037 448 2055; x_wconf 89' lang='lat'>,</span> <span class='ocrx_word' id='word_1_167' title='bbox 468 2016 513 2045; x_wconf 89' lang='lat' dir='ltr'>ut</span> <span class='ocrx_word' id='word_1_168' title='bbox 528 2009 725 2047; x_wconf 87' lang='lat' dir='ltr'>tollerent.</span> <span class='ocrx_word' id='word_1_169' title='bbox 743 2011 860 2048; x_wconf 86' lang='lat' dir='ltr'>Forte</span> 
     </span>
     <span class='ocr_line' id='line_1_31' title="bbox 144 2067 860 2118; baseline -0.001 -14"><span class='ocrx_word' id='word_1_170' title='bbox 144 2076 276 2104; x_wconf 88' lang='lat' dir='ltr'>tamen</span> <span class='ocrx_word' id='word_1_171' title='bbox 294 2075 479 2118; x_wconf 81' lang='lat' dir='ltr'>argutum</span> <span class='ocrx_word' id='word_1_172' title='bbox 495 2067 618 2116; x_wconf 83' lang='lat' dir='ltr'>magis</span> <span class='ocrx_word' id='word_1_173' title='bbox 634 2067 724 2113; x_wconf 89' lang='lat' dir='ltr'>hoc,</span> <span class='ocrx_word' id='word_1_174' title='bbox 742 2080 860 2117; x_wconf 86' lang='lat' dir='ltr'>quam</span> 
     </span>
     <span class='ocr_line' id='line_1_32' title="bbox 144 2125 860 2175; baseline 0 -13"><span class='ocrx_word' id='word_1_175' title='bbox 144 2139 297 2164; x_wconf 85' lang='lat' dir='ltr'>verum.</span> <span class='ocrx_word' id='word_1_176' title='bbox 336 2127 449 2163; x_wconf 84' lang='lat' dir='ltr'>Coetu</span> <span class='ocrx_word' id='word_1_177' title='bbox 486 2125 589 2161; x_wconf 87' lang='lat' dir='ltr'>facto</span> <span class='ocrx_word' id='word_1_178' title='bbox 620 2137 643 2161; x_wconf 92' lang='lat' dir='ltr'>a</span> <span class='ocrx_word' id='word_1_179' title='bbox 676 2138 860 2175; x_wconf 76' lang='lat' dir='ltr'>praecone</span> 
     </span>
     <span class='ocr_line' id='line_1_33' title="bbox 143 2184 861 2233; baseline -0.001 -13"><span class='ocrx_word' id='word_1_180' title='bbox 143 2184 426 2233; x_wconf 84' lang='lat' dir='ltr'>pronuntiatur</span> <span class='ocrx_word' id='word_1_181' title='bbox 452 2184 604 2228; x_wconf 78' lang='lat' dir='ltr'>victor3</span> <span class='ocrx_word' id='word_1_182' title='bbox 637 2191 675 2219; x_wconf 93' lang='lat' dir='ltr'>et</span> <span class='ocrx_word' id='word_1_183' title='bbox 701 2185 861 2233; x_wconf 82' lang='lat' dir='ltr'>praemia</span> 
     </span>
     <span class='ocr_line' id='line_1_34' title="bbox 144 2241 862 2291; baseline 0 -14"><span class='ocrx_word' id='word_1_184' title='bbox 144 2241 394 2278; x_wconf 89' lang='lat' dir='ltr'>tribuuntur.</span> <span class='ocrx_word' id='word_1_185' title='bbox 416 2242 479 2278; x_wconf 90' lang='lat' dir='ltr'>Sic</span> <span class='ocrx_word' id='word_1_186' title='bbox 499 2254 587 2290; x_wconf 85' lang='lat' dir='ltr'>sup.</span> <span class='ocrx_word' id='word_1_187' title='bbox 609 2248 690 2286; x_wconf 78' lang='grc'>244</span> <span class='ocrx_word' id='word_1_188' title='bbox 712 2255 768 2291; x_wconf 87' lang='lat' dir='ltr'>sq.</span> <span class='ocrx_word' id='word_1_189' title='bbox 788 2243 862 2277; x_wconf 90' lang='lat' dir='ltr'>Ita-</span> 
     </span>
     <span class='ocr_line' id='line_1_35' title="bbox 144 2299 857 2349; baseline -0.001 -13"><span class='ocrx_word' id='word_1_190' title='bbox 144 2312 221 2349; x_wconf 91' lang='lat' dir='ltr'>que</span> <span class='ocrx_word' id='word_1_191' title='bbox 252 2299 383 2336; x_wconf 84' lang='lat' dir='ltr'>vocati</span> <span class='ocrx_word' id='word_1_192' title='bbox 412 2299 583 2335; x_wconf 83' lang='lat' dir='ltr'>victores</span> <span class='ocrx_word' id='word_1_193' title='bbox 610 2301 773 2348; x_wconf 75' lang='lat' dir='ltr'>praemia</span> <span class='ocrx_word' id='word_1_194' title='bbox 802 2299 857 2336; x_wconf 85' lang='lat' dir='ltr'>fe-</span> 
     </span>
     <span class='ocr_line' id='line_1_36' title="bbox 145 2365 252 2395; baseline 0.028 -3"><span class='ocrx_word' id='word_1_195' title='bbox 145 2365 252 2395; x_wconf 86' lang='lat' dir='ltr'>runt.</span> 
     </span>
    </p>

    <p class='ocr_par' dir='ltr' id='par_1_14' title="bbox 146 2413 863 2873">
     <span class='ocr_line' id='line_1_37' title="bbox 206 2413 859 2462; baseline -0.002 -10"><span class='ocrx_word' id='word_1_196' title='bbox 206 2415 448 2462; x_wconf 75' lang='grc'>473-484.</span> <span class='ocrx_word' id='word_1_197' title='bbox 476 2416 637 2452; x_wconf 84' lang='lat' dir='ltr'>Novum</span> <span class='ocrx_word' id='word_1_198' title='bbox 666 2413 745 2451; x_wconf 89' lang='lat' dir='ltr'>hoe</span> <span class='ocrx_word' id='word_1_199' title='bbox 780 2416 859 2452; x_wconf 90' lang='lat' dir='ltr'>En-</span> 
     </span>
     <span class='ocr_line' id='line_1_38' title="bbox 146 2473 858 2522; baseline 0.001 -14"><span class='ocrx_word' id='word_1_200' title='bbox 146 2473 230 2510; x_wconf 88' lang='lat' dir='ltr'>telli</span> <span class='ocrx_word' id='word_1_201' title='bbox 268 2473 420 2509; x_wconf 77' lang='lat' dir='ltr'>facinus</span> <span class='ocrx_word' id='word_1_202' title='bbox 458 2481 496 2510; x_wconf 86' lang='lat' dir='ltr'>et</span> <span class='ocrx_word' id='word_1_203' title='bbox 527 2481 669 2522; x_wconf 81' lang='lat' dir='ltr'>praeter</span> <span class='ocrx_word' id='word_1_204' title='bbox 701 2474 858 2522; x_wconf 86' lang='lat' dir='ltr'>opinio-</span> 
     </span>
     <span class='ocr_line' id='line_1_39' title="bbox 147 2529 860 2580; baseline 0 -14"><span class='ocrx_word' id='word_1_205' title='bbox 147 2543 260 2577; x_wconf 85' lang='lat' dir='ltr'>nem,</span> <span class='ocrx_word' id='word_1_206' title='bbox 284 2530 459 2580; x_wconf 87' lang='lat' dir='ltr'>adeoque</span> <span class='ocrx_word' id='word_1_207' title='bbox 476 2529 702 2578; x_wconf 84' lang='lat' dir='ltr'>jucundum</span> <span class='ocrx_word' id='word_1_208' title='bbox 726 2532 860 2579; x_wconf 81' lang='lat' dir='ltr'>cogni-</span> 
     </span>
     <span class='ocr_line' id='line_1_40' title="bbox 147 2586 858 2638; baseline -0.004 -12"><span class='ocrx_word' id='word_1_209' title='bbox 147 2598 203 2626; x_wconf 90' lang='lat' dir='ltr'>tu.</span> <span class='ocrx_word' id='word_1_210' title='bbox 227 2610 284 2618; x_wconf 90' lang='lat'>—-</span> <span class='ocrx_word' id='word_1_211' title='bbox 304 2589 400 2635; x_wconf 76' lang='lat'>476.</span> <span class='ocrx_word' id='word_1_212' title='bbox 420 2591 520 2638; x_wconf 80' lang='lat' dir='ltr'>Quae</span> <span class='ocrx_word' id='word_1_213' title='bbox 543 2601 648 2624; x_wconf 88' lang='lat' dir='ltr'>mors</span> <span class='ocrx_word' id='word_1_214' title='bbox 668 2586 858 2624; x_wconf 81' lang='lat' dir='ltr'>destinata</span> 
     </span>
     <span class='ocr_line' id='line_1_41' title="bbox 146 2645 858 2692; baseline -0.004 -8"><span class='ocrx_word' id='word_1_215' title='bbox 146 2648 282 2685; x_wconf 83' lang='lat' dir='ltr'>Dareti</span> <span class='ocrx_word' id='word_1_216' title='bbox 302 2646 420 2682; x_wconf 84' lang='lat' dir='ltr'>fuerit</span> <span class='ocrx_word' id='word_1_217' title='bbox 437 2657 446 2684; x_wconf 92' lang='lat'><strong>:</strong></span> <span class='ocrx_word' id='word_1_218' title='bbox 465 2655 624 2692; x_wconf 83' lang='lat' dir='ltr'>ornate3</span> <span class='ocrx_word' id='word_1_219' title='bbox 649 2645 717 2682; x_wconf 88' lang='lat' dir='ltr'>sed</span> <span class='ocrx_word' id='word_1_220' title='bbox 732 2645 858 2682; x_wconf 87' lang='lat' dir='ltr'>multo</span> 
     </span>
     <span class='ocr_line' id='line_1_42' title="bbox 147 2703 858 2756; baseline -0.004 -14"><span class='ocrx_word' id='word_1_221' title='bbox 147 2706 269 2756; x_wconf 85' lang='lat' dir='ltr'>magis</span> <span class='ocrx_word' id='word_1_222' title='bbox 285 2716 328 2740; x_wconf 86' lang='lat' dir='ltr'>ea</span> <span class='ocrx_word' id='word_1_223' title='bbox 345 2717 434 2753; x_wconf 89' lang='lat' dir='ltr'>quae</span> <span class='ocrx_word' id='word_1_224' title='bbox 442 2711 751 2753; x_wconf 68' lang='lat' dir='ltr'>sequuntur.—-</span> <span class='ocrx_word' id='word_1_225' title='bbox 763 2703 858 2747; x_wconf 87' lang='grc'>480.</span> 
     </span>
     <span class='ocr_line' id='line_1_43' title="bbox 149 2761 862 2808; baseline -0.006 -8"><span class='ocrx_word' id='word_1_226' title='bbox 149 2761 323 2800; x_wconf 81' lang='lat' dir='ltr'>Immisit</span> <span class='ocrx_word' id='word_1_227' title='bbox 342 2761 529 2798; x_wconf 77' lang='lat' dir='ltr'>nonnulli</span> <span class='ocrx_word' id='word_1_228' title='bbox 551 2762 650 2799; x_wconf 86' lang='lat' dir='ltr'>Pier.</span> <span class='ocrx_word' id='word_1_229' title='bbox 685 2761 728 2797; x_wconf 84' lang='lat' dir='ltr'>in</span> <span class='ocrx_word' id='word_1_230' title='bbox 755 2761 862 2808; x_wconf 85' lang='lat' dir='ltr'>ejicit</span> 
     </span>
     <span class='ocr_line' id='line_1_44' title="bbox 149 2820 863 2873; baseline -0.004 -14"><span class='ocrx_word' id='word_1_231' title='bbox 149 2821 364 2873; x_wconf 82' lang='lat' dir='ltr'>E1·ythr.in</span> <span class='ocrx_word' id='word_1_232' title='bbox 380 2820 591 2859; x_wconf 75' lang='lat' dir='ltr'>revocabat</span> <span class='ocrx_word' id='word_1_233' title='bbox 602 2848 612 2867; x_wconf 96' lang='lat'>,</span> <span class='ocrx_word' id='word_1_234' title='bbox 633 2832 724 2857; x_wconf 88' lang='lat' dir='ltr'>cum</span> <span class='ocrx_word' id='word_1_235' title='bbox 741 2820 863 2857; x_wconf 90' lang='lat' dir='ltr'>Bene-</span> 
     </span>
    </p>
   </div>
   <div class='ocr_carea' id='block_1_11' title="bbox 928 1310 1643 1585">
    <p class='ocr_par' dir='ltr' id='par_1_15' title="bbox 928 1310 1643 1585">
     <span class='ocr_line' id='line_1_45' title="bbox 928 1310 1643 1364; baseline -0.006 -10"><span class='ocrx_word' id='word_1_236' title='bbox 928 1317 1037 1354; x_wconf 86' lang='lat' dir='ltr'>dicto</span> <span class='ocrx_word' id='word_1_237' title='bbox 1070 1318 1114 1353; x_wconf 87' lang='lat' dir='ltr'>in</span> <span class='ocrx_word' id='word_1_238' title='bbox 1146 1314 1208 1353; x_wconf 89' lang='lat' dir='ltr'>ed.</span> <span class='ocrx_word' id='word_1_239' title='bbox 1237 1317 1351 1353; x_wconf 88' lang='lat' dir='ltr'>Juut.</span> <span class='ocrx_word' id='word_1_240' title='bbox 1392 1313 1442 1352; x_wconf 85' lang='lat' dir='ltr'>cf.</span> <span class='ocrx_word' id='word_1_241' title='bbox 1474 1327 1563 1364; x_wconf 88' lang='lat' dir='ltr'>sup.</span> <span class='ocrx_word' id='word_1_242' title='bbox 1595 1310 1643 1350; x_wconf 88' lang='lat' dir='ltr'>ad</span> 
     </span>
     <span class='ocr_line' id='line_1_46' title="bbox 929 1369 1641 1422; baseline -0.006 -11"><span class='ocrx_word' id='word_1_243' title='bbox 929 1389 967 1412; x_wconf 92' lang='lat' dir='ltr'>v.</span> <span class='ocrx_word' id='word_1_244' title='bbox 994 1376 1069 1422; x_wconf 89' lang='lat'>167</span> <span class='ocrx_word' id='word_1_245' title='bbox 1083 1403 1093 1421; x_wconf 93' lang='lat'>,</span> <span class='ocrx_word' id='word_1_246' title='bbox 1119 1382 1158 1411; x_wconf 89' lang='lat' dir='ltr'>et</span> <span class='ocrx_word' id='word_1_247' title='bbox 1175 1373 1306 1410; x_wconf 84' lang='lat' dir='ltr'>aberat</span> <span class='ocrx_word' id='word_1_248' title='bbox 1323 1385 1343 1409; x_wconf 93' lang='lat' dir='ltr'>a</span> <span class='ocrx_word' id='word_1_249' title='bbox 1360 1370 1476 1409; x_wconf 85' lang='lat' dir='ltr'>codd.</span> <span class='ocrx_word' id='word_1_250' title='bbox 1497 1369 1641 1421; x_wconf 82' lang='lat' dir='ltr'>Gipha-</span> 
     </span>
     <span class='ocr_line' id='line_1_47' title="bbox 928 1428 1641 1481; baseline -0.004 -13"><span class='ocrx_word' id='word_1_251' title='bbox 928 1433 1012 1478; x_wconf 87' lang='lat' dir='ltr'>nii,</span> <span class='ocrx_word' id='word_1_252' title='bbox 1033 1432 1121 1470; x_wconf 84' lang='lat' dir='ltr'>Iud.</span> <span class='ocrx_word' id='word_1_253' title='bbox 1141 1434 1298 1469; x_wconf 87' lang='lat' dir='ltr'>Lueret.</span> <span class='ocrx_word' id='word_1_254' title='bbox 1320 1444 1359 1481; x_wconf 94' lang='lat' dir='ltr'>p.</span> <span class='ocrx_word' id='word_1_255' title='bbox 1385 1429 1482 1475; x_wconf 86' lang='grc'>468.</span> <span class='ocrx_word' id='word_1_256' title='bbox 1505 1428 1641 1466; x_wconf 87' lang='lat' dir='ltr'>confer</span> 
     </span>
     <span class='ocr_line' id='line_1_48' title="bbox 930 1486 1642 1541; baseline -0.007 -14"><span class='ocrx_word' id='word_1_257' title='bbox 930 1491 1104 1528; x_wconf 89' lang='lat' dir='ltr'>Pierium</span> <span class='ocrx_word' id='word_1_258' title='bbox 1121 1519 1132 1536; x_wconf 89' lang='lat'>‚</span> <span class='ocrx_word' id='word_1_259' title='bbox 1157 1491 1228 1541; x_wconf 80' lang='lat' dir='ltr'>qui</span> <span class='ocrx_word' id='word_1_260' title='bbox 1257 1497 1388 1525; x_wconf 88' lang='lat' dir='ltr'>tamen</span> <span class='ocrx_word' id='word_1_261' title='bbox 1422 1499 1507 1524; x_wconf 89' lang='lat' dir='ltr'>non</span> <span class='ocrx_word' id='word_1_262' title='bbox 1540 1486 1642 1523; x_wconf 81' lang='lat' dir='ltr'>vidit</span> 
     </span>
     <span class='ocr_line' id='line_1_49' title="bbox 929 1546 1641 1585; baseline -0.006 -1"><span class='ocrx_word' id='word_1_263' title='bbox 929 1548 1064 1585; x_wconf 87' lang='lat' dir='ltr'>abesse</span> <span class='ocrx_word' id='word_1_264' title='bbox 1094 1548 1135 1585; x_wconf 84' lang='lat' dir='ltr'>in</span> <span class='ocrx_word' id='word_1_265' title='bbox 1167 1548 1283 1584; x_wconf 87' lang='lat' dir='ltr'>etiam</span> <span class='ocrx_word' id='word_1_266' title='bbox 1313 1559 1334 1583; x_wconf 93' lang='lat' dir='ltr'>a</span> <span class='ocrx_word' id='word_1_267' title='bbox 1370 1548 1565 1585; x_wconf 81' lang='lat' dir='ltr'>Romano.</span> <span class='ocrx_word' id='word_1_268' title='bbox 1590 1546 1641 1580; x_wconf 82' lang='lat' dir='ltr'>In</span> 
     </span>
    </p>
   </div>
   <div class='ocr_carea' id='block_1_12' title="bbox 929 1601 1712 1655">
    <p class='ocr_par' dir='ltr' id='par_1_16' title="bbox 929 1601 1712 1655">
     <span class='ocr_line' id='line_1_50' title="bbox 929 1601 1712 1655; baseline -0.009 -12"><span class='ocrx_word' id='word_1_269' title='bbox 929 1619 1000 1643; x_wconf 85' lang='lat' dir='ltr'>ora</span> <span class='ocrx_word' id='word_1_270' title='bbox 1020 1605 1197 1643; x_wconf 87' lang='lat' dir='ltr'>Parrhas.</span> <span class='ocrx_word' id='word_1_271' title='bbox 1220 1613 1260 1641; x_wconf 91' lang='lat' dir='ltr'>et</span> <span class='ocrx_word' id='word_1_272' title='bbox 1284 1606 1443 1655; x_wconf 85' lang='lat' dir='ltr'>Hugen.</span> <span class='ocrx_word' id='word_1_273' title='bbox 1458 1630 1468 1649; x_wconf 91' lang='lat'>,</span> <span class='ocrx_word' id='word_1_274' title='bbox 1503 1601 1573 1639; x_wconf 91' lang='lat' dir='ltr'>sed</span> <span class='ocrx_word' id='word_1_275' title='bbox 1601 1601 1642 1637; x_wconf 85' lang='lat' dir='ltr'>in</span> <span class='ocrx_word' id='word_1_276' title='bbox 1704 1621 1712 1626; x_wconf 81' lang='lat'><em>-</em></span> 
     </span>
    </p>
   </div>
   <div class='ocr_carea' id='block_1_13' title="bbox 914 1659 1653 2867">
    <p class='ocr_par' dir='ltr' id='par_1_17' title="bbox 914 1659 1653 2867">
     <span class='ocr_line' id='line_1_51' title="bbox 929 1659 1640 1712; baseline -0.004 -13"><span class='ocrx_word' id='word_1_277' title='bbox 929 1676 1019 1699; x_wconf 76' lang='lat' dir='ltr'>ossa</span> <span class='ocrx_word' id='word_1_278' title='bbox 1043 1671 1100 1699; x_wconf 89' lang='lat' dir='ltr'>est</span> <span class='ocrx_word' id='word_1_279' title='bbox 1126 1662 1362 1712; x_wconf 77' lang='lat' dir='ltr'>exquisitius</span> <span class='ocrx_word' id='word_1_280' title='bbox 1389 1659 1542 1696; x_wconf 84' lang='lat' dir='ltr'>dietum</span> <span class='ocrx_word' id='word_1_281' title='bbox 1566 1672 1640 1709; x_wconf 86' lang='lat' dir='ltr'>pro</span> 
     </span>
     <span class='ocr_line' id='line_1_52' title="bbox 928 1716 1639 1769; baseline -0.004 -12"><span class='ocrx_word' id='word_1_282' title='bbox 928 1721 1093 1764; x_wconf 81' lang='lat' dir='ltr'>ossibus,</span> <span class='ocrx_word' id='word_1_283' title='bbox 1115 1719 1291 1769; x_wconf 83' lang='lat' dir='ltr'>vulgari3</span> <span class='ocrx_word' id='word_1_284' title='bbox 1317 1726 1362 1754; x_wconf 91' lang='lat' dir='ltr'>ut</span> <span class='ocrx_word' id='word_1_285' title='bbox 1376 1716 1484 1767; x_wconf 88' lang='lat' dir='ltr'>apud</span> <span class='ocrx_word' id='word_1_286' title='bbox 1500 1717 1639 1754; x_wconf 87' lang='lat' dir='ltr'>Horat.</span> 
     </span>
     <span class='ocr_line' id='line_1_53' title="bbox 914 1774 1640 1829; baseline -0.003 -15"><span class='ocrx_word' id='word_1_287' title='bbox 914 1776 1068 1829; x_wconf 76' lang='lat' dir='ltr'>fragili</span> <span class='ocrx_word' id='word_1_288' title='bbox 1086 1788 1268 1827; x_wconf 83' lang='lat' dir='ltr'>quoerens</span> <span class='ocrx_word' id='word_1_289' title='bbox 1292 1774 1448 1811; x_wconf 81' lang='lat' dir='ltr'>illidere</span> <span class='ocrx_word' id='word_1_290' title='bbox 1463 1774 1640 1812; x_wconf 76' lang='lat' dir='ltr'>dentem.</span> 
     </span>
     <span class='ocr_line' id='line_1_54' title="bbox 926 1833 1640 1877; baseline -0.004 -6"><span class='ocrx_word' id='word_1_291' title='bbox 926 1857 984 1864; x_wconf 89' lang='lat'>-—-</span> <span class='ocrx_word' id='word_1_292' title='bbox 1012 1833 1133 1871; x_wconf 81' lang='lat' dir='ltr'>Illisic</span> <span class='ocrx_word' id='word_1_293' title='bbox 1164 1843 1334 1877; x_wconf 83' lang='lat' dir='ltr'>cescum,</span> <span class='ocrx_word' id='word_1_294' title='bbox 1377 1845 1447 1869; x_wconf 91' lang='lat' dir='ltr'>seu</span> <span class='ocrx_word' id='word_1_295' title='bbox 1479 1844 1640 1869; x_wconf 88' lang='lat' dir='ltr'>manum</span> 
     </span>
     <span class='ocr_line' id='line_1_55' title="bbox 927 1889 1641 1937; baseline -0.004 -8"><span class='ocrx_word' id='word_1_296' title='bbox 927 1901 1036 1929; x_wconf 89' lang='lat' dir='ltr'>cestu</span> <span class='ocrx_word' id='word_1_297' title='bbox 1071 1893 1288 1937; x_wconf 87' lang='lat' dir='ltr'>munitam,</span> <span class='ocrx_word' id='word_1_298' title='bbox 1312 1889 1641 1934; x_wconf 56' lang='lat' dir='ltr'>ossibus—482.</span> 
     </span>
     <span class='ocr_line' id='line_1_56' title="bbox 927 1946 1642 2002; baseline -0.003 -15"><span class='ocrx_word' id='word_1_299' title='bbox 927 1949 1120 2002; x_wconf 75' lang='lat' dir='ltr'>EsJicndic</span> <span class='ocrx_word' id='word_1_300' title='bbox 1154 1963 1205 1986; x_wconf 79' lang='lat' dir='ltr'>ex</span> <span class='ocrx_word' id='word_1_301' title='bbox 1239 1948 1356 1986; x_wconf 87' lang='lat' dir='ltr'>codd.</span> <span class='ocrx_word' id='word_1_302' title='bbox 1394 1946 1444 1984; x_wconf 91' lang='lat' dir='ltr'>ab</span> <span class='ocrx_word' id='word_1_303' title='bbox 1477 1949 1642 1985; x_wconf 87' lang='lat' dir='ltr'>Heinsio</span> 
     </span>
     <span class='ocr_line' id='line_1_57' title="bbox 927 2003 1640 2059; baseline -0.003 -14"><span class='ocrx_word' id='word_1_304' title='bbox 927 2009 1158 2059; x_wconf 84' lang='lat' dir='ltr'>repositum.</span> <span class='ocrx_word' id='word_1_305' title='bbox 1171 2007 1304 2058; x_wconf 86' lang='lat' dir='ltr'>Vulgo</span> <span class='ocrx_word' id='word_1_306' title='bbox 1317 2003 1473 2057; x_wconf 71' lang='lat' dir='ltr'>effitdit.</span> <span class='ocrx_word' id='word_1_307' title='bbox 1482 2005 1640 2050; x_wconf 74' lang='lat'><strong>-483.</strong></span> 
     </span>
     <span class='ocr_line' id='line_1_58' title="bbox 926 2065 1641 2115; baseline -0.007 -11"><span class='ocrx_word' id='word_1_308' title='bbox 926 2065 1136 2104; x_wconf 71' lang='lat' dir='ltr'>,Meliorem</span> <span class='ocrx_word' id='word_1_309' title='bbox 1157 2078 1196 2102; x_wconf 86' lang='lat' dir='ltr'>a.</span> <span class='ocrx_word' id='word_1_310' title='bbox 1217 2066 1430 2115; x_wconf 83' lang='lat' dir='ltr'>aptiorem3</span> <span class='ocrx_word' id='word_1_311' title='bbox 1448 2076 1540 2100; x_wconf 89' lang='lat' dir='ltr'>nam</span> <span class='ocrx_word' id='word_1_312' title='bbox 1557 2065 1641 2100; x_wconf 81' lang='lat' dir='ltr'>ani-</span> 
     </span>
     <span class='ocr_line' id='line_1_59' title="bbox 927 2114 1640 2168; baseline -0.004 -7"><span class='ocrx_word' id='word_1_313' title='bbox 927 2124 1069 2161; x_wconf 83' lang='lat' dir='ltr'>malem</span> <span class='ocrx_word' id='word_1_314' title='bbox 1105 2123 1276 2160; x_wconf 87' lang='lat' dir='ltr'>hostiam</span> <span class='ocrx_word' id='word_1_315' title='bbox 1311 2114 1401 2168; x_wconf 83' lang='lat' dir='ltr'>dat,</span> <span class='ocrx_word' id='word_1_316' title='bbox 1442 2122 1496 2158; x_wconf 86' lang='lat' dir='ltr'>ait</span> <span class='ocrx_word' id='word_1_317' title='bbox 1530 2124 1640 2160; x_wconf 75' lang='lat' dir='ltr'>Serv,</span> 
     </span>
     <span class='ocr_line' id='line_1_60' title="bbox 927 2173 1643 2230; baseline -0.008 -9"><span class='ocrx_word' id='word_1_318' title='bbox 927 2185 1029 2221; x_wconf 89' lang='lat' dir='ltr'>Sunt</span> <span class='ocrx_word' id='word_1_319' title='bbox 1044 2173 1150 2218; x_wconf 86' lang='lat' dir='ltr'>enim</span> <span class='ocrx_word' id='word_1_320' title='bbox 1171 2181 1312 2219; x_wconf 79' lang='lat' dir='ltr'>hostiae</span> <span class='ocrx_word' id='word_1_321' title='bbox 1336 2179 1442 2227; x_wconf 82' lang='lat' dir='ltr'>aliae,</span> <span class='ocrx_word' id='word_1_322' title='bbox 1471 2191 1643 2230; x_wconf 86' lang='lat' dir='ltr'>quarum</span> 
     </span>
     <span class='ocr_line' id='line_1_61' title="bbox 928 2237 1641 2286; baseline -0.007 -9"><span class='ocrx_word' id='word_1_323' title='bbox 928 2241 1028 2277; x_wconf 84' lang='lat' dir='ltr'>extis</span> <span class='ocrx_word' id='word_1_324' title='bbox 1055 2238 1222 2277; x_wconf 91' lang='lat' dir='ltr'>deorum</span> <span class='ocrx_word' id='word_1_325' title='bbox 1251 2237 1437 2275; x_wconf 87' lang='lat' dir='ltr'>voluntas</span> <span class='ocrx_word' id='word_1_326' title='bbox 1465 2237 1641 2286; x_wconf 82' lang='lat' dir='ltr'>exquiri-</span> 
     </span>
     <span class='ocr_line' id='line_1_62' title="bbox 926 2293 1641 2344; baseline -0.008 -9"><span class='ocrx_word' id='word_1_327' title='bbox 926 2308 1014 2344; x_wconf 81' lang='lat' dir='ltr'>tur3</span> <span class='ocrx_word' id='word_1_328' title='bbox 1049 2297 1134 2333; x_wconf 86' lang='lat' dir='ltr'>aliae</span> <span class='ocrx_word' id='word_1_329' title='bbox 1163 2296 1391 2340; x_wconf 79' lang='lat' dir='ltr'>caeduntur,</span> <span class='ocrx_word' id='word_1_330' title='bbox 1426 2296 1468 2331; x_wconf 88' lang='lat' dir='ltr'>in</span> <span class='ocrx_word' id='word_1_331' title='bbox 1498 2293 1641 2343; x_wconf 85' lang='lat' dir='ltr'>quibus</span> 
     </span>
     <span class='ocr_line' id='line_1_63' title="bbox 926 2351 1642 2401; baseline -0.004 -9"><span class='ocrx_word' id='word_1_332' title='bbox 926 2356 1007 2393; x_wconf 90' lang='lat' dir='ltr'>sola</span> <span class='ocrx_word' id='word_1_333' title='bbox 1030 2355 1166 2401; x_wconf 35' lang='lat' dir='ltr'>anima,</span> <span class='ocrx_word' id='word_1_334' title='bbox 1183 2353 1259 2398; x_wconf 81' lang='lat' dir='ltr'>deo</span> <span class='ocrx_word' id='word_1_335' title='bbox 1285 2360 1460 2388; x_wconf 86' lang='lat' dir='ltr'>sacratur</span> <span class='ocrx_word' id='word_1_336' title='bbox 1477 2363 1547 2387; x_wconf 90' lang='lat' dir='ltr'>seu</span> <span class='ocrx_word' id='word_1_337' title='bbox 1569 2351 1642 2389; x_wconf 91' lang='lat' dir='ltr'>ho-</span> 
     </span>
     <span class='ocr_line' id='line_1_64' title="bbox 926 2410 1641 2461; baseline -0.007 -11"><span class='ocrx_word' id='word_1_338' title='bbox 926 2414 1055 2458; x_wconf 66' lang='lat' dir='ltr'>norss,</span> <span class='ocrx_word' id='word_1_339' title='bbox 1073 2424 1143 2448; x_wconf 87' lang='lat' dir='ltr'>seu</span> <span class='ocrx_word' id='word_1_340' title='bbox 1159 2410 1394 2461; x_wconf 78' lang='lat' dir='ltr'>expiationis</span> <span class='ocrx_word' id='word_1_341' title='bbox 1411 2417 1450 2446; x_wconf 92' lang='lat' dir='ltr'>et</span> <span class='ocrx_word' id='word_1_342' title='bbox 1464 2410 1641 2446; x_wconf 89' lang='lat' dir='ltr'>numinis</span> 
     </span>
     <span class='ocr_line' id='line_1_65' title="bbox 926 2466 1634 2521; baseline -0.006 -14"><span class='ocrx_word' id='word_1_343' title='bbox 926 2468 1110 2521; x_wconf 81' lang='lat' dir='ltr'>placandi</span> <span class='ocrx_word' id='word_1_344' title='bbox 1129 2481 1275 2505; x_wconf 89' lang='lat' dir='ltr'>caussa.</span> <span class='ocrx_word' id='word_1_345' title='bbox 1298 2466 1348 2504; x_wconf 88' lang='lat' dir='ltr'>cf.</span> <span class='ocrx_word' id='word_1_346' title='bbox 1371 2466 1554 2506; x_wconf 85' lang='lat' dir='ltr'>Macrob.</span> <span class='ocrx_word' id='word_1_347' title='bbox 1573 2468 1634 2504; x_wconf 91' lang='lat' dir='ltr'>III</span> 
     </span>
     <span class='ocr_line' id='line_1_66' title="bbox 925 2524 1641 2566; baseline -0.006 -1"><span class='ocrx_word' id='word_1_348' title='bbox 925 2531 1004 2566; x_wconf 89' lang='lat' dir='ltr'>Sat.</span> <span class='ocrx_word' id='word_1_349' title='bbox 1039 2527 1076 2564; x_wconf 86' lang='lat'>5.</span> <span class='ocrx_word' id='word_1_350' title='bbox 1103 2527 1281 2563; x_wconf 90' lang='lat' dir='ltr'>Ductum</span> <span class='ocrx_word' id='word_1_351' title='bbox 1311 2524 1360 2561; x_wconf 90' lang='lat' dir='ltr'>ab</span> <span class='ocrx_word' id='word_1_352' title='bbox 1397 2524 1527 2562; x_wconf 88' lang='lat' dir='ltr'>hostia</span> <span class='ocrx_word' id='word_1_353' title='bbox 1552 2537 1641 2562; x_wconf 87' lang='lat' dir='ltr'>suc-</span> 
     </span>
     <span class='ocr_line' id='line_1_67' title="bbox 925 2581 1653 2632; baseline -0.004 -10"><span class='ocrx_word' id='word_1_354' title='bbox 925 2585 1096 2622; x_wconf 87' lang='lat' dir='ltr'>cidanea.</span> <span class='ocrx_word' id='word_1_355' title='bbox 1128 2582 1177 2622; x_wconf 86' lang='lat' dir='ltr'>cf.</span> <span class='ocrx_word' id='word_1_356' title='bbox 1207 2583 1281 2621; x_wconf 85' lang='lat' dir='ltr'>inf.</span> <span class='ocrx_word' id='word_1_357' title='bbox 1315 2584 1421 2630; x_wconf 84' lang='lat' dir='ltr'>XII,</span> <span class='ocrx_word' id='word_1_358' title='bbox 1457 2582 1538 2632; x_wconf 89' lang='lat'>296</span> <span class='ocrx_word' id='word_1_359' title='bbox 1555 2581 1653 2620; x_wconf 77' lang='lat' dir='ltr'>haec·</span> 
     </span>
     <span class='ocr_line' id='line_1_68' title="bbox 928 2639 1639 2693; baseline -0.006 -13"><span class='ocrx_word' id='word_1_360' title='bbox 928 2641 1071 2680; x_wconf 82' lang='lat' dir='ltr'>melior</span> <span class='ocrx_word' id='word_1_361' title='bbox 1087 2639 1248 2693; x_wconf 80' lang='lat' dir='ltr'>magnis</span> <span class='ocrx_word' id='word_1_362' title='bbox 1270 2640 1370 2677; x_wconf 79' lang='lat' dir='ltr'>daca</span> <span class='ocrx_word' id='word_1_363' title='bbox 1392 2639 1560 2678; x_wconf 77' lang='lat' dir='ltr'>‘victima</span> <span class='ocrx_word' id='word_1_364' title='bbox 1579 2640 1639 2677; x_wconf 86' lang='lat' dir='ltr'>di-</span> 
     </span>
     <span class='ocr_line' id='line_1_69' title="bbox 927 2697 1639 2739; baseline -0.006 -1"><span class='ocrx_word' id='word_1_365' title='bbox 927 2701 994 2739; x_wconf 82' lang='lat' dir='ltr'>vis.</span> <span class='ocrx_word' id='word_1_366' title='bbox 1030 2699 1212 2736; x_wconf 90' lang='lat' dir='ltr'>Guellius</span> <span class='ocrx_word' id='word_1_367' title='bbox 1251 2699 1387 2736; x_wconf 90' lang='lat' dir='ltr'>laudat</span> <span class='ocrx_word' id='word_1_368' title='bbox 1425 2697 1543 2737; x_wconf 89' lang='lat' dir='ltr'>Ovid.</span> <span class='ocrx_word' id='word_1_369' title='bbox 1580 2699 1639 2735; x_wconf 91' lang='lat' dir='ltr'>VI</span> 
     </span>
     <span class='ocr_line' id='line_1_70' title="bbox 927 2754 1642 2806; baseline -0.006 -10"><span class='ocrx_word' id='word_1_370' title='bbox 927 2761 1028 2796; x_wconf 89' lang='lat' dir='ltr'>Fast.</span> <span class='ocrx_word' id='word_1_371' title='bbox 1066 2757 1143 2793; x_wconf 86' lang='lat'>162</span> <span class='ocrx_word' id='word_1_372' title='bbox 1189 2757 1293 2794; x_wconf 77' lang='lat' dir='ltr'>extis</span> <span class='ocrx_word' id='word_1_373' title='bbox 1312 2755 1549 2806; x_wconf 81' lang='lat' dir='ltr'>puerilibus,</span> <span class='ocrx_word' id='word_1_374' title='bbox 1581 2754 1642 2792; x_wconf 80' lang='lat' dir='ltr'>in-</span> 
     </span>
     <span class='ocr_line' id='line_1_71' title="bbox 928 2811 1642 2867; baseline -0.003 -15"><span class='ocrx_word' id='word_1_375' title='bbox 928 2815 1038 2867; x_wconf 81' lang='lat' dir='ltr'>quit,</span> <span class='ocrx_word' id='word_1_376' title='bbox 1067 2814 1249 2861; x_wconf 77' lang='lat' dir='ltr'>Parcite,</span> <span class='ocrx_word' id='word_1_377' title='bbox 1269 2827 1346 2865; x_wconf 83' lang='lat' dir='ltr'>pro</span> <span class='ocrx_word' id='word_1_378' title='bbox 1370 2826 1496 2865; x_wconf 75' lang='lat' dir='ltr'>parvo</span> <span class='ocrx_word' id='word_1_379' title='bbox 1521 2811 1642 2851; x_wconf 79' lang='lat' dir='ltr'>vicci-</span> 
     </span>
    </p>
   </div>
  </div>
 </body>
</html>
