1767 3054
739 119 893 157 LIBER
923 120 1037 156 VIII.

1569 121 1642 164 307

139 198 498 259 Turbatumque
518 192 669 241 oculis
695 209 705 237 ε
734 192 855 253 fugit
876 192 1001 238 ilicet
1027 192 1160 238 ocior
1185 194 1339 249 Euro,

143 273 518 334 Speluncamque
541 269 681 331 petit;
708 267 911 331 pedibus
935 267 1079 314 timor
1101 267 1284 314 addidit
1306 268 1414 314 alas.

140 348 206 393 Ut
229 361 329 392 sese
350 343 563 401 inclusit,
591 343 842 405 ruptisque
865 343 1053 389 inmane
1079 343 1257 390 catenis
1587 355 1644 383 22³

138 419 320 482 Dejecit
343 436 533 475 saxum,
558 419 685 466 ferro
706 419 836 481 quod
858 429 904 465 et
930 430 1031 465 arte
1055 430 1254 481 paterna

138 494 400 553 Pendebat‚
429 496 667 557 fultosque
692 496 893 541 emuniit
912 495 1066 557 objice
1091 507 1277 558 postes;

139 571 259 614 Ecce
284 569 444 616 furens
467 570 634 616 animis
660 569 822 615 aderat
842 567 1146 630 Tirynthius,
1173 581 1456 630 omnemque

138 649 392 692 Accessum
414 647 642 702 lustrans,
664 645 759 691 huc
781 661 866 691 ora
890 643 1073 690 ferebat
1094 654 1140 690 et
1164 644 1298 703 illuc,

138 721 373 768 Dentibus
396 721 667 766 infrendens
691 738 700 763 :
726 732 800 766 ter
824 731 977 766 totum
1001 720 1212 767 fervidus
1238 721 1311 766 ira
1586 729 1646 759 230

139 799 330 841 Lustrat
354 795 578 840 Aventini
602 805 832 853 montem;
856 805 928 840 ter
951 811 1092 840 saxea
1117 806 1287 851 tentat,

138 868 324 915 Limina
349 869 697 932 nequidquam3
724 881 796 916 ter
823 870 970 916 fessus
994 870 1113 916 valle
1138 868 1329 916 resedit.

138 942 305 990 Stabat
329 955 467 990 acuta
490 945 629 1003 silex,
656 945 864 1007 praecisis
890 944 1101 1006 undique
1123 946 1270 1002 saxis,

137 1020 385 1081 Speluncae
411 1021 553 1066 dorso
578 1020 850 1082 insurgens,
873 1020 1097 1066 altissima
1120 1021 1250 1078 visu,

135 1096 363 1141 Dirarum
386 1095 509 1142 nidis
533 1096 700 1142 domus
727 1107 999 1158 opportuna
1023 1096 1287 1141 volucrum.
1583 1107 1641 1136 235

135 1174 294 1228 Hanc,
319 1182 371 1217 ut
397 1187 548 1234 prona
568 1171 684 1233 jugo
709 1171 879 1217 laevum
904 1170 1208 1218 incumbebat
1235 1170 1295 1217 ad
1319 1186 1529 1227 amnem,

134 1249 317 1294 Dexter
337 1248 386 1293 in
412 1247 663 1293 adversum
688 1248 841 1294 nitens
864 1249 1125 1304 concussit,
1153 1257 1200 1294 ct
1224 1247 1329 1293 imis

136 1321 358 1368 Avolsam
382 1322 522 1368 solvit
548 1322 813 1380 radicibus;
839 1322 950 1368 indc
975 1333 1171 1383 repente

135 1397 315 1459 Inpulit
336 1416 346 1443 :
368 1398 559 1461 inpulsu
578 1414 674 1460 quo
696 1414 945 1444 maxumus
971 1397 1158 1443 insonat
1182 1396 1352 1453 aethcr,

134 1473 397 1520 Dissultant
420 1474 535 1535 ripae
550 1509 561 1531 ,
588 1474 843 1535 refluitque
864 1472 1118 1518 exterritus
1144 1472 1307 1519 amnis.
1579 1487 1637 1518 240

135 1550 197 1593 At
217 1563 385 1609 specus
407 1560 453 1594 et
479 1548 592 1594 Caci
612 1547 797 1593 detecta
820 1547 1042 1610 adparuit
1062 1546 1226 1608 ingens

135 1621 302 1683 Regia,
326 1632 374 1667 et
397 1621 633 1668 umbrosae
658 1621 846 1684 penitus
874 1632 1071 1685 patuere
1093 1636 1321 1667 cavernae.

194 1793 292 1831 226.
326 1794 446 1830 Ferro
476 1802 517 1830 et
542 1803 628 1831 arte
644 1803 847 1843 paterna,

136 1851 282 1886 catenis
310 1849 445 1886 ferreis
473 1863 493 1886 a
519 1850 703 1887 Vulcano
721 1851 852 1888 elabo-

134 1908 227 1943 ratis
238 1919 472 1956 suspensum
485 1916 566 1943 erat
575 1921 725 1953 saxum,
739 1908 851 1957 quod

134 1962 312 2009 demisit,
351 1971 389 1999 et
431 1963 583 2000 adjtum
623 1959 849 2010 obstruxit,

125 2030 261 2073 postes
271 2019 400 2070 sulcos
418 2021 604 2068 etnunlic,
622 2030 757 2058 ornate
775 2035 849 2071 pro

132 2078 279 2116 muniit
310 2078 437 2124 fores,
470 2077 616 2128 objice,
653 2091 749 2116 saxo
779 2079 849 2116 illo

133 2135 289 2183 objecto
323 2149 397 2186 pro
431 2135 571 2173 obice:
594 2135 703 2185 quod
744 2135 848 2173 idem

132 2206 250 2230 versu
275 2192 352 2230 231
390 2207 519 2229 saxea
548 2192 704 2230 limina.
736 2195 847 2231 Cate-

132 2264 201 2288 nas
223 2250 367 2288 ferreas
395 2251 443 2287 ab
471 2264 546 2287 usu
574 2252 686 2287 istius
713 2251 849 2288 saeculi

131 2309 274 2346 alienas
310 2308 411 2345 bene
442 2311 676 2358 temperavit
704 2318 846 2359 poeta,

131 2366 279 2414 adjecta
320 2368 411 2403 arus
435 2366 608 2403 Vulcani
651 2380 844 2404 memora-

130 2425 252 2462 tione.

191 2482 287 2520 236.
325 2482 587 2531 Impendebat
622 2489 711 2519 tert.
747 2484 844 2519 Rot-

130 2539 238 2578 tend.
275 2538 318 2576 in
356 2553 518 2577 amnem
557 2538 760 2578 Rufinian.
800 2541 843 2576 in

130 2596 286 2636 Schem.
303 2619 363 2627 —-
388 2599 470 2635 236
484 2626 494 2644 ‚
515 2599 612 2645 237.
633 2597 766 2635 Stabat
783 2610 842 2633 sa-

130 2666 247 2701 xum,
281 2655 350 2693 sed
386 2657 640 2707 prominens,
672 2651 840 2708 πρηνὲς,

133 2709 355 2764 ἐπιρῥεπὲς,
384 2715 427 2751 in
450 2722 560 2764 tergo
584 2714 688 2750 antri
706 2725 841 2749 versus

131 2768 328 2817 Tiberim,
357 2779 395 2808 et
413 2772 454 2808 iu
475 2773 560 2822 ripa
576 2770 691 2808 fluvii
714 2772 767 2808 ita
788 2771 840 2807 si-

918 1801 1019 1839 tum,
1036 1800 1082 1829 ut
1103 1791 1152 1828 ad
1166 1792 1305 1830 laevam
1322 1793 1358 1828 ei
1371 1794 1497 1828 amnis
1514 1802 1634 1838 esset;

919 1851 1024 1886 amni
1041 1863 1091 1886 ex
1111 1850 1294 1895 adverso,
1320 1851 1376 1886 ita
1394 1858 1438 1885 ut
1457 1862 1478 1885 a
1496 1849 1636 1887 dextra

917 1909 1003 1957 ripa
1027 1908 1063 1943 ei
1082 1916 1200 1952 esset,
1226 1908 1332 1943 stetit
1354 1907 1547 1944 Hercules
1561 1935 1571 1952 ,
1594 1918 1633 1944 et

918 1977 1056 2001 saxum
1081 1965 1351 2010 labefactavit,
1380 1965 1434 2001 ita
1461 1974 1507 2001 ut
1533 1964 1632 2002 illud

917 2023 958 2058 in
978 2034 1133 2059 amnem
1153 2021 1442 2072 prolaberetur.
1455 2044 1514 2050 —
1532 2024 1629 2062 238.

916 2078 1136 2115 Advolsam
1149 2078 1294 2117 Medic.
1310 2079 1483 2117 evulsam
1504 2081 1630 2126 Leid.;

915 2135 1022 2173 conf.
1038 2139 1118 2182 ΙΙΙ,
1141 2138 1236 2183 575.
1259 2137 1390 2173 Volvie
1405 2145 1494 2176 tert.
1513 2141 1628 2176 Men-

915 2193 983 2230 tel.
1002 2195 1138 2231 solidis
1159 2193 1354 2230 radicibus
1375 2195 1551 2234 Pan-has.
1571 2217 1628 2225 ·——

918 2253 1014 2300 239.
1044 2252 1218 2302 Impulso
1238 2252 1402 2290 Mentel.
1428 2253 1537 2292 alter.
1560 2256 1627 2292 In-

914 2317 1032 2346 tonat
1050 2309 1198 2360 aliquot
1220 2311 1320 2348 Pier.
1343 2318 1382 2347 et
1405 2312 1563 2357 Hein8.3
1589 2321 1628 2350 et

913 2368 970 2403 sic
998 2366 1150 2404 editum
1175 2380 1195 2404 a
1228 2367 1518 2419 Cuninghamo.
1542 2372 1627 2406 Aer

912 2425 1015 2462 Ven.

974 2490 1070 2527 242.
1091 2485 1139 2520 P.
1157 2492 1324 2520 catervoe
1347 2483 1520 2521 Gothan.
1546 2498 1621 2523 sec.

912 2541 1004 2578 Non
1020 2540 1150 2591 placet
1166 2542 1331 2591 repetita
1353 2542 1395 2577 in
1415 2541 1519 2579 binis
1536 2556 1623 2578 ver-

908 2597 1018 2634 sibus
1048 2611 1128 2636 vox
1155 2599 1330 2648 penitus.
1365 2600 1501 2636 Priore
1531 2600 1622 2636 loco

909 2654 990 2691 late
1000 2668 1082 2693 non
1095 2656 1194 2694 male
1206 2655 1473 2693 substituebat
1484 2656 1556 2695 Sch
1562 2670 1619 2692 ra-

908 2711 991 2751 der.
1008 2735 1066 2741 —
1085 2713 1210 2766 Regia
1222 2742 1234 2758 ‚
1255 2721 1303 2751 ut
1319 2713 1368 2750 de
1387 2714 1490 2752 AEoli
1508 2721 1620 2750 antro

909 2770 1006 2808 aula
1022 2771 1092 2809 lib.
1113 2773 1152 2817 Ι,
1180 2779 1257 2817 140
1278 2773 1386 2809 serv.
