1767 3054
692 129 847 166 LIBER
878 129 951 164 vl.

1501 131 1574 166 tti'i

74 225 92 244 n
112 203 242 250 Nulli
266 211 394 249 certa
416 201 586 247 domus
609 217 618 243 :
642 197 761 243 lucis
785 196 1056 244 habitamus
1082 201 1265 261 opacis,

74 279 400 341 Riparumque
422 286 552 322 toros
577 285 623 321 et
646 283 782 336 prata
806 273 1016 320 recentia
1037 273 1153 319 rivis

74 353 343 400 Incolimus.
370 349 464 398 Sed
488 365 597 406 vos,
622 349 660 396 si
685 350 777 395 fert
794 351 860 396 ita
883 349 1028 395 corde
1051 350 1295 406 voluntas,
1520 363 1580 402 (η’,

74 429 179 474 Hoc
196 437 417 489 superate
437 425 628 489 jugum,
656 434 702 471 et
723 423 849 470 facili
864 424 962 487 jam
989 423 1176 470 tramite
1202 423 1376 470 sistam.
1401 446 1418 463 »

73 501 229 559 Dixit,
254 512 302 548 et
325 512 432 547 ante
458 501 565 547 tulit
590 516 830 563 gressum,
851 514 1140 562 camposque
1163 498 1355 546 nitentis

73 577 293 639 Desuper
314 587 543 634 ostentat;
567 575 741 622 dehine
763 591 946 623 summa
969 576 1216 622 cacumina
1239 575 1473 639 linquunt.

141 654 204 697 At
228 663 364 714 pater
388 651 617 698 Anchises
643 651 832 714 penitus
855 651 1070 698 convalle
1091 650 1265 697 virenti

75 726 285 773 Inclusas
312 727 490 774 animas
505 762 516 784 ‚
542 743 864 790 superumque
888 727 948 773 ad
971 727 1132 773 lumen
1155 726 1328 784 ituras,

1525 738 1586 765 (ᾆδ’)

75 802 330 849 Lustrabat
356 803 514 850 studio
541 803 775 861 recolens,
801 818 1084 866 omnemque
1109 818 1307 849 suorum

78 881 220 924 Forte
242 877 520 925 recensebat
545 894 823 936 numerum,
847 894 1077 942 carosque
1100 889 1324 942 nepotes,

79 1055 260 1093 Servium
279 1053 378 1091 levis
397 1055 626 1102 conjectura
645 1062 716 1092 est.
736 1053 802 1092 Ad

78 1111 201 1148 verba
220 1111 269 1149 cf.
292 1112 404 1151 Iliad.
430 1126 457 1166 γ
473 1141 483 1157 ,
505 1113 611 1159 226,
634 1125 803 1160 227.—

81 1169 179 1216 674.
199 1173 349 1207 Ornate
363 1199 373 1216 ,
391 1184 466 1221 pro
485 1171 604 1222 ripis;
625 1170 803 1207 recentia

81 1236 173 1264 sunt
197 1226 310 1272 rivis,
332 1228 373 1266 h.
394 1242 428 1266 e.
454 1228 623 1265 virentia
640 1237 804 1278 propter

81 1286 230 1321 vicinas
278 1298 421 1336 aquas3
457 1294 502 1322 ut
544 1288 654 1324 Serv.
694 1285 800 1323 conf.

81 1343 217 1380 Burin.
238 1350 276 1379 et
299 1357 337 1380 v.
359 1343 443 1390 676
473 1342 610 1379 sistam
625 1371 636 1389 ,
659 1356 730 1380 vos
753 1342 802 1379 ad

81 1412 174 1437 eum
197 1399 394 1438 deducam
421 1400 527 1437 facili
550 1409 588 1437 et
619 1399 803 1451 expedita

79 1458 142 1495 via
157 1486 168 1504 ,
185 1457 322 1507 quales
340 1459 383 1495 in
401 1458 537 1510 Elysio
559 1459 725 1495 omnino
746 1472 803 1495 es-

79 1528 120 1552 se
132 1516 215 1553 vias
224 1515 384 1553 credere
402 1516 458 1553 fas
469 1524 539 1554 est.
562 1517 703 1553 Anteit
717 1523 804 1553 tum

80 1574 258 1611 Musaeus
297 1575 382 1624 ipse
406 1586 417 1612 :
453 1573 526 1612 ubi
559 1586 611 1611 ex
643 1586 800 1611 summo

81 1631 194 1669 collis
213 1633 364 1669 vertice
385 1632 521 1670 locum
543 1630 776 1669 ostendisset
789 1660 801 1678 ,

80 1696 168 1726 tum
184 1692 325 1728 AEneas
342 1698 382 1728 et
402 1690 553 1741 Sibylla
573 1690 691 1727 altera
713 1702 804 1741 par-

79 1753 118 1784 te
135 1747 249 1785 collis
259 1747 505 1786 descendunt
516 1777 527 1795 ,
543 1747 717 1785 discessu
734 1749 805 1785 sci-

79 1803 175 1842 licet
192 1817 213 1841 a
230 1807 387 1844 Musaeo
406 1806 524 1844 facto.
548 1807 719 1856 Campos
740 1805 802 1842 ni-

83 1870 233 1906 tentes,
259 1876 335 1913 pro
362 1865 527 1900 amoenis
551 1877 661 1901 nunc
685 1863 801 1902 dixit.

83 1920 179 1970 Sup.
205 1920 277 1957 Ge.
293 1922 310 1957 1
325 1949 336 1966 ,
363 1934 378 1957 1
389 1922 439 1958 53
455 1920 504 1957 de
521 1920 633 1958 cultu
649 1920 804 1958 dictum

83 1985 166 2014 erat
179 2006 189 2023 ‚
213 1977 381 2015 nitentia
398 1980 505 2017 culta
516 1993 532 2024 ;
549 1986 588 2015 et
603 1991 706 2029 saepe
721 1978 802 2016 alii.

143 2036 241 2085 679.
263 2037 309 2071 In
328 2036 445 2074 ‘valle
457 2035 634 2075 Parthas.
648 2044 687 2072 et
699 2038 801 2073 Ven.

83 2106 171 2130 eum
202 2094 318 2130 ‘valle
347 2093 430 2133 duo
452 2095 532 2132 alii.
556 2092 715 2131 Nitenti
739 2107 801 2144 pr.

84 2150 227 2189 Hamb.
262 2152 370 2189 Male
405 2152 445 2190 h.
471 2152 498 2191 l.
534 2151 674 2190 Nitere
697 2152 803 2189 enim

84 2209 252 2247 refertur
285 2209 335 2247 ad
364 2210 519 2247 cultum
538 2210 804 2247 locorum.—

84 2267 168 2317 679
185 2279 271 2318 sqq.
291 2269 350 2305 De
361 2281 532 2305 occursu
544 2269 678 2304 matris
690 2267 808 2318 Ulys—

83 2326 135 2363 sis
153 2325 349 2363 nonnulla
368 2327 410 2363 in
425 2327 592 2364 similem
612 2327 806 2362 rationem

83 2391 178 2421 sunt
193 2383 299 2434 apud
323 2386 543 2421 Homerum
557 2411 567 2429 ‚
592 2382 737 2434 odyss
755 2387 779 2421 λ
793 2412 805 2430 ,

89 2442 166 2480 151
197 2454 308 2492 sqq.;
327 2441 396 2479 sed
418 2442 531 2479 locus
552 2441 618 2478 hic
647 2441 696 2478 de
725 2442 807 2478 An-

85 2499 193 2538 ehisa
208 2500 397 2550 praeclare
414 2513 434 2537 a
450 2500 622 2551 Virgilio
634 2507 691 2536 est
705 2507 806 2536 trac-

84 2565 202 2596 tatus.
215 2556 445 2596 Artificium
462 2566 590 2609 poetae
606 2558 805 2609 egregium

83 2616 128 2653 in
144 2614 224 2654 hoc
238 2644 249 2662 ‚
266 2616 377 2667 quod
407 2616 601 2654 Anchises
616 2616 695 2653 hoe
719 2616 806 2666 ipso

83 2680 262 2725 tempore
278 2675 322 2711 in
340 2687 507 2714 recensu
523 2675 741 2712 animarum
759 2674 802 2710 in

85 2728 188 2768 hanc
204 2733 326 2770 vitam
346 2735 651 2771 transiturarum
682 2745 800 2770 occu-

84 2794 200 2837 patus
232 2789 282 2826 ab
316 2792 437 2829 AEnea
477 2789 801 2842 deprehenditur.

869 1053 1064 1093 Traduxit
1083 1055 1189 1092 enim
1207 1062 1323 1104 poeta
1338 1082 1347 1099 ‚
1370 1061 1409 1089 et
1429 1065 1593 1091 conver-

869 1114 917 1150 tit
934 1114 977 1150 in
998 1125 1081 1149 rem
1101 1125 1213 1149 suam
1237 1120 1350 1148 vetus
1372 1110 1473 1148 illud
1501 1111 1590 1162 phi-

866 1170 1164 1221 losophantium
1183 1169 1374 1220 placitum
1386 1198 1395 1214 ‚
1414 1182 1496 1219 quo
1513 1172 1592 1206 ani-

870 1242 944 1266 mae
968 1229 1048 1276 jam
1071 1235 1160 1264 ante
1188 1228 1281 1264 vitae
1299 1226 1421 1274 hujus
1445 1229 1591 1278 ingres-

870 1299 958 1323 sum
983 1286 1170 1323 exsistere
1198 1292 1406 1334 putantur.
1432 1286 1522 1322 Jam
1545 1286 1592 1321 iis

869 1352 1000 1381 cerrus
1037 1343 1149 1380 locus
1193 1350 1278 1379 erat
1310 1341 1566 1392 assignandus
1581 1371 1592 1380 .

869 1403 934 1439 cui
970 1400 1132 1437 inclusae
1169 1407 1321 1445 essent3
1366 1398 1593 1437 docendum

868 1471 1014 1510 porro,
1038 1456 1145 1494 unde
1176 1457 1220 1494 in
1250 1469 1342 1494 eum
1375 1457 1511 1495 locum
1534 1471 1592 1495 es-

869 1525 957 1554 sent
987 1515 1182 1553 deductae.
1219 1516 1278 1552 Ita
1316 1517 1594 1566 opportunitas

866 1574 957 1612 data
989 1573 1139 1625 mythis
1152 1601 1163 1619 ‚
1192 1574 1336 1624 partim
1376 1581 1422 1610 ut
1458 1574 1594 1611 locum

868 1633 1095 1671 accuratius
1117 1631 1334 1669 declararet
1347 1659 1358 1677 ‚
1383 1634 1528 1682 partim
1548 1640 1594 1669 ut

868 1698 1077 1736 statueret,
1114 1692 1262 1727 animas
1286 1702 1349 1727 eas
1369 1689 1448 1737 jam
1481 1699 1592 1727 antea

869 1749 1042 1786 hnmana
1062 1761 1230 1799 corpora
1261 1749 1450 1785 animasse
1464 1776 1475 1794 ‚
1495 1749 1594 1784 vita-

870 1820 949 1858 que
969 1806 1124 1844 functas
1145 1806 1190 1843 in
1207 1818 1250 1843 ea
1266 1806 1355 1842 loca
1374 1804 1594 1842 descendis-

869 1878 923 1902 se.
945 1865 1073 1914 Atqui
1083 1863 1149 1901 hic
1161 1876 1301 1900 rursus
1319 1875 1424 1900 nova
1442 1865 1595 1911 conjec-

871 1921 982 1959 tandi
1022 1922 1231 1959 necessitas
1246 1949 1257 1965 ,
1277 1919 1483 1970 quomodo
1509 1923 1595 1958 ani-

869 1991 944 2017 mae
957 2008 968 2026 ,
992 1980 1174 2029 corporis
1190 1979 1373 2029 contagio
1404 1981 1596 2016 contami-

869 2046 994 2083 natae,
1020 2038 1126 2074 vitiis
1146 2045 1184 2073 et
1207 2036 1412 2073 erroribus
1434 2035 1594 2074 liberari

869 2096 1045 2145 possint,
1065 2102 1134 2131 aut
1156 2093 1294 2131 iisdem
1317 2095 1360 2131 in
1379 2093 1501 2141 locis,
1527 2104 1598 2132 aut

870 2160 1081 2202 antequam
1093 2164 1136 2189 ea
1153 2153 1195 2188 in
1207 2152 1294 2190 loca
1306 2152 1594 2203 pervenissent.

872 2210 1040 2247 —6So.
1076 2210 1338 2260 Inclususque
1362 2223 1424 2260 pr.
1445 2210 1590 2248 Hamb.

873 2267 1044 2304 illustres
1073 2267 1250 2307 Parthas.
1270 2267 1342 2304 Ad
1365 2266 1487 2305 limen
1507 2267 1590 2306 duo

873 2326 1011 2364 Heius.
1024 2339 1069 2363 ac
1084 2325 1167 2364 duo
1182 2327 1400 2364 Burmann.
1420 2338 1513 2364 cum
1531 2329 1595 2364 tri-

871 2385 935 2421 nis
967 2384 1089 2422 Goth.
1104 2412 1115 2431 ,
1145 2383 1256 2434 qnod
1289 2385 1422 2421 ornari
1455 2386 1593 2435 pos-mit.

871 2441 948 2480 Sed
970 2442 1079 2481 conf.
1108 2443 1182 2480 inf.
1206 2442 1374 2492 829.—
1396 2442 1592 2487 Inclusas,

872 2499 1056 2538 collectas
1065 2501 1110 2538 in
1123 2499 1234 2538 hunc
1252 2501 1401 2538 locum.
1423 2499 1504 2538 vid.
1518 2501 1589 2537 inf.

875 2558 957 2606 705
977 2571 1063 2609 sqq.
1080 2558 1328 2603 accolimus,
1351 2559 1484 2596 animo
1504 2571 1592 2609 pro-

871 2617 957 2666 prie
971 2617 1168 2667 praeterita
1179 2645 1191 2663 ‚
1206 2616 1288 2654 hic.
1305 2631 1343 2654 v.
1360 2615 1412 2654 63
1424 2629 1439 2653 1
1459 2616 1589 2666 simpl.

869 2686 1091 2722 recensere,
1121 2675 1356 2725 exquirere,
1391 2682 1430 2711 et
1461 2673 1589 2710 addis-

869 2744 957 2770 cere
978 2732 1110 2770 futura
1136 2732 1261 2779 faeta,
1290 2740 1329 2770 et
1352 2745 1412 2769 res
1436 2731 1590 2768 fortiter

867 2799 1004 2842 gestas.
1018 2813 1076 2820 —
1088 2790 1187 2829 682.
1207 2792 1403 2828 Numeros
1421 2790 1587 2826 Excurs.
