1767 3054
828 155 1069 193 AENEIDOS

192 227 335 274 Troia
360 226 545 273 Criniso
574 235 856 287 conceptum
877 226 1070 272 flumine
1091 237 1240 272 mater

196 308 350 361 Quem
376 302 551 364 genuit.
573 304 800 347 Veterum
820 316 916 345 non
938 301 1169 346 inmemor
1193 302 1270 349 ille
1291 314 1539 365 parentum
1556 337 1568 359 ,

197 383 424 425 Gratatur
445 376 666 432 reduces,
688 387 732 421 et
753 391 867 437 gaza
891 375 1023 421 laetus
1049 377 1221 438 agresti
1658 389 1697 422 4ο

194 453 405 514 Excipit,
433 468 486 496 ac
510 451 653 496 fessos
678 449 850 512 opibus
869 450 1049 495 solatur
1076 452 1252 498 amicis.

259 530 452 572 Postera
477 541 622 586 quum
645 525 802 585 primo
827 524 984 570 stellas
1005 525 1188 572 oriente
1210 527 1397 589 fugarat

196 604 332 649 Clara
358 601 480 658 dies,
503 600 654 646 socios
679 599 728 644 in
753 609 926 645 coetum
949 600 1088 646 litore
1114 600 1172 646 ab
1194 603 1324 647 omni

196 677 410 723 Advocat
430 678 621 732 AEneas,
649 674 913 735 tumulique
937 691 994 720 ex
1016 691 1186 736 aggere
1211 676 1336 721 satur
1357 696 1367 721 :

261 773 279 792 α
302 749 590 796 Dardanidae
611 749 790 809 magni,
814 765 959 811 genus
983 749 1078 794 alto
1105 765 1132 794 a
1156 750 1381 811 sanguine
1405 749 1590 805 divum,
1661 763 1700 796 45

196 831 393 874 Annuus
420 824 595 870 exactis
619 823 867 885 conpletur
892 823 1131 870 mensibus
1158 823 1308 881 orbis,

195 907 266 949 Ex
288 917 383 964 quo
407 899 646 961 relliquias
667 898 911 961 divinique
938 915 1042 946 ossa
1068 900 1276 962 parentis

198 975 505 1023 Condidimus
532 986 653 1021 terra
668 1009 680 1031 ‚
704 986 986 1037 moestasque
1008 975 1294 1021 sacravimus
1321 990 1436 1020 aras.

199 1202 247 1225 co
274 1189 316 1223 in
344 1187 446 1222 Ven.
475 1185 552 1233 159
572 1185 655 1220 ursi
682 1196 773 1220 cum
792 1183 918 1221 leoni-

198 1247 272 1283 bus
306 1245 350 1281 in
389 1243 508 1290 Troja
544 1250 839 1288 memorantur3
882 1250 920 1278 et

199 1304 307 1341 fuere
331 1313 422 1338 sane
442 1302 484 1336 in
505 1300 635 1336 vicina
652 1299 822 1350 Phrygia
839 1300 920 1337 leo-

197 1375 289 1407 nes,
318 1359 479 1410 Cybelae
503 1371 663 1408 quoque
688 1360 918 1396 consecrati.

196 1419 389 1457 Habitum
409 1425 540 1453 autem
559 1418 808 1453 venatoriam
832 1416 872 1453 h.
890 1417 916 1454 l.

198 1477 441 1526 descriptum
471 1482 579 1524 puta.
614 1473 665 1511 cf.
709 1472 780 1510 inf.
805 1473 886 1510 300
907 1503 916 1520 ,

201 1537 297 1573 301.
319 1555 378 1562 ——
404 1532 471 1569 38.
495 1529 646 1567 Criniso
667 1531 817 1579 ubique
834 1531 918 1568 ede-

199 1594 348 1637 batur3
379 1602 453 1626 nec
489 1588 601 1625 aliter
632 1587 748 1625 codd.
765 1616 774 1634 ,
800 1591 917 1626 etiam

199 1649 350 1688 Medic,
386 1650 434 1684 In
470 1647 607 1697 paucis
647 1645 841 1692 Crinisso,
879 1656 916 1683 et

203 1708 398 1746 Cn‘ndsso.
428 1707 488 1742 De
509 1704 732 1740 diversitate
752 1706 918 1754 scriptu·

200 1779 253 1803 rae
274 1765 416 1815 passim
435 1764 512 1798 viri
532 1761 642 1798 docti
662 1761 710 1797 ad
727 1762 914 1811 Stephan.

197 1826 363 1870 Bx-zant.
381 1819 549 1857 Diodor.
574 1828 613 1855 et
629 1817 679 1855 al.
698 1832 737 1856 v,
756 1818 915 1855 Cluver.

199 1867 306 1920 Si'cil.
340 1886 419 1915 ant.
434 1905 444 1923 ‚
483 1876 664 1926 inprimis
699 1876 835 1913 Heius.
869 1876 917 1912 ad

202 1937 407 1978 Claudian.
437 1937 476 1971 II
499 1936 548 1971 R.
578 1937 621 1971 P.
649 1934 697 1981 57
715 1961 726 1979 ‚
759 1935 829 1983 qm·
864 1933 916 1970 ob

200 1996 384 2034 codicum
418 2004 655 2030 consensum
686 1990 838 2028 Criniso
857 1991 919 2028 de·

199 2053 408 2097 fendebat3
451 2048 539 2086 add.
562 2049 742 2087 Oberlin.
774 2048 823 2084 ad
845 2051 916 2085 Yi-

197 2112 312 2149 bium
332 2112 419 2158 Seq.
437 2121 478 2157 p.
500 2107 568 2155 93.
591 2108 632 2144 Si
650 2107 786 2145 Servio
806 2106 854 2142 ad
871 2109 889 2143 1
905 2135 915 2152 ‚

200 2170 281 2207 550
303 2166 401 2204 fides
418 2163 598 2201 habenda
612 2192 622 2209 ‚
656 2163 808 2201 Criniso
827 2165 917 2200 Vir-

196 2226 313 2279 gilius
328 2223 500 2261 scribere
513 2221 665 2259 maluit.
677 2224 829 2258 Verum
847 2234 916 2259 no·

196 2297 291 2322 men
311 2290 370 2320 est
395 2277 577 2333 Kaiemx
605 2279 669 2316 vel
694 2276 911 2331 Κρίμισσες.

198 2343 286 2379 Hoc
305 2339 467 2389 reposui
483 2338 717 2374 assentiente
734 2317 911 2374 Brunck.

199 2401 248 2436 In
267 2398 478 2434 nominum
506 2407 727 2446 graecorum
745 2395 913 2445 scriptu-

200 2468 243 2491 ra
259 2452 446 2491 audiendi
462 2461 555 2489 sunt
571 2452 714 2489 Graeci.

259 2513 326 2559 39.
352 2513 536 2547 Veterum
546 2517 776 2558 parentum,
793 2521 914 2557 quan-

195 2567 409 2619 doquidem
446 2579 468 2602 a
505 2566 685 2612 Trojanis
719 2566 910 2615 originem

195 2625 377 2664 ducebat.
436 2623 552 2659 Gaza
587 2621 736 2673 agresti
750 2650 761 2668 ,
800 2624 911 2672 epica

195 2696 287 2722 cum
323 2681 510 2734 gravitate
539 2679 579 2717 h.
609 2693 642 2716 e.
666 2692 774 2729 penu
798 2682 911 2717 rusti-

193 2754 293 2779 cano
311 2768 322 2786 ‚
345 2738 565 2788 explicatur
600 2751 672 2788 per
701 2750 820 2787 opes,·
850 2750 910 2775 or-

190 2807 287 2838 nant
310 2797 422 2834 laecus
438 2803 476 2833 et
484 2794 626 2847 fessos.

1046 1191 1113 1228 44.
1144 1185 1302 1221 Avocat
1321 1184 1425 1220 Ven.
1445 1209 1456 1229 ,
1480 1182 1549 1220 sed
1571 1183 1703 1222 videas

984 1243 1119 1279 Burm.
1129 1239 1360 1291 Cumulique
1372 1242 1530 1293 Menag.
1545 1241 1610 1278 Ab
1630 1255 1702 1294 ag-

987 1313 1076 1336 erere
1098 1302 1276 1338 Witt.—-
1290 1298 1448 1335 Tumuli
1466 1312 1520 1335 ex
1544 1312 1693 1351 aggere

980 1328 1176 1409 {ornatcn
1207 1370 1282 1407 pro
1319 1370 1371 1394 ex
1402 1356 1612 1405 tumulo),
1643 1371 1702 1395 so-

977 1418 1068 1452 cios
1105 1415 1344 1463 alloquitnr3
1374 1427 1484 1451 more
1515 1415 1702 1460 militari,

986 1482 1031 1509 ut
1065 1473 1179 1509 toties
1213 1470 1319 1522 apud
1349 1473 1433 1509 Liv.
1465 1480 1504 1509 et
1534 1474 1626 1511 Tac.
1655 1473 1703 1510 de

984 1539 1171 1581 suggestu
1194 1538 1232 1566 et
1258 1542 1394 1581 aggere
1421 1530 1467 1566 in
1495 1531 1628 1568 castris
1650 1531 1702 1567 al-

983 1588 1134 1625 locutio
1154 1587 1253 1624 facta
1276 1587 1434 1638 legitur,
1707 1612 1730 1637 5

1043 1646 1110 1690 45.
1143 1645 1241 1682 Alco
1271 1658 1297 1681 a
1321 1644 1517 1697 sanguine
1541 1645 1670 1700 divum
1685 1676 1696 1691 ,

983 1712 1146 1753 propter
1168 1702 1400 1740 Dardanum
1430 1704 1543 1740 Jovis
1576 1701 1632 1741 ffl.
1659 1718 1696 1741 v.

984 1763 1041 1798 III
1056 1789 1066 1806 ‚
1092 1761 1184 1808 167.
1201 1761 1318 1799 *Solet
1342 1769 1475 1798 autem
1493 1761 1577 1809 ejus
1591 1789 1602 1807 ‚
1629 1764 1700 1811 qui

983 1819 1110 1867 gentis
1133 1827 1272 1855 auctor
1292 1831 1335 1854 ac
1364 1819 1476 1868 regm'
1503 1818 1566 1854 vel
1590 1819 1700 1855 urbis

984 1875 1168 1913 conditor
1186 1876 1281 1921 fuit,
1299 1875 1485 1913 nobilitas
1501 1875 1576 1912 toti
1591 1879 1698 1927 genti

984 1946 1027 1969 ac
1053 1933 1206 1983 populo
1241 1933 1378 1970 tribui.
1410 1934 1472 1971 Sic
1502 1935 1699 1980 Romani,

987 1989 1126 2026 Martis
1159 2003 1287 2041 genus
1301 2019 1313 2035 ,
1357 1990 1584 2028 Romulida·
1623 2000 1696 2030 etc.

984 2050 1071 2085 Hoc
1084 2050 1218 2085 Burm.
1232 2049 1352 2084 unice
1364 2056 1496 2085 tenere
1514 2047 1697 2087 debebat..

983 2127 1040 2134 —-
1061 2106 1114 2150 45
1145 2117 1203 2154 sq.
1232 2106 1314 2141 Etsi
1341 2112 1389 2141 et.
1400 2105 1552 2142 inferiae
1571 2105 1634 2142 hae
1660 2115 1699 2143 et

981 2162 1068 2199 ludi
1099 2161 1286 2199 funebres
1313 2161 1431 2212 plane
1463 2161 1511 2198 ad
1531 2163 1698 2200 Homeri

981 2221 1186 2270 inprimis,
1218 2228 1304 2256 tum
1331 2228 1371 2257 et
1398 2219 1566 2256 aliorum
1591 2229 1698 2258 vete-

981 2291 1071 2315 rum
1087 2286 1296 2329 poetarum
1309 2276 1542 2326 exemplum
1561 2291 1582 2314 a
1607 2279 1697 2315 'Vir-

980 2335 1075 2386 gilio
1107 2335 1374 2372 instituuntur
1393 2362 1404 2380 ‚
1446 2342 1578 2372 tamen
1611 2336 1694 2383 ejus

978 2394 1183 2444 ingenium
1205 2392 1248 2428 in
1271 2404 1318 2429 eo
1333 2403 1517 2442 agnoscas
1535 2404 1694 2438 moneo,

978 2449 1087 2499 quod
1106 2451 1153 2486 iis
1168 2448 1288 2486 rebus
1306 2447 1355 2485 ad
1370 2449 1554 2498 pietatem
1571 2452 1693 2487 maxi—

978 2520 1042 2544 me
1057 2509 1190 2545 AEneae
1213 2507 1276 2543 sni
1300 2505 1573 2543 declarandam
1598 2521 1694 2545 usus

978 2572 1047 2602 est.

1036 2621 1104 2666 48.
1127 2623 1257 2658 Terrae
1272 2629 1350 2659 tres
1364 2622 1585 2660 Burmann.
1599 2635 1692 2660 cum

977 2678 1098 2716 Goth.
1138 2691 1198 2728 pr.
1233 2681 1332 2716 Sane
1365 2679 1485 2716 condi
1518 2688 1623 2717 terra
1653 2690 1691 2718 et

976 2745 1090 2773 terroe
1123 2735 1202 2773 dici
1240 2736 1359 2782 solet,
1395 2745 1442 2774 ut
1470 2739 1605 2776 Barna.
1641 2739 1691 2776 ad

975 2795 1120 2832 Lucan.
1141 2795 1172 2840 Ι,
1193 2793 1273 2842 607
1297 2803 1336 2832 et
1354 2794 1420 2832 alii
1434 2794 1529 2833 alibi
1547 2794 1690 2834 docue-
