1767 3054
201 106 281 143 266

818 103 1061 142 AENEIDOS

259 180 381 222 Tum
406 173 578 236 gemini
601 173 767 220 fratres
794 173 1012 220 Tiburtia
1037 173 1207 220 moenia
1231 174 1473 238 linquunt,

1624 190 1687 230 670

196 252 373 300 Fratris
398 251 589 297 Tiburti
609 250 780 296 dictam
802 250 1080 313 cognomine
1103 263 1312 313 gentem,

196 327 506 389 Catillusque,
528 343 728 388 acerque
752 329 917 383 Coras,
944 327 1120 388 Argiva
1138 328 1388 389 juventus;

196 408 255 451 Et
279 405 479 467 primam
503 414 609 448 ante
635 402 781 447 aciem
807 401 950 447 densa
971 401 1093 446 inter
1120 403 1208 447 tela
1234 403 1474 460 feruntur3

198 482 320 536 Ceu,
349 477 445 524 duo
465 476 714 537 nubigcnae
739 491 886 536 quum
905 475 1082 520 vertice
1107 477 1278 522 montis
1300 476 1360 522 ab
1386 477 1480 522 alto

196 553 501 601 Descendunt
520 551 766 608 Centauri,
793 551 1027 596 Homolen
1050 550 1349 613 Othrquue
1373 553 1576 598 nivalem
1629 564 1692 607 675

200 739 280 766 tum
294 740 346 765 sc.
358 736 543 778 tegumen
561 723 694 775 capiti,
708 724 784 761 nisi
801 721 913 760 indu-

200 797 260 823 tus
276 785 520 822 substantive
531 784 719 833 positum,
733 790 777 818 ut
789 782 838 818 sit
850 782 912 817 in-

200 845 433 881 dumentum
465 842 601 891 capitis
621 852 630 878 ε
647 848 691 876 ut
708 839 779 876 inf.
803 839 884 875 688
901 866 912 885 ,

201 903 284 950 689
293 899 506 951 fulvosque
535 897 619 946 lupi
641 897 691 933 de
710 896 822 947 pelle
841 909 913 948 ga-

201 960 302 996 leros
327 959 500 1007 Tegmen
522 953 669 991 habent
688 953 837 1004 capiti;
858 956 913 991 sic

203 1028 312 1053 nunc
342 1013 501 1050 indutus
530 1011 667 1062 capiti.
701 1014 915 1062 Interpun-

201 1087 287 1125 gam
307 1071 442 1108 saltem
459 1070 575 1120 plene
591 1078 658 1107 aut
675 1071 718 1106 in
734 1068 814 1106 fine
832 1083 916 1106 ver-

202 1144 266 1168 sus
299 1130 378 1177 667
403 1141 411 1166 :
444 1127 559 1165 albis.
594 1127 761 1164 Inclusus
794 1126 919 1177 capiti

200 1188 279 1232 sic,
315 1186 428 1238 regia
461 1194 565 1222 tecta
592 1185 749 1222 subibat
777 1184 916 1222 Horri-

201 1248 273 1283 dus
287 1275 296 1289 ,
338 1244 613 1294 Herculeoque
648 1242 830 1279 humeros
861 1243 921 1280 in-

203 1316 331 1341 nexus
351 1302 498 1339 amictu
513 1316 529 1346 ;
549 1310 639 1348 aut,
662 1300 772 1351 quod
792 1301 920 1338 facere

201 1370 359 1412 praestat
371 1388 380 1406 ,
399 1368 490 1410 post
510 1359 678 1395 Indutus
694 1358 818 1408 capiti
832 1373 846 1395 .·
865 1358 921 1395 sic

202 1419 313 1469 regin
332 1427 435 1454 tecta
453 1416 615 1455 subibat,
634 1418 742 1453 Licet
760 1430 922 1466 quoque

201 1477 402 1526 suspicari,
422 1476 565 1511 vitium
578 1476 618 1510 in
633 1484 817 1523 torquens
828 1475 922 1511 late-

203 1547 268 1578 re3
305 1545 419 1576 nam,
456 1533 487 1567 si
519 1544 566 1568 eo
594 1531 751 1568 sublato
781 1531 923 1568 substi-

203 1597 338 1627 tuatur
357 1588 561 1639 epitheton
578 1588 727 1635 leonis,
750 1602 788 1625 v,
807 1601 841 1626 c.
861 1591 923 1638 lp-

205 1662 246 1684 se
268 1647 392 1696 pedes
413 1655 597 1697 tegumen
622 1644 825 1691 Nemeaec,
858 1646 922 1683 vel

209 1706 242 1741 Γ
247 1704 380 1748 retuli,
405 1702 582 1740 immane
606 1702 765 1739 leonis:
787 1704 920 1740 omnia

207 1764 307 1800 bene
331 1775 369 1797 se
387 1761 535 1797 hahent
549 1789 558 1807 ,
584 1769 629 1797 ut
649 1762 704 1797 sic
721 1773 731 1798 :
754 1763 843 1810 lpse
857 1774 922 1810 pe-

207 1822 276 1856 des
296 1828 481 1869 tegumen
499 1841 556 1846 —
574 1817 746 1856 indutus.
775 1817 922 1856 Proba-

207 1878 285 1914 bile
302 1876 400 1913 mihi
416 1875 575 1912 videtur
592 1876 727 1912 locum
743 1875 923 1912 ultimam

205 1944 333 1987 poetae
365 1946 529 1969 manum
560 1941 826 1983 exspectasse,
858 1942 920 1980 et,

207 2005 294 2044 quae
319 1992 423 2027 varie
443 1990 492 2026 ab
513 2003 559 2026 eo
579 1998 724 2027 tentata
743 1990 921 2037 fuerant,

207 2064 258 2088 ex
286 2050 369 2098 ejus
396 2047 533 2084 codice
554 2060 576 2084 a
600 2050 731 2085 Tucca
755 2060 836 2084 esse
857 2060 925 2097 ap-

208 2109 348 2159 posita.

265 2167 347 2212 670
367 2186 425 2192 —
443 2164 541 2211 677.
560 2164 607 2200 In
628 2161 838 2200 condenda
857 2175 925 2200 ur-

208 2225 256 2261 be
274 2223 424 2261 Tibure
438 2229 515 2258 tres
527 2221 663 2258 fratres
681 2222 925 2258 consociasse

210 2293 348 2330 operas
372 2292 461 2315 suas
481 2287 691 2315 narrantur
704 2305 714 2324 ,
737 2277 927 2328 Amphia-

210 2340 265 2374 rai
287 2366 296 2382 ,
339 2337 407 2386 qui
448 2336 496 2372 ad
532 2335 687 2372 Thebas
727 2335 776 2371 ab
825 2344 928 2371 terra

211 2396 374 2431 haustus
419 2393 570 2430 interiit
588 2420 598 2438 ‚
650 2393 792 2442 Argivi
840 2391 927 2430 filii.

211 2450 333 2501 Quod
353 2450 379 2484 ii
399 2449 474 2486 isto
505 2449 634 2485 adhuc
663 2457 839 2499 tempore
867 2451 929 2486 in-

212 2518 271 2544 ter
300 2508 410 2543 vivos
432 2505 652 2552 habentur,
680 2519 763 2544 nou
787 2519 931 2557 urgen-

215 2566 313 2602 dum
346 2571 401 2598 est
415 2589 425 2605 ‚
466 2575 538 2598 nec
571 2570 794 2613 temporum
833 2565 932 2601 ratio

218 2620 402 2660 subtilius
427 2618 630 2670 exigenda.
653 2641 711 2648 ——-
731 2621 780 2668 67
794 2633 828 2658 1.
858 2623 933 2669 Ty-

219 2677 332 2716 burni
347 2679 478 2721 Rom„
498 2676 606 2726 quod
621 2677 743 2714 Cerda
761 2677 930 2728 praefert.

223 2740 321 2776 Sane
349 2746 408 2785 ap.
430 2734 566 2771 Horat.
590 2736 627 2780 1,
663 2747 699 2782 7,
726 2737 773 2773 13
799 2734 933 2772 Tibur-

981 721 1026 758 ni
1053 721 1184 765 lucus,
1212 721 1285 758 etsi
1313 730 1352 759 et
1375 722 1434 760 ibi
1453 724 1606 762 variant
1629 738 1694 763 οο-

982 779 1103 816 dices.
1121 792 1160 815 v.
1178 780 1364 818 Torrent.
1389 789 1428 818 et
1443 782 1623 820 Lambin.
1641 784 1694 822 cf.

979 837 1052 875 inf.
1085 836 1156 874 lib.
1192 838 1273 882 XI,
1311 837 1407 888 519.
1437 838 1601 876 Tiburni
1629 853 1697 878 ex-

981 908 1159 946 pressum
1182 893 1291 932 dedit
1309 894 1500 944 Brunck„
1520 896 1640 947 idque
1660 907 1699 935 et

980 954 1064 1004 ipse
1088 952 1234 990 malim.
1257 954 1415 991 Vitium
1433 955 1542 991 nasci
1565 956 1699 1005 potuit

982 1024 1002 1047 e
1021 1024 1135 1048 versu
1150 1011 1325 1048 anteced.
1340 1011 1471 1048 Habet
1489 1021 1618 1050 tamen
1631 1041 1642 1060 ,
1661 1021 1700 1050 et

983 1068 1100 1106 altera
1120 1068 1247 1105 forma
1275 1068 1424 1105 Tiburti
1452 1082 1541 1107 suas
1564 1080 1699 1109 aucto-

981 1127 1127 1164 ritates.
1141 1148 1199 1155 --
1218 1126 1383 1163 Gentem
1394 1156 1405 1172 ,
1421 1135 1467 1163 ut
1482 1136 1597 1178 poeta
1614 1141 1700 1165 nar-

984 1192 1063 1231 rat,
1081 1197 1207 1234 quum
1224 1184 1356 1221 urbem
1374 1184 1504 1222 dicere
1517 1186 1698 1231 deberet3

986 1243 1097 1293 quod
1130 1243 1273 1292 passim
1307 1242 1472 1280 obvium
1496 1255 1506 1281 :
1529 1257 1587 1282 vs,
1617 1244 1699 1292 673

986 1297 1261 1354 προμάχονται
1283 1299 1450 1337 heroum
1469 1302 1701 1339 Homerico-

988 1371 1079 1394 rum
1103 1357 1285 1407 exemplo
1309 1367 1587 1408 procurrentes
1614 1367 1705 1396 ante

989 1417 1125 1453 aciem.
1147 1415 1381 1452 Tenendum
1406 1424 1463 1452 est
1491 1430 1542 1453 ex
1569 1416 1703 1454 Iliadis

987 1474 1171 1510 lectione.
1203 1473 1453 1524 Comparatio
1489 1488 1588 1512 vers,
1619 1475 1704 1522 674

987 1529 1192 1581 splendida
1215 1539 1273 1568 est
1295 1543 1304 1569 :
1326 1531 1462 1569 eadem
1485 1533 1705 1569 imitatione

988 1601 1204 1638 expressaa
1232 1589 1354 1626 Statio
1386 1591 1446 1626 IV
1474 1589 1600 1627 Theb.
1628 1590 1705 1638 139

987 1652 1146 1691 ——1413
1166 1646 1245 1690 IX,
1273 1658 1585 1684 220—222.—-
1606 1647 1703 1693 674.

988 1701 1222 1753 Nubigenas
1241 1703 1458 1740 Centauros
1469 1717 1595 1754 quum
1612 1705 1707 1755 pris-

988 1773 1031 1797 ca
1071 1759 1264 1809 loquendi
1310 1762 1410 1797 ratio
1452 1762 1704 1811 appellasset,

989 1816 1098 1867 quod
1117 1817 1323 1855 altissimos
1354 1818 1562 1856 Thessaliae
1592 1832 1705 1856 mon·

990 1884 1067 1921 tes,
1087 1888 1137 1911 ex
1153 1875 1299 1924 quibus
1315 1875 1466 1926 Othrys
1483 1885 1521 1913 et
1538 1876 1709 1914 Homole

991 1941 1102 1978 sunt,
1120 1931 1367 1969 inhabitabat
1383 1946 1476 1984 gens
1493 1934 1571 1970 fera
1590 1943 1629 1971 et
1648 1934 1711 1970 sil-

991 1990 1157 2036 vestris,
1192 1989 1328 2026 fabula
1362 2003 1448 2027 eam
1479 1990 1578 2028 locis
1606 1993 1709 2028 intra

992 2047 1119 2084 nubes
1142 2046 1257 2084 editis
1279 2045 1524 2086 habitantem
1553 2061 1573 2084 a
1602 2048 1710 2085 nube

993 2105 1170 2154 repetiit,
1191 2118 1309 2155 quam
1326 2106 1443 2143 Ixion
1458 2118 1532 2156 pro
1548 2107 1574 2144 J
1577 2118 1710 2143 unone

995 2171 1078 2199 erat
1094 2162 1312 2212 amplexus.
1330 2185 1388 2192 —
1405 2163 1503 2211 675.
1525 2163 1706 2208 Omolen,

993 2220 1183 2264 Emalon,
1199 2220 1390 2266 Amolon,
1413 2220 1629 2283 Tymolem,
1648 2220 1710 2257 ab·

994 2286 1126 2315 erran,
1152 2277 1429 2325 librariOrum3
1456 2291 1546 2315 nam
1575 2267 1708 2331 Ομόλη

995 2336 1085 2371 satis
1115 2343 1209 2372 nota
1241 2348 1292 2372 ex
1321 2336 1509 2373 Pausania
1541 2337 1620 2381 Ix,
1659 2335 1703 2381 8;

996 2391 1182 2442 Stephan.
1207 2394 1303 2444 Byz.
1329 2392 1370 2431 h.
1391 2406 1429 2430 v,
1453 2393 1572 2429 Mons
1603 2393 1711 2430 idem

1001 2450 1288 2488 Centaurorum
1319 2449 1428 2487 clade
1458 2457 1617 2487 notatus
1647 2463 1710 2500 ap.

999 2508 1136 2557 Eurip.
1155 2509 1272 2544 Herc.
1295 2505 1370 2543 fur.
1395 2507 1444 2553 37
1458 2519 1490 2544 1.
1516 2509 1630 2544 Panis
1651 2520 1709 2544 se-

999 2563 1067 2600 des
1094 2577 1155 2613 ap.
1180 2562 1347 2600 Theocr.
1373 2565 1472 2610 VII,
1504 2565 1598 2601 103.
1632 2566 1711 2603 Ur-

1000 2620 1091 2656 bem
1114 2619 1232 2656 simili
1249 2621 1409 2656 nomine
1429 2621 1628 2658 Homolen
1648 2621 1713 2658 vel

999 2676 1255 2720 Homolium,
1295 2676 1428 2714 laudat
1462 2678 1602 2717 Strabo
1637 2678 1710 2715 lib.

1000 2735 1079 2780 lx,
1113 2746 1199 2785 pag.
1226 2733 1308 2782 675
1334 2735 1364 2772 Β
1387 2743 1426 2772 et
1457 2735 1710 2782 Ptolemaeus,
