1767 3054
173 225 257 262 404
754 218 1028 256 EXCL'RSUS
1059 219 1077 254 I

174 299 373 337 auctores,
393 303 485 327 nam
522 291 711 329 Catonem
742 292 993 341 potissimum
1017 292 1215 342 sequitur,
1244 291 1348 329 idem
1379 290 1574 329 tradentes
1602 303 1670 328 ex-

173 358 314 408 pressit
331 358 500 408 DionYS.
518 357 647 395 Halic.
667 359 704 404 Ι,
724 358 792 403 64,
811 358 888 404 653
909 371 982 394 nec
1003 357 1226 409 discrepant
1246 360 1393 397 Justin.
1417 359 1562 404 XLIII,
1588 370 1605 394 1
1628 358 1673 401 f.;

173 426 310 462 Festus
345 425 388 460 in
407 437 495 462 voc,
522 424 712 460 oscillum
737 437 787 460 ex
816 423 1054 472 Cornificio,
1084 433 1122 462 et
1152 427 1310 463 Servius
1342 439 1392 463 ex
1425 426 1594 472 Catone,
1627 423 1676 461 ad

173 496 263 531 AEn.
284 495 324 539 I,
348 493 425 540 267
442 506 452 538 ;
469 494 543 538 IV,
563 493 662 530 620.
681 494 736 529 At
752 500 869 542 poeta
885 500 951 528 aut
970 491 1146 529 diversos
1162 501 1346 531 auctores
1361 493 1524 543 habuit,
1545 501 1612 530 aut
1629 505 1676 528 eo

173 560 345 597 fabulam
367 558 553 606 deflexit,
591 567 636 595 ut
659 560 883 596 Mezentius
915 573 937 596 a
970 561 1051 596 suis
1082 559 1236 597 civibus
1266 572 1390 610 regno
1420 559 1592 609 dejectus
1625 557 1675 595 ad

132 651 135 653 -
175 631 362 666 Turnum
387 627 639 678 confugeret,
657 625 728 664 lib.
754 628 855 664 VIII
874 654 884 673 ‚
905 627 985 676 489
1011 640 1096 677 sqq.

232 697 342 732 Inter
359 695 443 732 haec
463 694 680 732 tenendum
701 703 758 731 est
774 694 837 742 id,
860 696 903 731 in
922 708 1002 745 quo
1022 695 1202 746 plerique
1220 696 1500 742 consentiunt,
1518 697 1677 733 Mezen-

175 763 274 800 tium
298 764 418 801 fuisse
442 763 626 815 Agyllae‚
650 776 719 799 seu
747 764 1044 801 Coeretanomm
1066 776 1220 814 regem3
1243 771 1289 800 ut
1308 762 1404 800 felix
1430 772 1547 814 poeta
1564 765 1679 801 etiam

175 834 219 869 in
241 831 314 868 hac
343 832 565 882 argumenti
593 840 705 882 parte
726 831 868 877 fuerit,
897 839 943 868 ut
964 831 1206 882 probabilia,
1237 843 1326 881 quae
1354 840 1609 882 sequeretur,
1636 834 1680 870 in

176 899 360 936 manibus
376 898 560 945 haberet,
578 911 662 936 non
684 899 720 935 ei
740 898 1076 936 comminiscenda
1097 907 1237 936 essent.
1260 898 1459 936 Convenit
1481 899 1587 935 enim
1605 899 1682 936 hoc

178 979 271 1003 cum
304 967 455 1015 reliqua
485 964 744 1003 historiarum
775 964 876 1013 fide,
908 967 1057 1016 primos
1085 966 1228 1017 opibus
1257 967 1361 1003 inter
1390 967 1579 1003 Etruscos
1606 964 1679 1003 flo-

177 1037 323 1082 ruisse,
345 1035 482 1072 saltem
499 1036 642 1072 exteris
663 1036 882 1072 innotuisse
903 1034 1125 1086 Agyllaeos,
1149 1035 1356 1072 maritimis
1381 1035 1526 1084 copiis,
1548 1042 1586 1071 et
1609 1047 1679 1071 na-

177 1103 388 1153 vigationis
422 1103 666 1139 commerciis
683 1129 693 1148 ,
719 1103 926 1153 insigniter
951 1110 1101 1140 auctos,
1131 1103 1252 1139 Hanc
1275 1100 1518 1153 (Agyllam)
1540 1101 1682 1138 multos

163 1172 385 1225 florentem
405 1183 535 1207 annos
559 1171 730 1221 appellat
749 1172 864 1208 Maro
884 1172 1004 1218 VIII,
1029 1171 1125 1216 481.
1150 1184 1190 1208 v.
1216 1172 1386 1222 Dionys.
1407 1170 1479 1208 lib.
1498 1172 1580 1217 III,
1603 1170 1680 1218 583

173 1238 362 1278 Strabon.
383 1240 434 1284 V,
462 1239 558 1286 337.
589 1238 695 1276 Hinc
727 1251 887 1288 quoque
915 1238 1061 1290 Agylla
1081 1252 1133 1276 ex
1157 1240 1268 1276 omni
1295 1239 1454 1276 Etruria
1483 1251 1564 1275 una
1589 1247 1681 1276 nota

178 1307 254 1343 fuit
274 1306 421 1343 Graecis
441 1318 450 1344 :
473 1314 512 1343 et
527 1305 774 1356 Lycophron
793 1319 831 1343 v.
865 1306 970 1343 1353
1002 1314 1126 1343 totam
1153 1314 1299 1343 terram
1318 1305 1368 1343 ab
1394 1305 1469 1343 hac
1494 1305 1596 1343 urbe
1614 1304 1681 1342 de·

180 1377 320 1425 signat.
341 1375 466 1411 Fuere
495 1387 616 1424 porro
639 1374 832 1412 Caeretani
860 1387 911 1411 ex
932 1375 980 1411 iis
1008 1375 1183 1411 Etruscis
1201 1373 1390 1421 urbibus,
1416 1386 1504 1424 quae
1520 1375 1682 1425 vestigia

183 1442 370 1492 Pelasgici
387 1442 508 1478 moris
520 1441 690 1492 plurima
705 1450 742 1478 et
759 1441 922 1479 clariora
939 1443 1198 1480 retinuerant.
1212 1443 1350 1492 Itaque
1367 1440 1468 1478 bene
1483 1440 1553 1478 lib.
1567 1442 1684 1486 VIII,

184 1508 433 1544 600—602
466 1507 573 1558 apud
595 1522 661 1545 eos
694 1509 861 1561 Pelasgi
888 1519 1044 1546 veteres
1075 1522 1228 1547 sacrum
1263 1510 1513 1546 constituisse
1535 1522 1683 1546 memo-

181 1583 319 1612 rantur
336 1574 516 1621 Silvano,
537 1575 701 1624 antiquo
721 1575 880 1611 numini
893 1602 903 1620 ,
921 1575 1030 1625 quod
1047 1577 1152 1612 Pana
1170 1583 1239 1612 aut
1257 1574 1365 1613 aliud
1384 1574 1509 1613 simile
1531 1586 1682 1612 numen

181 1641 386 1680 referebat.

241 1707 350 1745 fflud
368 1721 462 1746 vero
481 1710 616 1746 mirari
635 1709 742 1746 soleo
756 1737 767 1756 ,
787 1708 894 1746 unde
915 1723 965 1747 ex
983 1709 1061 1747 boc
1078 1711 1210 1760 prisco
1228 1718 1404 1760 tempore
1424 1722 1484 1746 res
1504 1717 1582 1745 tam
1599 1709 1681 1746 exi-

182 1774 238 1811 les
268 1783 307 1812 et
328 1788 471 1825 parum
497 1776 771 1813 memorabiles
800 1778 1025 1827 acceperint
1048 1786 1198 1814 veteres
1220 1778 1450 1827 scriptoreS‚
1470 1776 1583 1827 quale
1605 1775 1682 1814 hoc

183 1851 260 1890 oet,
289 1842 396 1893 quod
419 1843 570 1881 Plinius
591 1844 664 1882 lib.
688 1846 801 1891 XIV,
824 1859 855 1883 s.
890 1852 940 1889 14
962 1845 1104 1891 habet,
1131 1847 1188 1882 M.
1214 1847 1341 1881 Varro
1360 1853 1501 1881 auctor
1522 1853 1580 1881 est
1596 1846 1682 1881 Me·

184 1911 358 1948 zencium
368 1941 380 1958 ,
401 1913 574 1950 Etmrz'oe
593 1927 749 1965 regem,
782 1913 980 1951 auxilium
1009 1912 1164 1950 Rutulis
1182 1912 1507 1950 concra·Latinos
1525 1911 1679 1957 tulisse,

187 1980 273 2016 vini
298 1979 500 2027 mercede,
518 1981 628 2031 quod
655 1990 735 2018 tum
757 1982 800 2017 in
819 1982 958 2018 Latino
985 1993 1078 2032 agro
1092 1979 1258 2031 ficisset.
1285 1975 1423 2026 Varie,
1442 1988 1488 2017 ut
1514 1980 1558 2016 in
1575 1987 1684 2016 tanoe

184 2060 318 2084 rerum
336 2048 580 2097 antiquitate,
593 2048 782 2085 traditum
800 2047 876 2085 fuit
890 2048 966 2085 hoc
983 2047 1102 2085 idem.
1116 2049 1215 2086 Nam
1231 2049 1274 2084 L.
1289 2047 1416 2086 Caesar
1431 2054 1471 2083 et
1482 2046 1532 2083 A.
1550 2048 1685 2083 Postu-

183 2115 286 2150 mius
301 2127 418 2165 supra
432 2114 602 2162 laudati,
619 2116 722 2153 inter
739 2114 988 2153 conditiones
999 2144 1008 2162 ,
1024 2115 1172 2165 quibus
1188 2116 1231 2152 in
1249 2113 1492 2152 deditionem
1507 2114 1685 2163 accipere

184 2182 302 2221 vellet
327 2184 486 2220 Latinos
515 2185 669 2221 Lavim'i
696 2184 874 2221 obsessos
894 2185 1118 2222 Mezentius
1131 2211 1141 2230 ,
1159 2190 1474 2221 memoraverant
1494 2181 1617 2228 hanc,
1641 2189 1686 2217 ut

185 2262 304 2286 omne
326 2249 471 2286 vinum
495 2251 588 2302 agri
618 2250 758 2288 Latini
786 2250 944 2302 aliquot
967 2249 1086 2288 annis
1109 2250 1185 2287 sibi
1203 2250 1424 2303 inferretur.
1447 2250 1504 2286 At
1523 2247 1683 2286 Ascanii

185 2317 350 2354 consilio
367 2326 405 2354 et
423 2319 677 2365 auctoritate,
689 2341 746 2347 -—
761 2318 863 2356 vino
881 2333 932 2356 ex
953 2318 1064 2356 omni
1079 2317 1291 2355 vindemia
1311 2316 1400 2355 Jovi
1409 2315 1570 2367 publice
1585 2322 1682 2351 voco

186 2394 511 2435 comarumque,
535 2386 665 2423 Latini
684 2386 784 2423 urbe
803 2395 1044 2437 eruperunt,
1069 2386 1238 2436 fusoque
1252 2383 1437 2436 praesidio
1455 2381 1682 2421 interfecto-

184 2463 264 2499 que
281 2452 406 2488 Lauso
417 2482 427 2500 ,
446 2455 690 2491 Mezentium
707 2455 840 2506 fugam
857 2455 982 2491 facere
1000 2462 1228 2505 coegerunt.
1247 2455 1285 2490 Is
1300 2461 1435 2504 postea
1449 2463 1520 2501 per
1533 2449 1682 2498 legatos

187 2519 400 2556 amicitiam
423 2522 725 2572 societatemque
741 2524 975 2560 Latinorum
992 2522 1219 2572 impetravit
1235 2533 1245 2559 :
1264 2523 1319 2557 ita
1333 2521 1473 2557 Victor
1490 2519 1541 2555 Ο.
1562 2517 1611 2554 G.
1631 2519 1679 2555 R.

195 2585 245 2622 15
260 2598 270 2631 ;
305 2594 344 2622 et
376 2587 516 2625 similia
545 2589 651 2639 apud
681 2591 850 2640 Dionys.
883 2591 921 2636 I,
955 2590 1008 2626 65
1023 2604 1033 2637 3
1068 2590 1185 2626 etiam
1216 2585 1414 2625 Plutarch.
1448 2586 1527 2634 Qu.
1562 2585 1679 2621 Rom.

188 2666 230 2704 p.
257 2653 337 2700 275
355 2655 391 2690 D
412 2653 472 2692 ed.
492 2657 556 2693 Fr.
575 2659 633 2694 rei
653 2666 839 2708 tanquam
860 2658 982 2708 vulgo
1003 2664 1168 2693 narratae
1197 2654 1394 2699 meminit,
1414 2651 1483 2689 sed
1498 2652 1553 2688 sic
1569 2660 1615 2688 ut
1632 2650 1683 2689 ad

191 2721 354 2757 AEneam
372 2721 595 2769 transferat,
624 2737 712 2773 quae
737 2724 804 2760 alii
828 2724 875 2760 de
899 2725 1072 2761 Ascanio
1095 2729 1320 2760 narrarunt.
1341 2718 1500 2757 Rustica
1517 2717 1681 2756 vinalia

191 2801 211 2824 a
234 2789 422 2826 Romanis
441 2789 484 2826 in
513 2789 630 2837 hujus
658 2794 716 2827 rei
734 2793 961 2829 memoriam
981 2791 1088 2843 (XII
1106 2789 1194 2828 Kal.
1225 2787 1346 2839 Maii)
1366 2787 1484 2824 fuisse
1503 2787 1682 2824 instituta

189 2856 326 2895 Festus
341 2856 514 2904 notavit,
535 2858 653 2895 Anna
670 2857 786 2896 Fabri
806 2857 853 2895 ad
876 2871 968 2895 eum
985 2858 1118 2895 locum
1135 2855 1381 2894 observante.
1405 2855 1506 2905 Quae
1525 2866 1586 2892 res
1607 2851 1680 2891 sa}-
