1767 3054
676 94 831 132 LIBER
863 93 979 132 vm.

1505 99 1584 135 323

73 170 196 214 Tum
221 181 413 230 quoque
438 165 506 210 fas
526 162 665 209 nobis
687 167 898 211 Teucros
924 180 1110 211 armare
1132 165 1319 226 fuisset3

76 249 176 294 Nec
198 251 335 293 Pater
358 243 657 305 omnipotens
680 245 896 306 Trojam,
919 260 1006 290 nec
1030 244 1124 291 fata
1147 245 1373 292 vetabant

76 327 235 382 Stare,
259 322 517 383 decemque
542 321 657 367 alios
678 323 918 368 Priamum
943 338 1190 385 superesse
1216 340 1303 386 per
1326 340 1486 371 annos.

75 408 134 452 Et
156 419 304 460 nunc,
328 402 368 447 si
394 400 572 447 bellare
596 418 760 464 paras,
784 412 928 464 atque
950 401 1052 448 haec
1077 402 1166 448 tibi
1192 420 1321 451 mens
1344 416 1436 462 est,

1520 421 1581 452 400

75 477 322 540 Quidquid
347 479 395 524 in
425 490 526 526 arte
547 497 652 526 mea
676 496 870 543 possum
892 480 1174 543 promittere
1199 498 1351 540 curae,

74 558 218 615 Quod
242 558 346 604 fieri
370 559 497 605 ferro
523 559 768 621 liquidove
793 572 948 622 potest
971 561 1171 619 electro,

73 638 318 694 Quantum
339 637 472 700 ignes
495 638 758 700 animaeque
782 639 960 697 valent3
989 637 1163 684 absiste
1187 640 1426 700 precando

72 714 268 763 Viribus
292 716 566 763 indubitare
592 717 698 762 tuis.
723 737 742 757 »
767 719 837 763 Ea
858 716 1007 763 verba
1031 717 1241 776 locutus,

74 793 275 856 Optatos
299 792 431 841 dedit
455 793 725 855 amplexus,
749 793 1084 857 placidumque
1108 794 1277 857 petivit

64 1014 240 1068 ficisset5
270 1017 303 1054 si
335 1015 410 1054 tale
447 1016 547 1067 quid
579 1016 654 1054 tibi
683 1016 797 1055 cordi

75 1075 238 1121 fnisset3
265 1076 299 1112 si
316 1074 533 1112 voluisses:
560 1076 678 1112 etiam
711 1083 796 1112 tum

75 1130 165 1170 fieri
194 1134 412 1184 potuisset,
451 1142 497 1170 ut
529 1135 719 1179 Teucris,
753 1133 794 1171 h.

75 1192 236 1237 AEneae,
266 1190 332 1227 vel
357 1190 513 1238 Paridi,
551 1204 657 1227 arma
685 1204 796 1242 para·

77 1261 174 1286 rem.
192 1270 250 1277 —-
277 1249 357 1299 398
374 1278 385 1295 ‚
407 1250 504 1300 399.
533 1248 694 1287 Scilicet
718 1249 796 1286 fata

76 1306 279 1344 immutari
307 1320 389 1344 non
422 1316 614 1358 possunt,
646 1307 796 1344 differri

77 1373 275 1414 possunt:
295 1378 415 1415 supra
443 1367 547 1411 VII,
587 1366 666 1402 313
700 1367 796 1402 ,Non

76 1421 236 1460 dabitur
256 1422 413 1474 regnis,
452 1433 558 1467 esto,
586 1422 798 1472 prohibere

78 1479 255 1527 Latinis,
294 1482 428 1531 Atque
465 1482 629 1518 immota
667 1490 799 1518 manet

77 1537 166 1576 fatis
204 1538 375 1576 Lavinia
422 1538 601 1590 conjux;
632 1540 691 1575 At
718 1548 796 1575 tra-

77 1595 173 1634 here
215 1605 333 1647 atque
371 1609 502 1634 moras
541 1596 667 1633 tantis
703 1596 798 1634 licet

79 1653 223 1693 addere
258 1654 383 1693 rebus.
418 1653 524 1692 conf.
559 1657 668 1693 Serv.
685 1682 695 1700 ,
726 1655 798 1704 qui

78 1713 286 1751 notionem
307 1712 410 1750 hanc
429 1712 478 1749 ab
494 1713 672 1750 Etruscis
690 1726 798 1762 repe·

78 1771 127 1807 tit
147 1782 157 1808 ε
178 1772 296 1808 nimis
320 1771 437 1808 docte
451 1799 461 1817 ,
483 1783 610 1820 (11111111
639 1771 683 1806 111
712 1772 797 1807 Ho-

79 1829 238 1865 mericis
256 1827 374 1866 obvia
394 1829 457 1864 sit.
476 1849 533 1855 —
552 1828 796 1871 400-403,

84 1884 287 1935 Quicquid
307 1897 434 1929 curce,
461 1897 615 1934 operae,
632 1897 797 1934 possum

75 1942 308 1993 promittere
348 1963 407 1970 —
438 1941 669 1991 animaeque
721 1955 798 1977 va—

52 2019 59 2022 <
83 2001 193 2037 lent:
221 2000 304 2038 scil.
339 1999 545 2050 promitt0.
579 2001 690 2036 Latet
721 1998 798 2036 hoc

81 2060 215 2109 ipsum
233 2059 278 2094 in
292 2057 425 2094 verbis
442 2069 451 2095 :
470 2055 614 2093 absiste
628 2069 799 2105 precan-

83 2117 135 2153 do
177 2114 331 2152 Viribus
370 2113 594 2151 indubitare
630 2113 706 2150 tuis
719 2143 729 2161 ‚
755 2123 800 2151 ut

82 2174 160 2212 hoc
183 2186 257 2224 pro
277 2171 441 2224 apodosi
457 2173 519 2210 sit.
541 2172 672 2209 Aliter
686 2179 801 2209 extu-

83 2232 130 2269 lit
153 2233 414 2269 Homericum
435 2243 444 2268 :
469 2227 514 2267 Ei
534 2225 706 2282 δύναμαι
741 2242 801 2266 τε-

84 2289 195 2328 λέσαι
211 2302 259 2344 γε
274 2318 284 2336 ,
304 2285 373 2326 καὶ
399 2286 430 2326 εἰ
455 2286 722 2340 τετελεσμένον
744 2286 801 2325 ἐσ-

83 2344 145 2395 τὶ,
167 2347 209 2386 h.
235 2346 395 2398 aliquid
407 2346 516 2397 quod
531 2345 698 2383 omnino
711 2359 802 2395 per-

83 2405 152 2447 fici
173 2415 321 2456 potest.
343 2427 398 2433 ——
419 2413 513 2449 402.
542 2407 677 2441 Potest
704 2404 802 2440 :⁴sic

83 2466 289 2503 Romanus
306 2471 345 2501 et
370 2462 576 2500 Medicens
600 2474 693 2498 cum
724 2474 805 2497 me-

84 2522 254 2560 lioribus
295 2522 452 2571 scriptis
495 2528 533 2557 et
580 2519 669 2557 edd.
711 2518 805 2556 inde

88 2580 137 2617 ab
164 2579 286 2618 Aldd.
320 2580 425 2626 Alii,
444 2587 490 2616 ut
516 2587 555 2615 et
577 2577 658 2615 Erf.
674 2605 685 2623 ,
707 2576 804 2613 dum

88 2636 179 2675 edd.
222 2637 430 2675 nonnullis
475 2645 677 2687 potestur,
712 2633 802 2671 vide

90 2694 198 2744 apud
229 2695 303 2733 Ge.
339 2694 566 2732 Fabricium
600 2702 639 2729 et
678 2693 803 2737 Pion,

92 2750 200 2802 quod
221 2754 313 2791 satis
345 2761 509 2804 apparet
540 2751 710 2789 sciolum
738 2750 806 2788 ali-

1520 805 1581 843 405

863 1031 984 1067 quem
1023 1031 1073 1055 ex
1125 1019 1311 1056 Lucretio
1352 1019 1415 1056 vel
1453 1020 1584 1058 Ennio

862 1076 1067 1122 intulisse,
1087 1085 1133 1113 ut
1154 1076 1359 1127 dactylum
1376 1077 1419 1113 in
1443 1078 1584 1127 quinta

863 1133 955 1170 sede
993 1134 1170 1171 haberet.
1205 1136 1272 1171 Est
1307 1142 1438 1171 tamen
1471 1133 1584 1175 ἤλεκ-

863 1203 965 1243 τρον.
1019 1193 1284 1242 Depravatins
1328 1191 1451 1230 Goth.
1492 1201 1582 1231 tert.

855 1257 1087 1298 praestatur.
1111 1271 1169 1276 —
1187 1249 1391 1286 Electrum
1418 1252 1585 1288 Homeri

864 1308 1048 1358 exemplo
1064 1306 1209 1357 Odyss.
1233 1302 1260 1343 ὃ
1270 1335 1280 1353 ,
1306 1320 1356 1354 72
1379 1307 1495 1345 docte
1512 1322 1584 1359 po-

864 1367 942 1401 sm't
956 1392 966 1410 ‚
986 1373 1174 1415 tanquam
1195 1366 1431 1415 exquisitius
1447 1367 1584 1403 metal-

863 1422 894 1459 li
912 1435 1059 1473 genus,
1086 1431 1191 1459 certa
1214 1424 1401 1472 portione
1432 1425 1584 1475 argenti

866 1493 962 1517 auro
993 1479 1191 1526 admixta,
1223 1479 1332 1529 qnod
1362 1482 1479 1517 etiam
1500 1490 1583 1518 arte

863 1536 963 1589 fingi
996 1545 1140 1588 potest.
1172 1551 1211 1574 v.
1238 1537 1342 1576 Plin.
1372 1541 1582 1585 XXXIII,

867 1603 914 1642 4,
932 1608 963 1633 s.
991 1596 1058 1633 23.
1079 1595 1129 1632 cf.
1153 1597 1442 1641 Sena—403.
1462 1598 1584 1647 Ignes

865 1653 1095 1703 animaeque
1121 1671 1140 1684 u
1156 1654 1340 1703 spiritus,
1362 1666 1444 1704 quo
1462 1654 1583 1691 fabri-

864 1712 921 1750 les
952 1710 1086 1750 inflari
1119 1710 1233 1748 folles
1264 1712 1406 1749 solent.
1433 1730 1451 1744 n
1473 1714 1584 1750 Serv.

865 1769 1162 1819 Spiramentum
1193 1769 1364 1818 explicat
1401 1769 1584 1808 Macrob‚

866 1828 908 1872 Ι,
941 1829 1006 1864 So.
1037 1828 1099 1863 Sc.
1132 1838 1166 1863 c.
1201 1832 1275 1871 14,
1311 1839 1364 1863 m.
1394 1847 1452 1854 ·--
1477 1827 1583 1874 405,

867 1884 964 1927 406.
982 1882 1134 1927 Fundi,
1153 1881 1342 1932 κέχυστοιι
1358 1911 1368 1930 ,
1389 1883 1470 1920 fusi
1487 1897 1582 1932 esse,

865 1940 1055 1977 dicuntur
1067 1942 1137 1990 qui
1154 1941 1421 1990 procubuere,
1435 1941 1584 1990 jacent,

864 1997 1058 2035 recubant
1076 2009 1085 2034 :
1113 2011 1150 2034 ν.
1168 2011 1202 2035 c.
1223 1996 1389 2048 fusiper
1404 1997 1583 2038 herbam.

866 2057 992 2107 Igitur
1027 2054 1181 2106 inficsus
1209 2055 1366 2106 gremio
1403 2055 1586 2108 conjugis

865 2113 1070 2150 Vulcanus
1093 2113 1234 2163 petivit
1257 2127 1451 2164 soporem.
1480 2116 1585 2155 Tum

863 2171 986 2222 junge
997 2199 1008 2217 ‚
1023 2170 1165 2221 petivit
1181 2184 1360 2221 soporem
1374 2185 1452 2222 per
1465 2185 1585 2210 mem-

867 2228 962 2275 bra,
994 2230 1064 2279 qui
1098 2242 1169 2279 per
1201 2230 1380 2267 membra
1416 2228 1584 2270 diditur.

867 2287 931 2324 Sic
962 2295 1001 2323 et
1033 2299 1122 2337 sup.
1151 2300 1189 2325 v.
1225 2289 1278 2325 30
1311 2301 1444 2324 seram
1475 2287 1587 2326 dedic

861 2357 939 2394 per
964 2344 1140 2381 membra
1172 2345 1359 2395 quietem.
1390 2347 1586 2384 Honestas

873 2403 1066 2439 orationis
1091 2403 1302 2449 notabilis,
1336 2411 1376 2441 et
1402 2416 1423 2440 a
1449 2404 1586 2441 multis

871 2461 1015 2510 passim
1044 2467 1204 2507 notata3
1238 2461 1344 2499 conf.
1374 2461 1478 2499 Gell.
1501 2463 1585 2507 lx,

880 2530 955 2563 1o;
990 2517 1057 2554 sed
1096 2530 1139 2554 ea
1178 2519 1323 2557 saeculo
1363 2519 1589 2570 virgiliano

874 2575 1054 2614 debetur.
1079 2576 1120 2614 Si
1145 2576 1235 2614 talia
1263 2576 1445 2614 miranda
1469 2584 1588 2622 sunt,

869 2634 989 2670 mirer
1021 2634 1155 2684 potius
1185 2634 1464 2672 verecundiam
1502 2635 1587 2671 Ho-

870 2692 1110 2728 mericorum
1130 2705 1317 2729 versuum
1330 2720 1341 2738 ‚
1366 2693 1436 2742 qui
1451 2704 1525 2742 pro
1541 2690 1589 2727 il-

872 2748 910 2786 la
928 2756 1039 2787 aetate
1061 2751 1264 2788 castissimi
1279 2778 1290 2798 ,
1311 2758 1351 2788 et
1372 2750 1492 2788 iidem
1511 2748 1588 2788 ele·
