1767 3054
693 130 847 168 LIBER
877 131 971 168 VII.

1507 135 1584 171 225

88 205 361 253 Descruisse
385 214 521 249 rates.
549 201 689 248 Stetit
712 201 811 247 acri
831 202 923 247 fixa
944 201 1108 247 dolore
1136 220 1144 246 :

87 284 207 326 Tum
228 292 450 342 quassans
478 288 641 339 caput,
665 275 767 323 haec
791 276 993 323 effundit
1016 288 1209 339 pectore
1233 275 1359 323 dicta
1389 297 1396 322 :

88 379 104 396 «
127 359 232 403 Heu
257 355 450 417 stirpem
472 352 696 411 invisam,
719 364 766 399 et
787 353 893 400 fatis
913 352 1152 398 contraria
1170 355 1343 401 nostris

85 436 199 479 Fata
219 430 480 492 Phrygum!
506 445 620 475 num
642 429 792 492 Sigeis
815 428 1099 476 occumbere
1120 431 1296 492 campis
1311 466 1322 487 ‚

83 508 208 552 Num
229 504 355 567 capti
379 514 578 566 potuere
600 504 733 567 capi?
755 520 868 551 num
887 503 1077 551 incensa
1098 506 1325 551 cremavit
1524 516 1582 556 295

82 581 223 643 Troja
242 580 399 626 viros?
424 580 607 627 Medias
631 582 754 627 acies
774 579 1048 643 mediosque
1069 597 1155 644 per
1175 582 1305 644 ignes

82 659 311 702 Invenere
335 655 474 701 viam.
497 660 583 714 At,
605 655 773 713 credo,
796 672 899 702 mea
917 656 1112 702 numina
1132 656 1320 703 tandem

81 735 221 779 Fessa
239 732 419 794 jacent,
443 730 564 778 odiis
590 743 671 778 aut
696 743 965 779 exsaturata
988 733 1165 794 quievi.

84 807 213 864 Quin
233 807 373 852 etiam
400 807 553 868 patria
577 823 798 855 excussos
823 807 990 854 infesta
1015 823 1100 869 per
1122 808 1272 854 undas

83 989 231 1026 scilicet
265 1002 384 1040 supra
415 989 483 1027 illa
513 990 602 1028 loca
628 992 672 1027 in
701 991 800 1027 aeris

85 1047 244 1098 regione
266 1049 443 1093 invecta,
473 1062 557 1085 non
582 1050 709 1086 monti
738 1050 798 1085 in-

85 1107 236 1143 sistens,
258 1106 339 1141 Iter
362 1114 494 1143 autem
513 1107 638 1143 facere
655 1114 799 1156 putan-

85 1162 136 1199 da
176 1163 292 1213 Argis
334 1176 470 1201 versus
508 1164 800 1214 Carthaginem.

87 1224 317 1258 permutant
345 1222 451 1258 enim
482 1221 538 1259 dii
568 1223 680 1269 loca,
712 1234 802 1272 quae

88 1286 231 1314 amant.
250 1278 387 1316 Paullo
400 1278 606 1317 difficilior
618 1292 801 1330 prospec-

89 1345 153 1371 tus
183 1337 360 1385 Neptuni
398 1337 557 1374 videtur
584 1337 690 1388 apud
716 1339 800 1374 Ho-

87 1405 243 1429 merum
274 1393 302 1431 l.
343 1407 400 1440 c.,
436 1396 508 1445 qui
542 1408 594 1432 ex
630 1395 802 1444 Solymis

88 1449 292 1487 montibus
310 1451 492 1501 Ulyssem
513 1465 650 1489 versus
673 1452 803 1490 Phaea-

89 1520 180 1544 cum
215 1507 383 1544 insulam
423 1511 674 1560 navigantem
707 1522 802 1546 con-

89 1565 335 1615 spicit.-29
346 1578 361 1602 1
370 1594 379 1602 .
394 1566 500 1602 Fioea
512 1567 662 1610 dolore,
677 1573 801 1603 trans-

89 1622 191 1668 fixa,
213 1622 465 1672 jungendum
490 1632 611 1673 puto,
646 1637 698 1660 ex
720 1625 803 1660 Ho-

89 1682 259 1717 merico:
281 1675 436 1731 ὀδύνῃσι
454 1680 730 1734 maratana-2033
757 1689 804 1718 ut

91 1738 214 1788 vulgo
237 1737 353 1774 dolor
373 1737 522 1791 &ficus
544 1739 684 1776 animo
707 1737 805 1774 dici-

94 1804 172 1833 tur.
191 1795 377 1833 Ceterum
397 1797 439 1832 in
461 1795 523 1833 his
543 1797 713 1834 deorum
732 1798 807 1833 ira-

94 1861 228 1889 torum
240 1854 366 1889 tacitis
377 1854 684 1903 cogitationibus
694 1853 808 1891 valde

95 1909 172 1946 sibi
209 1908 367 1959 placent
401 1911 581 1947 Maronis
623 1911 808 1961 exemplo

97 1967 217 2003 ceteri
244 1974 384 2016 poetae.
413 1967 478 2003 Sic
509 1967 678 2006 Ovidius
701 1982 740 2006 v.
771 1981 806 2006 c.

97 2025 196 2062 Met.
222 2025 298 2069 IV,
317 2030 397 2067 422
418 2036 504 2075 sqq.

159 2082 255 2130 293.
292 2080 425 2118 Factis
459 2082 564 2129 conj.
599 2081 805 2127 Waddel.,

99 2148 258 2175 temere.
292 2137 404 2175 Votis
435 2139 640 2176 contraria
668 2140 812 2177 nostris

97 2198 164 2235 Jo.
183 2195 388 2234 Schrader.
408 2198 451 2234 in
469 2196 634 2235 schedis.
651 2218 709 2227 —-
730 2198 812 2247 293

98 2267 183 2304 sqq.
199 2254 334 2292 Nolim
353 2262 481 2305 poetae
498 2256 615 2292 nimis
636 2264 814 2306 argutam

99 2311 316 2349 dictionem
359 2312 650 2350 defendendam
691 2314 814 2350 susci-

96 2382 213 2420 pere3
237 2369 366 2407 multo
392 2371 525 2408 minus
552 2383 595 2408 ea
618 2371 747 2421 placet
771 2373 813 2408 in

98 2426 171 2465 dea
203 2428 315 2466 irata.
352 2429 510 2466 Ferrem
544 2428 645 2466 illud
677 2441 686 2466 :
712 2428 814 2481 saca

99 2485 306 2523 contraria
336 2485 443 2537 satis
483 2486 625 2523 nostris
664 2485 705 2524 h.
746 2489 812 2533 ei,

100 2541 209 2595 quod
230 2542 345 2581 fatale
362 2552 420 2581 est
437 2556 458 2580 a
482 2558 544 2582 me
571 2546 760 2582 constitui
776 2553 816 2582 et

101 2601 242 2639 novari
269 2603 315 2639 in
348 2603 615 2651 Trojanorum
644 2602 816 2640 fortunis

103 2670 232 2709 posse.
244 2660 314 2697 Est
324 2667 455 2697 autem
467 2662 510 2699 in
524 2660 612 2698 fatis
627 2663 653 2699 J
656 2662 815 2706 anonis,

103 2722 152 2753 ut
177 2715 254 2754 fata
285 2718 549 2766 Troianorum
582 2720 818 2770 intercipere

105 2771 213 2811 hand
240 2775 388 2825 possin
416 2775 468 2815 cf.
501 2776 573 2815 inf.
604 2779 677 2824 Ix,
713 2777 817 2823 133,

874 990 975 1035 136,
1012 990 1088 1037 137
1103 1017 1114 1035 ‚
1143 989 1234 1037 sed,
1257 989 1366 1040 quod
1386 992 1580 1041 seqnitur,

869 1061 964 1085 num
988 1047 1233 1094 occumbere,
1264 1061 1358 1085 num
1387 1049 1498 1098 capti
1514 1062 1584 1098 po-

870 1115 978 1143 tuere
997 1105 1109 1156 capi,
1138 1119 1232 1142 num
1251 1105 1415 1143 incensa
1436 1119 1586 1143 crema-

871 1163 924 1200 vit
940 1163 1059 1214 Troja
1078 1163 1186 1200 viros
1197 1168 1217 1200 ,³
1233 1164 1476 1201 luxuriantis
1493 1173 1587 1201 sunt

868 1223 1042 1271 ingenii3
1073 1223 1143 1258 etsi
1175 1221 1428 1272 reprehensio
1455 1222 1585 1259 hacte-

869 1292 943 1315 nus
956 1279 1200 1316 retractanda
1214 1288 1272 1315 est
1282 1307 1292 1326 ,
1310 1279 1423 1329 quod
1443 1281 1585 1316 veritas

870 1345 1001 1373 tamen
1056 1349 1125 1373 sua
1176 1338 1382 1374 sententiae
1435 1337 1582 1374 subest.

868 1393 1070 1443 Exemplis
1089 1394 1167 1439 alii,
1182 1402 1226 1430 ut
1238 1393 1377 1440 Cerda,
1396 1393 1588 1431 defensio-

869 1464 961 1488 nem
981 1459 1140 1501 parant‚
1167 1452 1300 1501 primo
1326 1451 1419 1488 loco
1440 1452 1587 1497 Ennii,

869 1521 991 1558 quem
1026 1510 1220 1558 expressit
1252 1509 1382 1559 Maro,
1431 1517 1478 1545 ut
1507 1506 1588 1556 j'am

869 1565 1050 1603 Maerob.
1079 1568 1162 1611 VI,
1204 1579 1221 1602 1
1257 1567 1416 1604 monuit
1446 1578 1455 1604 :
1492 1568 1590 1617 Quae

871 1635 998 1674 neque
1038 1623 1276 1661 Dardaneis
1309 1623 1491 1674 campeis
1517 1638 1590 1675 po-

871 1690 979 1718 tuere
992 1679 1147 1731 perire,
1184 1683 1288 1727 Nec,
1327 1695 1415 1718 cnm
1439 1691 1584 1732 capta,

873 1738 968 1789 capi
973 1753 990 1784 ;
1017 1751 1110 1783 nee,
1140 1752 1229 1776 cum
1254 1740 1479 1785 combusta,
1508 1753 1590 1777 cre-

875 1795 992 1833 mari.
1031 1795 1106 1834 Sed
1140 1797 1184 1833 in
1220 1798 1381 1844 ceteris,
1418 1798 1451 1833 si
1483 1806 1590 1834 recte

875 1852 1090 1904 Virgilium
1106 1855 1222 1900 novi,
1243 1857 1486 1905 tragicorum
1500 1883 1510 1901 ‚
1530 1856 1592 1891 in-

875 1911 1014 1960 primis
1030 1910 1251 1961 Euripidis,
1273 1911 1494 1949 rhetoricos
1513 1913 1591 1962 spi·

875 1969 977 2004 ritus
994 1968 1200 2005 aemulatus
1215 1976 1286 2006 est.

934 2037 1094 2075 —297.
1110 2028 1178 2062 An
1197 2025 1314 2062 credo
1333 2026 1504 2063 malebat
1517 2027 1590 2064 Ge.

878 2082 1033 2120 Fabric.
1049 2110 1060 2129 ‚
1097 2084 1231 2120 miuus
1268 2082 1385 2122 bene.
1426 2097 1476 2120 ac
1510 2083 1592 2121 duo

878 2141 1096 2178 Burmann.
1120 2142 1215 2178 Mea
1243 2153 1409 2179 munera
1432 2144 1593 2193 Menag.

880 2197 990 2236 alter.
1003 2199 1308 2249 —297—303.
1328 2201 1383 2238 At
1403 2200 1507 2237 forte
1525 2208 1594 2238 tae-

881 2254 949 2292 dio
976 2257 1101 2303 victa,
1129 2257 1193 2294 vel
1225 2256 1327 2294 odiis
1352 2257 1543 2309 expletis,
1573 2271 1594 2294 a

880 2313 1163 2364 persequendis
1201 2315 1383 2363 Trojanis
1428 2315 1478 2353 ab
1521 2315 1592 2353 illo

881 2372 1024 2408 excisae
1054 2372 1166 2409 urbis
1191 2381 1372 2423 tempore
1402 2372 1595 2411 destitisse

881 2428 1005 2466 videri
1025 2442 1197 2480 possum.
1219 2431 1348 2468 Immo
1367 2445 1463 2470 vero
1479 2433 1595 2470 etiam

883 2499 903 2523 a
923 2489 1048 2538 patria
1074 2487 1267 2541 digressos
1292 2489 1481 2527 omnibus
1506 2503 1592 2528 mo-

882 2544 942 2583 dis
973 2548 1116 2583 vexavi
1153 2545 1284 2598 (299,
1327 2548 1431 2594 300,
1469 2547 1593 2598 301).

883 2604 1036 2641 Cuncta
1058 2612 1209 2651 tamen,
1237 2617 1326 2656 quae
1345 2607 1516 2653 tentavi,
1536 2608 1597 2643 ni-

882 2660 1210 2712 hilprofuerunt3
1230 2663 1381 2701 Italiam
1396 2663 1596 2703 nihilomi-

882 2732 961 2756 nus
993 2727 1130 2758 tenent
1168 2719 1297 2772 (302,
1331 2721 1441 2768 303,
1479 2720 1592 2770 304).

883 2778 1004 2816 Nunc
1020 2779 1242 2817 orationem
1255 2807 1266 2827 ,
1288 2792 1432 2818 moneo
1445 2805 1455 2824 ‚
1476 2778 1599 2829 poeti-
