1767 3054
713 127 867 165 Lmen
898 128 950 164 ν.
1542 138 1587 174 ¹3

73 210 312 266 Famaque
335 200 556 248 finitimos
581 209 628 244 et
649 197 764 243 clari
784 213 956 242 nomen
978 201 1160 246 Acestae

73 281 292 326 Excierat
318 295 328 323 :
350 276 458 322 laeto
479 274 773 335 complerant
794 273 934 320 litora
952 285 1078 320 coetu

75 354 238 401 Visuri
258 350 516 408 AEneadas‚
538 365 647 412 pars
670 361 716 396 et
737 360 920 395 certare
943 349 1111 412 parati.

73 434 275 476 Munera
295 427 534 490 principio
560 438 670 473 ante
691 426 870 483 oculos,
892 425 1118 488 circoque
1141 426 1359 475 locantur

71 509 127 552 In
147 503 304 551 medio
327 520 337 549 ε
364 504 486 550 sacri
509 502 748 565 tripodes,
774 501 1051 565 viridesque
1076 518 1287 563 coronae,
1529 532 1586 551 110

70 585 130 628 Et
150 581 340 645 palmae,
362 580 571 642 pretium
593 578 884 636 victoribus,
905 595 1134 642 armaque
1150 616 1161 637 ‚
1185 591 1231 628 et
1253 593 1383 629 ostro

70 656 274 704 Perfusae
295 668 477 713 vestes,
505 656 689 719 argenti
715 656 915 717 aurique
942 656 1141 716 talenta3

70 738 127 782 Et
149 734 265 781 tuba
289 735 547 781 conmissos
568 733 726 779 medio
747 733 873 780 canit
893 749 1064 796 aggere
1083 733 1237 782 ludos.

135 811 291 858 Prima
315 827 452 874 pares
480 811 645 858 ineunt
667 809 894 873 gravibus
917 811 1172 857 certamina
1196 812 1337 860 remis

69 1058 228 1094 6ων.-·
255 1069 348 1105 107.
379 1059 470 1095 Pars
498 1057 622 1094 visuri
652 1058 789 1106 Troja-

69 1128 142 1153 nos
176 1124 400 1166 pugnantes
414 1143 424 1162 ,
460 1127 551 1165 pars
591 1116 718 1165 parati
751 1123 790 1152 et

70 1175 145 1224 ipsi
165 1174 213 1210 ad
235 1172 481 1210 certandum.

137 1244 228 1281 ¹09·
243 1245 327 1281 sqq.
341 1233 402 1269 Ex
415 1228 526 1267 Iliad.
542 1226 566 1279 ψ
581 1257 592 1275 ,
609 1230 690 1279 259
704 1243 788 1280 sqq.

70 1288 138 1326 sed
157 1291 370 1327 ornatiora.
395 1287 548 1325 Circum
562 1300 666 1324 nove
687 1287 791 1324 dixit

69 1360 144 1397 pro
163 1359 349 1385 consessu
364 1375 375 1393 ,
403 1358 565 1383 corona.
591 1347 659 1382 Est
683 1345 790 1382 Grae-

67 1418 207 1442 corum
235 1402 344 1460 ἀγὼν
380 1403 428 1440 de
459 1403 550 1441 loco
575 1402 730 1448 dictus,
748 1412 789 1440 et

67 1462 116 1500 de
132 1462 247 1500 turba
272 1463 551 1514 spectantium.
579 1463 682 1499 Mox
690 1474 786 1511 pre-

65 1520 162 1559 tium
175 1520 391 1559 victoribus
400 1549 411 1565 ‚
429 1533 504 1571 pro
517 1520 671 1571 vulgari
684 1549 694 1567 ‚
708 1520 787 1557 vic-

66 1586 199 1617 torum
222 1580 433 1632 praemium
453 1591 463 1617 :
488 1575 539 1616 τὰ
565 1575 680 1616 ἆθλα.
714 1579 787 1614 Sa-

29 1689 37 1693 .
65 1637 125 1674 cri
139 1638 312 1689 tripodes
325 1667 336 1686 ,
353 1650 528 1688 quorum
543 1650 639 1674 usus
656 1636 785 1674 fuerat

65 1695 128 1733 vel
151 1696 308 1734 futurus
332 1704 414 1734 erat
444 1697 488 1732 in
511 1696 643 1733 sacris.
668 1695 782 1733 ostro

57 1752 233 1805 perfiasae
243 1764 376 1792 vestes
392 1768 406 1791 .·
423 1767 603 1805 purpura
626 1754 781 1791 tinctae:

64 1808 376 1866 περφυρόὲαφοι.
410 1811 583 1864 Argenti
615 1811 783 1862 aurique

65 1870 220 1907 talenta
231 1899 244 1916 ,
272 1884 322 1908 ex
350 1869 488 1908 eodem
507 1871 619 1916 loco,
636 1869 704 1907 sed
721 1869 783 1907 de-

65 1926 178 1965 finite
191 1956 202 1974 ,
223 1941 262 1965 v.
284 1928 365 1978 269
385 1923 453 1965 δὺε
465 1927 619 1980 χρυσοῖο
641 1925 783 1965 τάλαν-

64 1998 137 2031 τα,
153 1985 305 2023 scilicet
324 1994 362 2023 et
379 1985 420 2022 h.
441 1985 468 2022 l.
489 1987 575 2022 auri
596 1999 720 2023 unum
745 1993 783 2022 et

64 2045 216 2096 argenti
235 2043 400 2082 alterum
422 2043 614 2080 talentum
634 2055 643 2081 :
669 2056 720 2080 ex
737 2056 783 2080 ea

63 2111 200 2150 aetate,
230 2115 307 2152 qua
336 2114 474 2139 aurum
506 2109 545 2138 et
569 2109 780 2152 argentum

64 2159 365 2212 appendebatur
378 2189 389 2207 ‚
424 2159 606 2197 nondum
651 2160 779 2210 signa·

63 2227 149 2256 tum
175 2227 270 2256 erat.
285 2241 344 2247 —
364 2231 380 2255 1
396 2231 459 2255 12.
484 2217 589 2255 Auri
603 2216 778 2268 argenti-

63 2289 140 2328 que
173 2275 325 2327 aliquot
357 2275 464 2327 apud
502 2277 602 2313 Pier.
616 2304 626 2322 ‚
660 2287 778 2325 quem

62 2333 166 2373 vide.
203 2337 392 2385 Aur-oque
428 2344 455 2372 t.
485 2337 601 2372 Rom.
633 2333 779 2370 Talen-

64 2401 145 2429 tum
176 2391 324 2431 Medic.
353 2392 462 2431 Gud.
487 2401 525 2430 et
557 2391 646 2438 alii,
667 2390 778 2441 quod

63 2450 192 2501 placet
213 2451 401 2498 Heinsio3
423 2463 508 2488 non
531 2450 635 2488 enim
662 2449 776 2500 plura

62 2516 176 2546 eraut
197 2507 363 2555 talenta,
396 2508 465 2546 sed
505 2509 592 2546 auri
626 2520 771 2553 unum,

35 2562 190 2604 'unum
206 2565 346 2604 itidem
371 2568 536 2620 argenti.
566 2565 673 2605 conf.
702 2566 774 2603 inf.

68 2624 164 2669 248.

125 2695 142 2719 ι
155 2683 218 2722 13.
239 2684 297 2721 Et
309 2681 402 2721 tuba
426 2696 441 2720 .·
468 2684 578 2721 Serv.
598 2683 778 2720 Romano

65 2751 202 2786 more,·
234 2748 273 2778 et
304 2748 423 2779 recte.
465 2741 567 2779 Nam
606 2739 777 2778 heroicis

63 2797 306 2847 temporibus
339 2798 479 2836 tubam
506 2797 687 2837 nondum
717 2800 779 2836 in-

302 2867 390 2912 111.

857 1066 1040 1104 ventam,
1059 1071 1133 1096 nec
1157 1062 1334 1100 Homero
1359 1062 1586 1115 frequenta·

857 1123 938 1152 tam
961 1129 1065 1163 esse,
1085 1119 1176 1154 satis
1194 1128 1363 1159 constat.

922 1183 1000 1219 114
1038 1188 1122 1226 sqq.
1167 1177 1269 1214 Cum
1305 1180 1505 1218 Homerus
1539 1184 1582 1220 in

857 1233 1072 1269 certamine
1101 1235 1233 1270 curuli
1257 1235 1520 1277 describendo
1543 1250 1583 1278 et

856 1287 1039 1326 ornando
1057 1290 1193 1339 paullo
1214 1291 1401 1331 disertior
1420 1295 1555 1334 fuisset
1569 1327 1579 1344 ‚

855 1345 969 1383 Iliad.
1007 1343 1059 1397 ψ,
1102 1361 1184 1395 270
1223 1363 1339 1401 sqq.‚
1385 1354 1580 1406 Virgilius

854 1403 994 1441 navale
1011 1414 1210 1443 certamen
1230 1408 1333 1445 bene
1350 1410 1558 1450 substituit
1570 1444 1581 1461 ,

853 1469 899 1497 ut
930 1475 1013 1499 rem
1047 1464 1228 1502 variaret.
1262 1468 1450 1516 Quatuor
1485 1481 1580 1510 sunt

852 1532 986 1558 naves.
1025 1522 1267 1560 Varietatem
1308 1533 1347 1562 et
1391 1537 1578 1567 ornatum

851 1586 967 1627 poeta
992 1578 1041 1616 ab
1074 1593 1215 1617 eorum
1242 1582 1466 1634 insignibus
1492 1595 1531 1624 et
1556 1602 1577 1626 a

851 1635 1025 1674 ducibus
1053 1640 1207 1689 petivit.
1232 1641 1466 1681 Mnestheus
1490 1645 1574 1683 bel-

849 1694 957 1731 luam
993 1698 1216 1744 marinam,
1252 1699 1429 1747 Pristin3
1466 1704 1575 1756 Gyas

851 1752 1117 1802 Chimaeram3
1160 1758 1362 1808 Sergestus
1399 1760 1575 1800 Centau-

849 1823 963 1858 rum3
1041 1821 1080 1850 et
1125 1813 1344 1853 Cloanthus
1399 1819 1571 1870 Scyllam

848 1871 963 1921 regit.
1006 1873 1204 1922 Sagaciter
1240 1882 1359 1923 poeta
1397 1874 1459 1914 his
1496 1878 1570 1916 du-

850 1927 965 1964 cibus
983 1928 1183 1966 nobilium
1210 1932 1477 1978 Trojanorum
1495 1949 1569 1974 no·

849 1986 956 2021 mina
995 1985 1134 2031 dedit,
1190 1999 1210 2022 a
1247 1988 1396 2037 quibus
1438 1993 1569 2031 Mem-

848 2043 955 2087 mia,
1001 2045 1134 2094 Sergia
1174 2052 1212 2080 et
1253 2045 1435 2085 Cluentia
1473 2064 1569 2102 gens

848 2101 1043 2151 originem
1067 2101 1213 2139 ducere
1230 2102 1357 2142 videri
1379 2106 1568 2149 volebat:

846 2170 934 2208 quae
960 2158 1040 2195 fere
1069 2161 1206 2210 opinio
1233 2162 1338 2200 inter
1368 2166 1567 2206 Romanas

846 2224 980 2267 gentes
1012 2216 1202 2256 obtinuit.
1233 2218 1282 2258 cf.
1315 2223 1425 2261 Serv,
1459 2223 1502 2263 h.
1533 2225 1564 2265 l.

845 2275 1056 2312 Praeiverat
1073 2275 1180 2313 haud
1196 2276 1319 2315 dubie
1338 2279 1382 2316 in
1396 2280 1458 2318 his
1474 2295 1565 2333 gen-

846 2332 945 2369 tium
969 2334 1192 2384 originibus
1222 2337 1352 2374 Varro
1380 2339 1423 2376 in
1456 2340 1563 2380 libro

844 2390 904 2427 De
948 2389 1103 2429 familiis
1155 2394 1351 2442 Trojanis.
1403 2398 1564 2438 Mireris

844 2447 974 2501 Gyam
993 2452 1299 2500 praetermissum
1314 2481 1324 2499 ,
1345 2466 1367 2490 a
1384 2468 1467 2505 quo
1480 2459 1562 2505 jam

845 2505 969 2544 Cerda
1008 2507 1110 2545 vidit
1149 2509 1347 2561 Geganios
1386 2512 1436 2549 ab
1477 2515 1562 2553 aliis

843 2563 998 2603 deduci.
1032 2567 1127 2603 Erat
1161 2580 1206 2604 ea
1238 2580 1333 2619 gens
1366 2570 1559 2613 Albana:

842 2622 1012 2675 Dionys.
1048 2626 1133 2671 111,
1175 2638 1243 2675 29.
1276 2629 1427 2675 Pares,
1462 2639 1560 2680 puta

842 2680 1114 2732 magnitudine
1147 2690 1186 2719 et
1218 2683 1408 2724 bonitate.
1443 2688 1562 2726 Fluc-

843 2747 958 2776 tuant
973 2742 1082 2779 Serv.
1106 2748 1145 2778 et
1169 2741 1294 2781 Cerda
1317 2744 1422 2781 inter
1446 2745 1563 2797 plura

845 2806 1078 2838 commenta.
1107 2800 1299 2839 Gravibus
1320 2802 1457 2850 remis,
1484 2803 1561 2842 for-

1374 2883 1399 2912 2
