1767 3054
677 121 831 159 LIBER
862 121 934 158 vt.

1507 142 1558 178 97

59 200 198 245 Dicta
225 215 338 245 meae
358 195 507 261 genti,
528 209 724 258 ponam,
749 195 989 257 lectosque
1010 197 1230 255 sacrabo,

60 274 221 331 Alma,
249 275 374 320 viros
397 290 407 317 ε
434 270 556 318 foliis
582 281 762 317 tantum
782 288 841 317 nc
862 271 1071 318 carmina
1094 273 1285 330 manda,

61 353 134 395 Nc
160 350 347 397 turbata
367 349 526 395 volent
546 348 724 411 rapidis
749 347 955 394 ludibria
979 350 1155 407 ventis,

59 426 166 485 Ipsa
190 440 351 481 canas,
371 439 472 470 oro.
498 444 517 465 »
541 424 703 470 Finem
725 423 854 470 dedit
879 440 961 470 ore
980 425 1220 487 loquendi.

124 505 209 559 At,
233 499 400 546 Phoebi
422 500 634 546 nondum
656 502 862 564 patiens,
885 501 1085 548 inmanis
1109 502 1156 547 in
1177 514 1312 550 antro

59 578 322 625 Bacchatur
348 589 501 636 vates,
527 596 748 642 magnum
772 580 811 625 si
836 591 1029 641 pectore
1048 580 1197 640 possit

54 653 325 699 Excussisse
348 653 489 699 deum
513 672 522 697 ε
551 662 681 698 tanto
706 652 854 714 magis
871 653 947 698 ille
969 652 1133 714 fatigat

57 730 124 774 Os
149 727 394 784 rabidum,
420 729 519 774 fera
545 728 691 773 corda
713 727 933 784 domans,
957 726 1186 789 fingitque
1206 730 1479 790 premendO.
1519 742 1556 771 ευ

53 804 187 850 Ostia
203 805 396 867 jamque
421 804 588 850 domus
611 813 808 866 patuere
832 803 1039 865 ingentia
1063 813 1252 849 centum

54 882 234 941 Sponte
258 895 364 936 sua,
390 878 605 940 vatisque
626 879 783 925 ferunt
807 893 1032 940 responsa
1056 894 1143 941 per
1167 894 1305 925 auras
1328 899 1337 924 :

54 1046 189 1091 effert,
239 1047 351 1097 quasi
388 1045 539 1097 Sibylla
581 1045 773 1097 templum

53 1114 91 1142 et
125 1117 234 1142 sacra
267 1103 476 1150 habuerit,
512 1105 611 1142 Met.
647 1107 770 1151 xlv,

60 1163 137 1199 128
170 1163 335 1212 Templa
365 1162 436 1198 tibi
467 1171 666 1208 statuam,
703 1163 771 1199 tri-

0 1218 1 1265 ]
54 1221 172 1258 huam
191 1220 264 1257 tibi
278 1219 399 1257 thuris
418 1220 622 1258 honorem.

114 1286 163 1326 τά
179 1301 236 1307 —-
252 1279 318 1327 76.
355 1280 596 1330 Exsequitur
626 1281 768 1316 AEneas

55 1338 197 1376 Heleni
240 1345 509 1388 praeceptum,
553 1349 640 1388 sup.
683 1339 768 1384 III,

53 1395 295 1443 443-457,
315 1417 375 1426 --
394 1396 460 1443 76.
490 1394 630 1432 Finem
660 1395 773 1433 dedic

50 1468 116 1491 ore
157 1454 362 1506 loquendi.
398 1455 534 1491 Fuisse
581 1453 769 1491 videntur

46 1515 126 1562 jam
159 1521 250 1550 ante
281 1512 474 1559 Cerdam,
509 1511 656 1564 quibus
683 1513 768 1550 haec

45 1570 95 1609 ab
132 1571 260 1609 aliena
286 1585 409 1609 manu
432 1580 562 1609 assuta
594 1584 676 1608 esse
702 1572 762 1609 vi·

47 1630 239 1667 derentur
251 1659 262 1677 ,
281 1630 423 1668 offensi
441 1629 542 1668 forte
563 1639 602 1667 et
618 1629 679 1667 illi
697 1643 764 1668 vo-

45 1690 100 1725 cis
118 1701 185 1725 ore
200 1687 455 1738 pleonasmo,
489 1689 580 1726 satis
605 1696 643 1725 et
668 1688 763 1726 alibi

44 1746 180 1784 obvio.
197 1759 237 1784 v.
257 1748 420 1794 Burm.;
451 1755 584 1784 tamen
603 1747 762 1785 Servius

43 1817 204 1854 quoque
215 1805 258 1840 in
274 1818 322 1842 eo
333 1813 552 1857 argutatur.
565 1804 640 1844 Sed
658 1805 761 1842 bene

43 1861 211 1899 laudant
238 1863 372 1912 Intpp.
404 1863 548 1900 Lucilii
571 1876 730 1900 versum
750 1875 760 1900 :

45 1921 145 1956 Haec
175 1918 243 1954 ubi
273 1918 382 1955 dicta
420 1920 551 1964 dedit,
581 1933 757 1970 pausam

31 1976 144 2029 facit
162 1989 228 2013 ore
245 1976 457 2026 loquendi,
491 1989 552 2025 ap.
581 1977 760 2013 Nonium

41 2037 85 2072 in
103 2047 250 2085 pausa.
269 2056 327 2063 —
344 2036 438 2084 Ipsa
472 2046 609 2070 canas.
639 2034 760 2071 Nunc

38 2095 186 2144 igitur,
224 2106 333 2129 more
371 2104 443 2128 suo
473 2090 633 2134 relicto,
672 2102 757 2127 non

41 2151 144 2188 foliis
182 2150 366 2187 inscribit
403 2149 507 2185 dicta
522 2177 532 2194 ,
575 2147 642 2184 sed
687 2160 756 2185 ore

38 2209 203 2261 profert.
239 2210 339 2245 Tota
364 2207 414 2244 de
443 2206 594 2257 Sibylla
624 2205 754 2243 fabula

37 2267 88 2305 ad
115 2267 386 2316 antiquissima
409 2265 580 2315 pertinet
607 2271 756 2314 tempo-

36 2338 103 2372 τας
136 2338 187 2362 ex
213 2322 351 2360 iisdem
378 2324 495 2359 etiam
525 2322 645 2372 petita
672 2335 753 2359 esse

36 2391 133 2435 puta
152 2381 245 2420 folia
272 2381 461 2419 arborum
475 2408 485 2425 ‚
517 2379 664 2431 quibus
683 2380 752 2418 illo

37 2453 123 2478 aevo
158 2439 430 2485 scribebatur,
468 2437 650 2475 nondum
679 2438 752 2475 alia

36 2498 198 2537 meliore
216 2499 379 2535 materia
400 2499 576 2535 inventa.

99 2557 303 2605 77—80.
342 2559 491 2595 Ornate
533 2555 690 2599 omnia3
730 2568 751 2592 a

38 2613 246 2653 domandis
278 2615 390 2666 equis
423 2614 608 2653 translata
629 2613 749 2650 verba

38 2672 116 2725 (cf.
132 2686 171 2711 v.
196 2685 289 2720 100,
314 2685 388 2711 101
406 2671 481 2724 )ad
499 2680 643 2717 vatem,
661 2684 751 2722 qnae

38 2729 163 2768 nollet
187 2730 306 2769 deum
328 2732 526 2782 recipere,
563 2727 749 2767 ἐνθουσιά-

38 2787 136 2832 ζειν,
170 2800 294 2839 quum
324 2789 458 2828 divina
488 2790 547 2827 vis
574 2787 749 2826 credere—

200 2869 288 2912 III.

841 1055 907 1083 tur
919 1058 1062 1096 corpus
1074 1044 1239 1082 mortale
1253 1073 1264 1091 ,
1287 1054 1475 1096 tanquam
1493 1052 1555 1086 sui

839 1118 923 1142 non
938 1118 1075 1155 capax,
1093 1105 1265 1153 graviter
1280 1117 1438 1143 vexare.
1451 1109 1553 1144 Bac·

838 1162 980 1200 ellatur
989 1175 1063 1213 pro
1073 1161 1244 1212 simplici
1261 1161 1460 1210 discurrit,
1471 1165 1552 1203 vid.

836 1235 924 1272 sup.
956 1223 1029 1268 IV,
1057 1221 1152 1258 301.
1178 1219 1365 1272 Fingitur
1385 1235 1512 1272 equus
1532 1237 1553 1261 a

835 1281 1023 1331 magistro
1045 1279 1270 1329 premendo
1285 1307 1295 1323 ,
1323 1279 1364 1317 h.
1384 1294 1418 1317 e.
1443 1294 1551 1330 pres-

835 1351 900 1375 sus
929 1337 1073 1383 frenis,
1108 1349 1378 1386 compressus,
1408 1341 1553 1376 coerci—

837 1405 914 1434 tuS.
943 1396 993 1434 cf.
1017 1408 1105 1446 sup.
1135 1396 1180 1440 Ι,
1214 1394 1293 1440 63;
1322 1408 1415 1447 ergo
1426 1395 1553 1450 fingit

828 1454 1055 1506 premendo
1070 1466 1147 1503 pro
1168 1454 1326 1504 premit.
1345 1455 1414 1491 Est
1432 1456 1551 1493 etiam

836 1513 1040 1550 brevitatis
1066 1512 1152 1549 laus
1182 1513 1226 1548 in
1256 1520 1370 1548 tanto
1390 1513 1520 1565 magis
1538 1529 1550 1550 .-

829 1571 1033 1609 subintell.
1057 1569 1124 1608 sed
1150 1578 1300 1620 quanto
1330 1572 1454 1622 magis
1481 1572 1547 1609 illa

830 1630 1065 1676 bacchatur,
1098 1628 1277 1679 adeoque
1305 1628 1546 1676 reluctatur,

830 1698 945 1726 tanto
966 1687 1095 1739 magis
1118 1695 1193 1725 etc.

890 1747 939 1784 81
958 1775 969 1793 ‚
994 1747 1062 1784 82.
1093 1744 1204 1783 Ostia
1230 1745 1392 1789 domus,
1417 1744 1546 1783 aditus

829 1804 878 1842 ad
906 1805 1115 1840 interiores
1134 1816 1309 1839 recessus
1343 1805 1474 1842 antri:
1504 1817 1543 1842 v·

828 1875 916 1912 sup.
941 1862 993 1905 45
1017 1874 1075 1911 sq.
1099 1874 1142 1897 ea
1165 1869 1302 1911 patere
1323 1860 1515 1898 dicuntur
1530 1891 1540 1910 ,

828 1933 872 1956 ac
893 1921 926 1956 si
941 1919 990 1955 de
1012 1917 1162 1968 templo
1192 1927 1374 1968 ageretur
1397 1929 1406 1955 ε
1427 1921 1542 1966 cujus

827 1977 930 2014 fores
948 1983 1089 2026 sponte
1106 1984 1240 2025 patere
1255 1976 1542 2012 narranturad-

828 2042 1014 2070 ventante
1028 2032 1104 2069 deo
1123 2044 1133 2070 ε
1156 2040 1201 2068 ut
1223 2045 1284 2082 ap.
1309 2032 1536 2071 Callimach.

824 2092 866 2128 in
901 2091 1035 2141 Apoll.
1069 2118 1079 2135 ‚
1103 2090 1151 2135 3,
1177 2090 1227 2135 6,
1274 2103 1311 2136 7.
1358 2091 1537 2128 Putanda

823 2157 952 2185 autem
973 2160 1083 2184 nunc
1110 2156 1168 2183 est
1197 2147 1349 2198 Sibylla
1371 2146 1537 2199 adytum

821 2208 1017 2256 ingressa,
1054 2204 1129 2243 deo
1166 2205 1305 2257 plena,
1334 2219 1385 2243 ex
1416 2205 1537 2258 adyto

820 2264 905 2302 haec
929 2264 1158 2309 vociferari,
1184 2264 1290 2302 conf.
1312 2278 1350 2302 v.
1371 2265 1424 2314 98
1440 2293 1451 2312 ,
1469 2279 1537 2302 vo-

821 2336 865 2360 ce
892 2336 963 2372 per
991 2334 1083 2359 cava
1101 2324 1203 2360 antri
1234 2331 1467 2368 resonante,
1490 2333 1535 2361 ut

819 2395 857 2419 v.
888 2388 942 2425 44
958 2394 968 2426 ;
987 2383 1149 2418 AEneam
1172 2389 1303 2418 antem
1324 2390 1412 2418 ante
1431 2381 1533 2419 fores

818 2439 1060 2484 substitisse,
1091 2439 1141 2476 cf,
1169 2453 1208 2477 v.
1237 2439 1306 2489 98.
1334 2439 1456 2490 Quod
1480 2452 1533 2476 se·

818 2498 956 2548 quitur
979 2497 1237 2544 vaticinium,
1268 2506 1326 2534 est
1350 2499 1456 2534 inter
1474 2499 1534 2534 in-

818 2557 987 2606 signiora
1005 2562 1133 2605 poetae
1151 2555 1236 2593 loca
1249 2584 1260 2602 ,
1279 2564 1363 2592 tum
1379 2565 1532 2593 senten-

816 2614 961 2650 tiarum
983 2614 1191 2664 gravitate,
1215 2613 1530 2664 phantasmatum

816 2671 1057 2709 sublimitate
1085 2679 1123 2709 et
1153 2671 1345 2709 doctrinae
1365 2673 1530 2723 poeticae

817 2731 952 2781 copia,
976 2738 1060 2768 tum
1084 2731 1299 2769 verborum
1323 2730 1499 2781 pondere
1515 2758 1525 2774 ‚

815 2787 1004 2838 dignitate
1038 2798 1075 2826 et
1109 2799 1275 2837 ornatu3
1307 2790 1424 2826 etiam
1444 2800 1529 2824 ora-

1379 2883 1408 2927 9
