1767 3054
204 162 284 186 220

828 151 1070 189 AENEIDOS

200 223 298 266 Nec
321 221 510 284 Trojam
532 222 765 266 Ausonios
790 223 970 284 gremio
994 221 1233 283 excepisse
1254 220 1449 283 pigebit.

199 299 312 341 Fata
337 311 422 358 per
445 298 603 343 AEneae
623 297 757 358 juro,
780 296 1088 358 dextramque
1109 307 1371 358 potentem,

199 370 308 415 Sive
333 369 447 428 fide,
472 388 555 417 seu
580 372 684 433 quis
709 371 834 417 bello
856 382 925 417 est
949 380 1172 432 expertus
1196 381 1242 416 et
1262 371 1423 426 armis,

1632 380 1692 411 235

197 445 337 490 Multi
356 460 442 491 nos
463 447 649 507 populi,
676 446 834 490 multae
859 447 872 507 (
891 461 950 489 ne
973 456 1149 502 temne,
1174 445 1302 506 quod
1323 445 1450 490 ultro

193 519 489 565 Praeferimus
515 519 730 565 manibus
752 519 893 564 vittas
915 535 968 564 ac
987 517 1134 564 verba
1156 520 1430 581 precantia)

195 595 253 638 Et
278 592 456 654 petiere
481 591 571 638 sibi
595 605 641 639 et
665 593 860 638 voluere
881 591 1135 654 adjungere
1161 603 1334 654 gentes.

194 668 287 714 Sed
307 684 392 713 nos
417 668 510 713 fata
535 668 677 714 deum
700 678 879 713 vestras
901 667 1153 728 exquirere
1178 678 1325 714 terras

192 742 407 804 Imperiis
428 759 565 805 egere
587 744 696 789 suis.
724 745 845 789 Hinc
865 742 1117 788 Dardanus
1139 752 1272 789 ortus

192 820 297 862 Huc
322 818 515 879 repetit,
535 817 770 878 jussisque
794 816 1062 879 ingentibus
1084 826 1220 878 urget
1239 817 1411 878 Apollo

186 1014 223 1042 et
243 1004 330 1041 edd.
346 1003 549 1042 Abolescie
569 1003 650 1041 dno
672 1004 836 1042 Mentel.
861 1014 900 1043 et

185 1077 203 1098 a
240 1075 292 1099 m.
328 1076 389 1112 pr.
421 1066 518 1114 Reg.
555 1061 751 1098 oboleseec
776 1062 897 1100 Goth.

182 1133 259 1158 see.
289 1119 460 1157 abolevit
480 1122 636 1170 Hagen.
661 1119 799 1156 Heius.
823 1132 901 1156 ma-

182 1178 287 1215 lebat
304 1207 314 1224 ,
339 1177 525 1215 abolebit.
557 1179 612 1213 At
641 1185 757 1226 poeta
784 1176 900 1214 docte

180 1237 314 1285 posuit
349 1237 556 1285 antiquum
584 1234 775 1280 verbum,
792 1234 901 1285 quod

181 1301 219 1329 et
242 1294 286 1328 in
314 1294 496 1329 Lucretio
527 1293 703 1329 occurrit
724 1294 776 1338 V,
802 1294 897 1339 732.

181 1372 238 1379 --
252 1351 348 1388 233.
364 1350 544 1386 Ausonio
561 1352 699 1386 Franc.
715 1377 726 1395 ,
744 1350 896 1388 vitiose.

182 1408 391 1457 Accepisse
414 1420 476 1456 pr.
495 1406 638 1444 Hamb.
660 1405 830 1444 Dorvill.
859 1416 899 1444 et

178 1465 286 1502 Leid.
306 1464 475 1515 Pigebat
500 1457 596 1500 alter
615 1463 779 1500 Mentel.
802 1477 822 1500 a
842 1478 895 1501 m.

175 1536 236 1572 pr.
250 1522 398 1558 librarii
420 1522 552 1571 lapsu3
565 1519 634 1556 sed
646 1520 780 1557 Heius.
795 1533 898 1557 com-

177 1579 397 1616 modiorem
423 1578 634 1614 lectionem
654 1578 697 1612 in
717 1589 764 1612 eo
787 1578 896 1615 inve-

176 1637 334 1680 niebat,
359 1644 403 1672 ut
433 1634 482 1671 ad
508 1633 684 1671 Dardani
702 1634 745 1669 in
765 1634 893 1685 Phry-

172 1695 275 1745 giam
291 1693 504 1729 adventum
523 1691 748 1728 referretur.
768 1694 893 1742 Argu-

172 1760 210 1788 te
230 1752 350 1801 magis
367 1762 487 1798 quain
509 1762 613 1786 vere.
627 1770 684 1776 —
704 1748 863 1798 Trojam
875 1778 885 1794 ,

172 1820 311 1858 magna
335 1819 429 1842 cum
444 1807 509 1851 vi,
528 1819 602 1855 pro
620 1806 826 1854 Trojanis3
845 1815 891 1843 ut

171 1867 286 1902 toties
310 1862 470 1912 Trojam
483 1891 493 1907 ,
510 1863 646 1906 Ilium,
663 1861 704 1897 in
723 1862 888 1898 Italiam

171 1921 310 1973 inferri
327 1919 511 1957 vidimus.
542 1921 588 1956 In
606 1933 645 1956 v,
667 1919 748 1955 235
772 1920 889 1956 nimis

172 1988 307 2030 argute
349 1979 420 2015 Ge.
455 1976 657 2014 Fabricius
687 1976 889 2014 Ciceronis

168 2037 304 2074 locum
327 2037 406 2073 VII
428 2033 475 2070 ad
501 2035 591 2071 Div.
616 2034 637 2069 5
660 2046 890 2083 expressum

171 2093 330 2131 volebat
351 2105 360 2130 :
406 2094 545 2128 Totum
587 2089 785 2127 hominem
823 2090 893 2127 tibi

172 2151 286 2188 trado
299 2180 310 2195 ‚
339 2150 388 2186 de
421 2162 566 2193 manu,
603 2157 646 2184 uc
677 2147 812 2193 aiunt,
847 2148 888 2184 in

172 2221 334 2245 manum
351 2216 461 2243 cuam
475 2206 592 2242 istam
609 2204 682 2255 (ad
699 2205 890 2244 Caesarem

170 2268 314 2316 scripta
332 2264 495 2315 epistola
509 2263 523 2315 )
541 2272 580 2299 ec
597 2261 770 2299 victoria
790 2262 890 2315 ecfi-

171 2323 221 2359 de
236 2331 510 2371 praestantem.
539 2320 669 2357 Habet
689 2319 825 2356 saltem
840 2321 888 2357 si-

167 2378 432 2417 militudinem
462 2377 646 2426 aliquam.
671 2376 747 2414 Sed
751 2376 884 2429 fides,

169 2436 307 2474 dextra
329 2435 414 2472 data
429 2463 439 2481 ‚
465 2433 512 2470 ad
535 2434 681 2470 foedera
709 2442 882 2484 spectat,

165 2495 209 2531 in
228 2493 373 2545 quibus
391 2491 592 2528 servandis
611 2500 649 2528 et
670 2504 886 2541 exsequen-

170 2551 230 2588 dis
263 2551 481 2587 constantia
510 2557 548 2585 et
576 2557 738 2586 strenuo
771 2549 883 2586 forti-

166 2621 246 2659 que
269 2609 399 2644 animo
423 2618 467 2641 ac
486 2617 607 2642 manu
624 2619 724 2655 opns
741 2614 810 2644 est.
823 2627 882 2635 -—-

169 2667 266 2714 237.
287 2662 527 2716 Proserimus
549 2663 699 2711 aliquot
720 2664 822 2701 Pier.
843 2671 881 2700 et

165 2722 247 2760 dno
262 2722 398 2760 Heins.
410 2747 422 2766 ‚
440 2719 508 2757 sed
518 2718 709 2770 pra-serre
721 2728 778 2756 est
792 2733 881 2770 pro-

163 2781 296 2831 prium
326 2781 370 2817 in
397 2778 472 2814 hac
501 2789 565 2822 re3
590 2776 639 2813 ef.
661 2777 810 2824 Burm.;
841 2786 882 2814 ee

963 1003 1114 1050 verba,
1141 1003 1279 1050 multi3
1303 1003 1459 1040 tandem
1480 1016 1529 1040 ac
1554 1005 1681 1041 verba.

957 1060 1168 1110 precantia
1182 1060 1290 1098 haud
1307 1060 1427 1098 dubie
1449 1073 1540 1097 vera
1561 1061 1681 1100 lectio

965 1119 1145 1156 restituta
1164 1127 1255 1168 post
1274 1118 1474 1155 Benedict.
1499 1119 1543 1155 in
1563 1120 1588 1156 J
1593 1129 1678 1157 unt.

972 1176 1079 1212 1510
1094 1204 1104 1222 ‚
1135 1177 1204 1226 qui
1241 1175 1371 1213 bonos
1415 1189 1458 1212 ac
1503 1184 1677 1220 vetustos

967 1231 1082 1270 codd.
1100 1233 1178 1270 hoc
1204 1232 1349 1270 habere
1369 1235 1445 1280 ait,
1466 1241 1550 1270 tum
1574 1233 1674 1272 Pier.

966 1290 1014 1327 ab
1035 1292 1198 1328 Heinsio
1227 1299 1266 1328 et
1287 1291 1469 1328 Mediceo
1489 1290 1676 1341 aliisque;

964 1348 1215 1385 Burmannus
1249 1349 1366 1385 etiam
1399 1347 1471 1386 Ed.
1507 1347 1600 1385 Ald.
1643 1357 1682 1386 et

963 1405 1129 1442 Mediol.
1167 1413 1381 1451 memorat;
1430 1405 1499 1442 sed
1543 1417 1679 1442 omnes

963 1462 1084 1499 Aldd.
1103 1463 1356 1499 consentiunt
1371 1462 1414 1498 in
1432 1462 1591 1513 vulgata
1609 1473 1618 1499 :
1642 1472 1681 1498 ec

962 1519 1090 1555 verba
1133 1528 1382 1567 precantum.
1422 1521 1510 1556 Hoc
1561 1520 1678 1555 etiarn

962 1577 1079 1613 Rom.
1110 1575 1284 1613 exhibet.
1309 1575 1514 1612 Precantis
1543 1577 1675 1627 Rigor.

964 1631 1168 1682 Viccasque
1181 1632 1395 1682 precantia
1420 1632 1546 1670 verba
1566 1634 1608 1669 in
1633 1632 1677 1669 li-

960 1697 1045 1726 tura
1065 1690 1200 1740 fragm.
1219 1691 1349 1727 Vatic.
1367 1702 1458 1727 cum
1477 1690 1560 1726 aliis
1572 1691 1673 1727 Pier.

959 1754 997 1783 et
1043 1748 1178 1784 Heius.
1223 1749 1262 1782 V
1259 1746 1428 1797 ictusque
1460 1747 1675 1797 precantia

957 1816 1081 1855 regno
1099 1805 1202 1841 Ven.
1221 1803 1402 1840 manibus
1422 1817 1472 1840 ac
1489 1803 1616 1841 verba
1627 1817 1671 1853 p.

955 1860 1093 1897 vittas.
1113 1861 1175 1896 ed.
1193 1862 1296 1897 Ven.
1316 1882 1372 1890 -
1388 1860 1566 1898 Laudant
1592 1874 1673 1898 om-

956 1929 1025 1953 nes
1050 1925 1192 1954 notum
1219 1916 1321 1954 illud
1351 1931 1401 1954 ex
1427 1917 1540 1956 Iliad.
1569 1930 1595 1954 α.
1621 1926 1670 1962 14

957 1972 1153 2027 Στέμματ’
1172 1971 1270 2023 ἔχων
1295 1973 1329 2013 ἐν
1347 1971 1470 2027 χερσί.
1483 1977 1544 2012 De
1559 1987 1602 2012 re
1621 1975 1670 2012 cf.

956 2043 1046 2081 sup.
1068 2045 1104 2069 v.
1127 2031 1376 2076 154.—-240.
1395 2031 1571 2082 Imperia
1581 2031 1671 2068 deo-

955 2101 1042 2125 rum
1061 2097 1154 2126 snnt
1169 2090 1318 2126 monita
1331 2117 1342 2136 ‚
1354 2097 1400 2126 ut
1415 2090 1494 2137 -jam
1511 2088 1604 2126 alibi
1615 2090 1673 2125 vi-

957 2144 1100 2192 dimus,
1112 2154 1151 2183 et
1169 2159 1263 2183 mox
1270 2145 1483 2197 jussa—2
1493 2153 1515 2191 4
1523 2159 1557 2184 1.
1570 2145 1671 2183 Sale-

956 2201 1071 2240 brosa
1084 2205 1210 2241 oratio
1223 2216 1311 2240 meo
1323 2203 1482 2254 qm'dem
1494 2201 1645 2251 judicio
1660 2214 1669 2238 ε

957 2260 1062 2296 Hinc
1073 2261 1291 2297 Dardanus
1303 2270 1407 2298 orcus
1418 2261 1505 2298 Huc
1515 2258 1668 2308 repetit,

945 2316 1144 2368 jussisque
1165 2317 1191 2356 i.
1213 2339 1270 2347 --
1283 2316 1466 2363 Namic1';
1482 2315 1532 2353 ad
1549 2329 1667 2366 qnam

952 2382 1082 2412 tamen
1099 2376 1297 2413 neminem
1312 2373 1520 2412 offendisse
1531 2372 1647 2410 video
1658 2401 1668 2419 ‚

951 2444 1002 2469 ne
1023 2433 1071 2470 ad
1100 2432 1464 2483 interpretationem
1492 2429 1665 2479 quidem.

950 2490 1040 2527 Huc
1059 2492 1138 2538 jam
1160 2491 1203 2527 in
1213 2489 1374 2527 Venetis
1384 2486 1476 2524 Ald.
1503 2486 1666 2537 aliisque

949 2546 1232 2585 vetustioribus
1263 2555 1490 2594 expressum
1520 2544 1639 2582 video
1653 2573 1662 2590 ‚

948 2612 988 2641 et
1008 2606 1063 2641 sic
1079 2601 1225 2641 Medic.
1249 2601 1386 2651 fragm.
1406 2602 1534 2639 Vatic.
1551 2629 1561 2648 ‚
1589 2614 1663 2638 nec

947 2660 1105 2698 aliunde
1121 2659 1285 2695 varietas
1295 2666 1428 2696 notata
1441 2686 1452 2705 ‚
1466 2659 1541 2695 nisi
1553 2659 1664 2709 quod

947 2720 1063 2756 Rom.
1083 2717 1202 2753 Hanc
1218 2723 1384 2766 repetet,
1400 2715 1594 2766 jussisque
1606 2737 1661 2746 —

949 2773 1190 2824 Tyrrhenum
1220 2780 1259 2810 ec
1284 2772 1429 2821 Tybrin
1450 2781 1490 2811 ec
1500 2772 1542 2825 f
1562 2787 1604 2812 v.
1630 2787 1660 2814 s.
