1767 3054
173 89 249 124 168

800 87 1042 126 AENEIDOS

170 159 375 220 Spiritus
401 158 525 205 intus
553 158 654 217 alit,
678 168 921 219 totamque
942 158 1096 203 infusa
1118 173 1203 219 per
1228 167 1357 202 artus

170 239 307 282 Mens
328 235 471 297 agitat
496 235 689 293 molem,
715 246 760 280 et
786 251 956 297 magno
976 251 1024 280 se
1050 249 1252 296 corpore
1279 232 1456 278 miscet.

170 309 288 357 Inde
310 309 555 356 hominum
577 311 909 373 pecudumque
935 325 1104 372 genus,
1129 310 1333 372 vitaeque
1358 307 1626 366 volantum,

172 389 227 432 Et
248 403 353 449 quae
372 402 639 433 marmoreo
663 387 753 431 fert
776 396 987 431 monstra
1010 384 1098 431 sub
1120 401 1310 448 aequore
1332 394 1518 447 pontus.

172 464 342 523 Igneus
367 474 435 509 est
457 463 560 509 ollis
581 462 736 524 vigor,
755 472 801 507 et
821 460 1020 508 coelestis
1046 461 1180 523 origo

171 679 328 703 versum
358 665 478 704 semel
499 666 576 704 sub
603 666 778 717 corporis
800 680 886 717 spe-

173 727 231 761 cie
249 733 575 775 repraesentasset,
590 734 694 762 recte
712 738 786 776 pro
802 738 889 775 par-

173 782 280 819 tibus
304 792 412 819 artus
440 785 588 834 posuit.
622 784 684 821 Sic
710 782 758 820 de
786 792 888 820 terra

173 841 244 877 Ge.
267 842 320 886 II,
343 842 586 888 325—327.
609 841 889 879 Commentarii

171 898 261 934 loco
273 911 354 935 esse
370 908 538 949 possunt
559 900 761 936 Ciceronis
783 912 884 936 vers.

172 969 221 991 ex
253 956 493 1002 Consulatu,
525 956 595 994 lib.
617 958 680 1003 II,
717 956 765 993 de
791 958 884 994 Div.

170 1014 188 1048 1
206 1042 215 1057 ‚
247 1026 262 1048 1
277 1025 310 1050 1.
332 1014 573 1063 Comparant
591 1013 657 1050 alii
673 1014 720 1050 Il.
743 1027 778 1060 σ,
803 1015 884 1058 483

170 1071 281 1114 ——48
291 1071 327 1107 5.
353 1070 504 1107 Coelum
531 1083 605 1120 pro
629 1083 715 1107 aere
733 1070 886 1107 dictum

171 1129 239 1164 vix
270 1126 448 1174 dubitesg
484 1136 522 1165 et
548 1141 710 1178 campos
737 1127 887 1178 liquen-

170 1195 250 1231 tes,
279 1199 352 1235 pro
370 1188 469 1223 inari
482 1215 492 1233 ‚
515 1194 561 1223 ut
575 1214 584 1232 ‚
609 1198 748 1236 aequor
765 1198 886 1235 aqua-

169 1256 273 1281 rum.
293 1247 342 1281 In
360 1252 504 1294 quarto
531 1252 662 1280 tamen
685 1244 881 1280 elemento

170 1302 431 1339 extundendo
466 1302 700 1339 laborarunt
743 1302 883 1337 Gram-

170 1361 316 1398 matiei.
335 1362 460 1397 Docta
485 1374 535 1396 ex
549 1368 645 1396 vett.
669 1367 881 1397 comment.

168 1426 318 1454 servata
353 1426 447 1454 nota
486 1426 544 1454 est
579 1416 685 1466 apud
716 1420 885 1466 Pompo-

168 1475 305 1522 nium,
338 1474 409 1511 ubi
438 1477 542 1512 inter
566 1474 638 1510 alia
657 1487 665 1512 :
688 1492 707 1505 «
725 1474 884 1512 Ridicu-

167 1531 252 1568 lum
265 1542 322 1570 est
334 1532 552 1584 intelligere
566 1530 711 1568 coelum
728 1545 802 1581 pro
815 1531 884 1568 du-

167 1588 261 1637 plici
279 1591 487 1636 elemento,
505 1590 545 1628 h.
560 1603 593 1627 e.
607 1603 695 1626 aere
711 1598 750 1625 et
763 1590 882 1626 aethe-

168 1660 223 1684 re.
238 1666 257 1679 n
276 1649 458 1685 AEmilius
475 1650 603 1698 Asper
625 1660 752 1697 quum
773 1646 883 1683 hunc

168 1704 302 1742 lucum
319 1714 538 1751 annotaret,
555 1707 611 1742 sic
632 1706 710 1742 ait:
724 1722 743 1736 «
761 1706 885 1742 Mem-

169 1761 239 1798 bra
259 1772 411 1801 naturae
426 1765 481 1800 sic
495 1763 594 1800 solet
610 1763 776 1812 jungere
790 1762 883 1799 Vir-

169 1821 286 1868 gilius
299 1849 308 1866 ,
341 1830 386 1858 ut
415 1823 458 1858 in
492 1822 564 1857 tria
595 1818 744 1856 dividat
758 1847 768 1866 ,
794 1832 886 1856 nam

169 1886 207 1914 et
225 1878 319 1915 alibi
337 1890 346 1915 ε
367 1879 499 1916 maria
519 1891 568 1914 ae
587 1886 712 1915 cerras
731 1877 887 1914 coelum-

168 1948 245 1985 que
256 1935 503 1987 profimdum
515 1949 532 1980 ;
549 1936 723 1972 Ennium
743 1947 885 1985 sequu-

169 2002 246 2039 tus,
259 1996 329 2043 qui
342 1996 413 2032 ait:
424 1996 507 2045 Qui
519 2002 588 2030 tuo
600 1993 752 2030 lumine
764 2006 882 2039 mare,

169 2059 327 2099 terram,
350 2053 510 2099 coelum,
528 2052 750 2089 contines.»
774 2051 883 2088 Tita-

169 2107 237 2145 nia
253 2118 377 2148 astra.
395 2112 457 2148 Ex
473 2111 520 2147 iis
532 2139 543 2157 ,
565 2122 654 2159 quae
671 2110 777 2160 apud
792 2110 886 2146 Dio-

169 2166 315 2203 dorum
334 2176 595 2218 exponuntur
624 2167 774 2219 (altero
792 2167 884 2204 loco

170 2226 207 2258 V
221 2252 231 2270 ,
252 2225 304 2260 66
323 2225 455 2263 fabula
473 2227 640 2271 Cretica,
656 2226 778 2263 altero
798 2226 859 2262 III
871 2252 882 2271 ‚

172 2282 194 2317 :5
202 2293 220 2326 7
242 2282 388 2332 Libyca
405 2286 440 2333 ),
474 2282 576 2320 nihil
593 2282 704 2320 facile
720 2283 800 2320 huc
823 2295 884 2319 re-

170 2341 301 2375 vocari
318 2349 470 2388 potest3
491 2353 565 2377 nec
579 2368 590 2386 ,
610 2340 736 2378 sidera
753 2340 801 2377 ad
819 2341 886 2377 Ti-

169 2404 277 2432 tanes
296 2396 433 2433 referri
452 2400 693 2448 scriptorum
719 2411 796 2435 usu
826 2405 884 2433 est

168 2454 384 2503 cognitum.
403 2456 529 2504 Igitur
545 2457 703 2493 Servius
723 2468 884 2506 sequen-

169 2509 269 2556 dus,
306 2512 378 2560 qui
405 2512 527 2548 altero
553 2512 642 2549 loco
668 2513 800 2549 Solem
819 2513 882 2548 in-

168 2575 418 2617 terpretatur.
444 2569 608 2605 Dictum
624 2570 772 2607 scilicet
788 2581 883 2619 poe-

169 2625 250 2661 tico
289 2637 399 2662 more
412 2654 423 2673 ,
455 2638 528 2676 pro
541 2653 552 2670 ,
587 2628 749 2663 Asty-am
780 2626 889 2664 Tita-

170 2680 302 2729 nium,
315 2682 391 2720 hoc
410 2691 480 2730 est,
500 2683 639 2729 Titan,
659 2685 884 2734 Hype1i0n‚

171 2751 243 2777 seu
272 2739 363 2787 Sol,
403 2749 449 2778 ut
483 2741 540 2776 IV
556 2768 566 2787 ,
606 2753 697 2790 119.
730 2743 885 2778 Titania

1609 469 1669 510 730

954 669 1065 705 Luna
1078 696 1089 715 ,
1114 668 1179 705 vel
1197 667 1324 705 Diana
1338 696 1348 714 ,
1370 669 1514 718 saepius
1529 681 1670 706 occur-

955 726 1028 772 rit,
1055 725 1265 776 Apollonii
1288 725 1500 775 exemplo:
1523 722 1670 769 Τιτηνὶς

953 783 1025 821 lib.
1053 785 1137 829 IV,
1173 784 1250 830 54,
1285 782 1357 819 uhi
1389 794 1428 819 v.
1455 781 1586 821 Schol.
1610 805 1668 812 —-

959 854 1056 889 727.
1078 843 1234 891 ,Magno
1260 853 1301 877 se
1328 852 1489 890 corpore
1507 839 1668 888 miscet,

956 899 1108 936 dictum
1149 898 1306 935 doctius
1347 910 1467 949 quam
1509 899 1668 950 corpori

952 960 1161 1003 miscetur,
1198 955 1352 992 inditur
1384 967 1394 993 :
1430 968 1502 1006 per
1537 964 1668 993 totum

951 1013 1148 1051 mundum
1164 1013 1288 1051 didita
1298 1021 1356 1050 est
1372 1014 1500 1050 anima
1512 1012 1664 1051 mundi.

1014 1071 1094 1118 728
1123 1085 1181 1121 sq.
1215 1070 1313 1108 Inde
1345 1083 1394 1107 ex
1425 1070 1499 1107 hac
1528 1073 1666 1108 Mente

953 1128 1098 1166 mundi
1127 1130 1284 1175 omnia,
1315 1127 1520 1173 homines,
1548 1141 1664 1178 pecu-

954 1188 1043 1234 des,
1076 1187 1208 1232 alites,
1243 1184 1447 1235 aquatilia,
1481 1194 1593 1232 sunt,
1622 1185 1663 1223 h.

955 1259 989 1285 e.
1015 1246 1185 1282 animam
1215 1252 1254 1280 et
1282 1244 1404 1280 vitam
1432 1242 1594 1281 habent.
1614 1242 1662 1280 cf.

951 1304 1023 1341 Ge.
1044 1305 1114 1349 IV,
1139 1315 1160 1338 2
1172 1302 1306 1338 18—2
1316 1301 1367 1337 26
1383 1313 1392 1338 :
1410 1300 1484 1338 His
1499 1300 1665 1351 quidam

948 1361 1069 1413 signis
1090 1369 1162 1398 etc.
1182 1361 1312 1397 Deum
1334 1372 1508 1410 namque
1526 1358 1581 1395 ire
1588 1371 1668 1408 per

951 1432 1085 1456 omnes
1105 1419 1140 1454 T
1138 1430 1324 1467 errasque
1341 1426 1567 1467 tractusque
1582 1428 1666 1452 ma-

950 1476 1004 1513 ris
1023 1475 1242 1525 coelumque
1252 1473 1500 1525 profimdum
1514 1502 1525 1519 ‚
1558 1472 1664 1510 Hinc

949 1555 1008 1564 -—-
1030 1535 1235 1584 Quemque
1254 1531 1328 1568 sibi
1348 1540 1482 1568 tenues
1499 1543 1664 1568 nascen-

950 1601 1028 1629 tem
1047 1602 1244 1627 arcessere
1262 1589 1387 1627 vitas.
1410 1590 1549 1627 Novus
1568 1601 1664 1627 usus

949 1650 1058 1687 vocis
1097 1656 1154 1684 est
1188 1660 1326 1698 aequor
1370 1659 1659 1690 marmoreum,

949 1705 1266 1757 resplendescens
1286 1717 1307 1741 a
1325 1703 1425 1751 sole,
1442 1717 1492 1741 ex
1519 1705 1672 1742 Home-'

950 1766 1037 1802 rico
1055 1762 1134 1801 ἅλα
1162 1760 1390 1815 μαρμαρέην
1409 1762 1455 1799 Il.
1484 1759 1528 1808 ξ,
1564 1762 1660 1808 273.

951 1822 1070 1860 Unde
1102 1830 1140 1858 et
1162 1833 1340 1857 marmor
1369 1832 1444 1870 pro
1473 1814 1596 1865 niari‚
1618 1827 1664 1856 ut

953 1881 1025 1918 Ge.
1046 1882 1064 1916 I
1078 1908 1088 1926 ,
1110 1879 1205 1923 254.
1219 1879 1372 1915 Verum
1400 1878 1444 1914 in
1466 1877 1544 1914 hoc
1563 1890 1662 1927 prae-

950 1939 1104 1974 iverant
1137 1938 1217 1985 jam
1247 1938 1404 1974 Lucret.
1440 1943 1479 1973 et
1517 1933 1662 1973 Catull.

950 1997 1221 2034 Marmoream
1268 1992 1454 2031 cervicem
1509 1992 1664 2029 dixerat

951 2055 1024 2092 Ge.
1042 2055 1125 2100 IV,
1147 2053 1227 2090 523
1244 2078 1254 2098 ‚
1278 2051 1351 2089 nbi
1367 2065 1404 2099 v,
1425 2059 1575 2088 notam.

1013 2111 1270 2159 730—734.
1306 2108 1394 2147 Illis
1423 2106 1634 2146 seminibus
1649 2133 1662 2152 ‚

950 2169 991 2207 h.
1005 2183 1038 2207 e.
1050 2168 1114 2206 his
1126 2168 1330 2206 animabus
1341 2180 1392 2204 ex
1407 2168 1536 2204 anima
1552 2175 1662 2201 mun-

952 2226 1013 2275 di,
1048 2235 1235 2277 tanquam
1264 2239 1331 2263 ex·
1347 2225 1432 2276 igni
1458 2220 1659 2267 scintfflae,

951 2285 1107 2335 petitis,
1139 2293 1178 2321 et
1202 2285 1247 2321 in
1274 2284 1492 2320 humanum
1516 2290 1661 2328 corpus

952 2341 1162 2388 traductis,
1185 2342 1288 2378 inest
1304 2342 1418 2392 ignea
1435 2338 1495 2374 vis
1517 2334 1663 2386 (qualis

951 2399 1106 2436 aetheris
1132 2397 1215 2450 est)
1245 2407 1286 2436 et
1313 2397 1477 2434 aetherea
1506 2400 1659 2430 natura.

951 2457 1086 2494 Verba
1125 2458 1242 2494 etiam
1281 2454 1410 2492 Stoica
1455 2449 1662 2500 disciplina

951 2514 1210 2563 frequentata.
1245 2511 1346 2550 Nam
1382 2509 1533 2547 Zenoni
1561 2508 1660 2550 Νοῦς

950 2568 1094 2622 κόσμου
1135 2565 1288 2621 πυρινὸς
1307 2595 1319 2614 ,
1361 2574 1400 2604 et
1447 2564 1663 2604 Posidonio

955 2629 1110 2678 πνεῦμα
1121 2623 1246 2678 νοερὸν
1263 2620 1332 2662 καὶ
1342 2619 1535 2677 πυρῶδες,
1549 2623 1664 2670 cujus

953 2683 1132 2721 scintillae
1141 2691 1179 2720 et
1189 2679 1489 2735 ἀποσπάσματα
1497 2692 1541 2717 ac
1551 2692 1605 2717 σπ
1611 2677 1667 2732 έρ-

952 2753 1062 2794 μσιτοι
1079 2749 1174 2779 sunt
1194 2741 1346 2778 animae.
1373 2743 1452 2779 Res
1475 2740 1559 2790 ipsa
1583 2739 1664 2787 jam
