1767 3054
662 105 814 142 LIBER
847 105 963 140 VIII.

63 189 192 248 Rege
216 183 305 231 sub
329 177 620 240 Eurysthe0‚
646 176 753 223 fatis
779 181 805 223 J
811 176 981 222 unonis
1006 174 1204 237 iniquae,

61 261 327 310 pertulerit,
353 277 372 298 ιι
393 257 466 301 Tu
490 254 777 318 nubigenas,
803 255 1002 312 invicte,
1026 253 1306 302 bimembris

61 340 373 402 Hylaeumque
397 333 695 396 Pholumque
720 331 887 391 manu3
912 343 964 380 tu
989 332 1151 379 Cresia
1174 343 1350 380 mactas

58 415 300 478 Prodigia,
327 423 374 460 et
394 424 580 460 vastum
605 417 784 460 Nemea
808 411 897 458 sub
923 428 1043 475 rupe
1068 411 1278 470 leonem;
1510 427 1566 467 223

59 496 126 541 Te
152 492 306 555 Stygii
331 501 572 538 tremuere
596 491 756 548 lacus,
784 499 829 535 te
848 489 1028 552 janitor
1052 489 1169 536 Orci

55 573 175 618 Ossa
198 587 343 634 super
367 569 600 616 recubans
624 580 762 616 antro
790 584 968 615 semesa
993 581 1216 627 cruento;

56 651 155 697 Nec
179 661 224 696 te
250 651 356 696 ullae
386 649 551 707 facies,
576 664 671 694 non
698 648 867 695 terruit
891 648 992 711 ipse
1016 648 1288 710 Typhoeus,

52 727 269 793 Arduus,
291 743 423 774 arma
449 737 634 787 tenens;
659 742 756 773 non
781 736 826 773 te
848 726 1047 773 rationis
1072 737 1289 789 egentem

51 806 274 852 Lernaeus
299 805 440 852 turba
464 805 676 868 capitum
702 804 1015 852 circumstetit
1039 804 1219 868 anguis.
1504 817 1563 847 300

49 1046 146 1072 mox
166 1030 334 1070 Arickeo
349 1060 360 1079 ,
380 1031 556 1070 Eur-iem.
579 1033 636 1070 Ec
653 1032 771 1070 duros

49 1095 167 1130 Rom.
198 1089 379 1128 Mam-ob.
401 1092 461 1127 VI
482 1092 559 1128 Sat.
586 1091 611 1128 6
630 1100 669 1128 et
689 1090 769 1130 duo

48 1150 187 1187 Heius.
219 1148 375 1185 Eduros
401 1148 551 1186 Medic.
582 1158 626 1186 ut
650 1149 770 1187 durus

47 1208 179 1258 Bigot.
204 1215 243 1244 et
267 1206 389 1244 Goth.
411 1214 500 1244 tert.
517 1229 575 1235 —
599 1207 768 1245 Labores

0 1269 1 1275 ’
47 1265 155 1303 conf.
178 1265 225 1302 Il.
247 1265 289 1309 θ,
318 1266 398 1314 393
415 1278 424 1309 ;
444 1278 491 1311 τ,
513 1266 588 1302 133
607 1265 766 1312 ;Od.>t‚

47 1324 307 1373 62ο.--292.
322 1325 424 1360 Fata
436 1323 606 1359 lunonis
619 1324 768 1361 infestae

45 1383 160 1419 aiunt
179 1395 260 1418 esse
279 1381 526 1418 voluntatem
549 1393 558 1418 :
580 1382 635 1417 sic
656 1384 765 1421 Serv.

44 1448 83 1476 et
99 1439 177 1477 alii.
197 1440 365 1489 Accipio
386 1439 435 1476 de
452 1439 560 1483 fatis,
583 1451 673 1487 quae
691 1441 765 1477 Ju-

42 1497 161 1534 nonis
176 1496 315 1534 odium
331 1496 489 1533 fecerat.
509 1496 640 1533 Fatale
658 1498 765 1533 enim

43 1564 148 1601 erat,
170 1563 216 1592 ut
235 1555 422 1592 Hercules
453 1553 501 1590 ad
523 1553 763 1604 explendam

42 1614 68 1651 J
72 1614 218 1650 unonis
232 1614 330 1649 iram
352 1620 411 1649 tot
434 1612 589 1649 labores
607 1613 760 1661 perfer-

41 1678 125 1717 ret,
145 1672 199 1707 ita
222 1678 267 1707 ut
284 1683 334 1707 ne
350 1671 512 1720 Jupiter
531 1668 692 1719 quidem
711 1671 760 1706 iis

40 1728 249 1766 exsolvere
269 1741 312 1765 ac
330 1728 496 1765 liberare
512 1726 674 1765 valeret.
695 1729 760 1766 sic

42 1789 102 1824 lx
116 1814 127 1831 ‚
150 1799 165 1823 1
176 1786 228 1824 35
247 1784 434 1837 Satsacis
450 1784 675 1835 Venerique
691 1785 761 1822 da-

42 1853 138 1881 taln-

102 1904 199 1951 ²93·
240 1901 380 1939 Suavis
395 1901 526 1947 etjam
549 1900 759 1938 Macrobio

41 1962 100 1996 VI
115 1988 125 2005 ,
147 1960 173 1996 6
194 1957 297 1995 med.
328 1958 535 1995 observata
554 1959 762 1996 conversio

38 2018 82 2054 in
101 2015 313 2055 secundam
327 2027 536 2066 personam
559 2015 760 2062 hocloco,

41 2088 119 2126 qua
138 2075 249 2112 docti
268 2082 396 2124 poetae
411 2072 522 2109 haud
538 2086 625 2110 raro
644 2081 761 2110 utun-

39 2141 131 2179 tur,
154 2141 202 2170 ut
227 2134 368 2169 Horat.
388 2132 428 2168 II
453 2132 582 2169 Carm.
611 2143 684 2180 19,
710 2133 757 2169 13

44 2193 81 2228 T
77 2205 102 2227 ιι
120 2190 258 2244 flectis
279 2199 420 2226 amnes
431 2204 447 2234 ,·
471 2189 591 2226 etiam
622 2201 760 2226 recen·

40 2250 161 2286 tiores
179 2260 188 2286 :
209 2248 341 2285 videas
359 2261 397 2285 v.
417 2260 450 2284 c.
466 2246 627 2284 Milton.
647 2249 692 2284 P.
713 2248 758 2285 L.

40 2309 91 2345 B.
110 2309 182 2352 IV,
210 2319 317 2354 1720
331 2318 416 2356 sqq.
435 2303 669 2356 Il’ubtgenas
682 2306 761 2354 Hy·

40 2364 159 2402 laeum
187 2363 436 2413 Pholumque
467 2362 686 2400 Centauros
719 2376 757 2400 v.

40 2422 187 2474 Georg.
206 2424 265 2470 ΙΙ,
299 2422 396 2468 456,
419 2421 526 2468 457;
555 2420 604 2457 ad
628 2420 699 2457 hos
720 2429 759 2457 et

41 2479 92 2518 ad
119 2493 226 2531 seqq.
258 2480 365 2518 conf.
395 2477 584 2528 Apollod.
611 2480 673 2523 11,
705 2479 755 2524 5,

46 2545 69 2582 4
93 2550 202 2589 seqq.
229 2538 362 2576 Cresia
384 2535 573 2588 prodigia
588 2564 599 2582 ‚
619 2534 754 2589 τέρας,

39 2604 180 2633 taurus
211 2597 400 2635 Cnossius
425 2607 434 2633 :
463 2607 581 2645 quem
619 2596 757 2631 vivum

41 2653 92 2691 ad
106 2654 377 2706 Eurystheum
393 2651 606 2690 adduxisse
623 2665 755 2689 narra-

44 2718 123 2748 tur.
147 2713 253 2764 Ergo
274 2720 428 2749 mactas
442 2710 560 2749 solito
577 2723 687 2747 more
703 2713 759 2748 ita

42 2769 201 2820 posuit,
231 2777 300 2818 ut,
330 2771 403 2808 etsi
420 2768 470 2807 de
496 2781 580 2807 uno
601 2777 756 2806 tantum

253 2850 341 2894 ΙΙΙ.

836 1032 999 1084 proprie
1023 1032 1176 1071 dietum
1191 1062 1201 1080 ‚
1228 1033 1412 1084 pluribu's
1439 1048 1561 1073 mem-

837 1092 920 1129 bris
957 1100 1057 1129 esset
1091 1091 1432 1130 accommodatum
1446 1123 1457 1140 ‚
1494 1104 1561 1132 aut

837 1151 953 1188 aliam
975 1150 1151 1186 fabulam
1172 1158 1365 1200 sequutus
1381 1159 1452 1189 est.

897 1209 1003 1258 296,
1029 1221 1125 1258 297.
1146 1210 1350 1245 Descensu
1376 1210 1559 1247 Herculis

838 1266 887 1303 ad
919 1270 1071 1304 Orcum
1102 1266 1205 1303 facto
1219 1294 1230 1311 ‚
1264 1274 1309 1302 ut
1340 1267 1558 1305 Cerberum

836 1324 1072 1371 adduceret,
1094 1324 1206 1362 Iliad.
1225 1324 1243 1360 Θ
1258 1352 1268 1369 ,
1288 1324 1366 1361 368
1384 1339 1394 1371 ;
1413 1325 1557 1376 Odys&

835 1387 881 1429 λ,
905 1383 1003 1420 622.
1028 1404 1085 1410 -
1115 1383 1212 1432 298.
1242 1381 1405 1427 Facies,
1426 1396 1558 1420 mons-

837 1449 915 1486 tra,
934 1453 1022 1489 quae
1053 1441 1095 1476 in
1120 1439 1256 1476 inferis
1275 1440 1555 1479 occurrebant.

831 1501 924 1535 AEn.
946 1498 1006 1533 VI
1024 1525 1034 1542 ‚
1064 1497 1146 1534 285
1173 1510 1258 1547 sqq.
1291 1497 1435 1545 Hydra
1465 1500 1556 1536 Ler-

830 1568 922 1592 naea
932 1556 1011 1603 jam
1021 1554 1080 1591 ibi
1093 1562 1399 1592 commemorata
1415 1567 1425 1593 ε
1443 1569 1553 1593 nunc

833 1611 1031 1663 Typhoens
1049 1612 1207 1649 additur
1221 1641 1232 1659 ‚
1254 1626 1375 1662 quem
1393 1613 1436 1650 in
1457 1616 1554 1652 Tar-

828 1678 959 1708 tarum
985 1671 1152 1708 fulmine
1184 1670 1393 1708 detrusnm
1421 1671 1555 1709 edide-

827 1737 888 1765 rat
917 1741 1079 1779 quoque
1107 1729 1269 1766 Hesiod.
1313 1732 1433 1783 Θεογ.
1469 1731 1550 1767 853

827 1799 912 1836 sqq.
937 1786 1034 1834 867.
1049 1787 1242 1824 Orionem
1258 1787 1302 1822 in
1321 1786 1459 1823 inferis
1476 1787 1554 1824 col-

826 1843 975 1880 locavit
997 1846 1191 1880 Homerus
1220 1842 1365 1894 Odyss.
1397 1847 1444 1890 λ,
1470 1845 1547 1892 571

828 1909 866 1937 et
884 1914 970 1951 sqq.
991 1899 1051 1937 Ad
1068 1913 1321 1937 communem
1342 1909 1475 1938 autem
1495 1904 1554 1939 in-

829 1966 1048 2008 terpretum
1072 1971 1224 1995 morem
1246 1959 1453 2008 jungimus
1471 1972 1548 1999 vss.

830 2016 938 2065 298,
962 2017 1043 2053 300
1079 2028 1171 2052 cum
1208 2015 1547 2055 antecedentibus.

827 2074 1018 2123 Alioqui,
1040 2074 1073 2110 si
1090 2074 1303 2110 sententias
1322 2082 1360 2110 et
1377 2074 1476 2111 facta
1495 2088 1550 2112 se-

824 2132 989 2182 jungas,
1013 2130 1180 2168 alterum
1195 2131 1243 2168 ad
1261 2144 1434 2183 pugnam
1453 2132 1547 2170 deo-

827 2202 917 2225 rum
960 2202 1052 2226 cum
1091 2188 1330 2240 Gigantibus
1348 2218 1359 2236 ‚
1399 2190 1548 2241 quibus

826 2246 1056 2297 Typhoeum
1078 2259 1285 2284 accensere
1303 2247 1433 2285 solent
1451 2261 1548 2299 poe·

826 2313 875 2341 tae
886 2333 896 2350 ‚
911 2304 1078 2342 alterum
1095 2305 1145 2342 ad
1164 2304 1332 2356 hydram
1344 2308 1545 2343 Lernaeam

825 2362 929 2413 apud
973 2364 1158 2401 Nemeam
1206 2363 1374 2400 occisam
1408 2364 1546 2401 referri

824 2429 1002 2470 poterat:
1019 2429 1065 2458 ut
1084 2420 1383 2458 confundantur
1400 2424 1547 2460 Hercu-

822 2478 878 2515 les
893 2478 971 2516 illae
988 2479 1161 2529 antiquae
1179 2479 1380 2530 religionis
1393 2488 1432 2517 et
1446 2481 1546 2519 The-

824 2536 952 2573 banus
983 2537 1196 2583 Hercules3
1215 2536 1326 2587 quod
1353 2551 1428 2576 nec
1459 2540 1544 2576 sine

824 2594 1008 2644 exemplo
1037 2592 1163 2633 fieret.
1180 2618 1239 2624 —
1258 2608 1354 2645 299.
1382 2597 1544 2634 Arduus

822 2652 1009 2703 praeclare
1045 2653 1264 2701 adjectum3
1291 2662 1398 2691 stans
1435 2657 1541 2692 enim

823 2719 978 2747 erectus
994 2719 1100 2749 vasta
1122 2712 1302 2764 corporis
1318 2713 1447 2762 specie
1468 2721 1543 2750 ter·

823 2781 909 2806 rere
927 2777 1081 2819 poterat
1103 2770 1171 2809 ille
1192 2782 1202 2809 :
1233 2768 1398 2808 racionis
1425 2783 1543 2824 egen-

1290 2864 1348 2909 27
