1767 3054
162 72 210 107 32
790 73 1031 111 AENEIDOS

222 148 391 191 AEucas
415 144 587 208 quibus
609 142 657 189 in
677 144 842 191 mediis
865 146 930 191 sic
955 145 1124 192 deinde
1144 147 1328 194 locutus
1353 167 1362 193 :

160 244 177 261 «
199 221 418 283 Adcipite
442 221 544 267 haec
569 220 756 278 animis,
778 221 1000 283 laetasque
1023 221 1253 269 advertite
1274 223 1455 270 mentis.

159 300 311 343 Nemo
333 313 391 343 ex
410 297 502 343 hoc
523 313 720 343 numero
739 297 856 342 mihi
880 313 976 343 non
997 299 1198 347 donatus
1222 299 1371 346 abibit
1394 317 1403 343 :

1594 309 1655 340 305

159 372 359 418 Gnossia
381 371 493 418 bina
514 371 638 418 dabo
662 373 817 417 levato
842 372 999 418 lucida
1020 373 1146 419 ferro

160 444 371 506 Spicula,
396 447 699 508 caelatamque
719 457 912 508 argento
938 446 1060 493 ferre
1082 447 1337 511 bipennem
1359 466 1369 492 :

159 519 392 566 Omnibus
418 520 494 565 hic
522 521 612 565 erit
633 536 753 565 unus
779 519 944 567 honos.
971 524 1086 568 Tres
1111 523 1305 585 praemia
1328 522 1470 585 primi

156 594 431 656 Adcipient,
457 595 672 656 flavaque
697 605 840 657 caput
863 607 1112 643 nectentur
1138 598 1275 644 oliva.

157 670 339 715 Primus
361 685 535 731 equum
559 669 765 732 phaleris
788 669 1017 732 insignem
1037 671 1191 717 victor
1212 672 1412 732 habeto;

1595 683 1653 712 310

154 746 288 791 Alter
307 745 614 791 Amazoniam
633 745 928 806 pharetram,
955 746 1237 808 plenamque
1262 747 1443 810 sagittis

156 821 409 878 Threiciis,
435 821 531 866 lato
552 836 694 882 quam
718 820 1122 881 circumplectitur
1146 837 1263 867 auro

157 897 366 955 Balteus,
392 906 437 941 et
463 895 601 941 tereti
625 894 861 941 subnectit
887 895 1032 940 fibula
1057 912 1254 958 gemma.

158 973 345 1018 Tertius
371 971 594 1033 Argolica
618 971 706 1016 hac
728 971 858 1032 galea
881 981 1128 1018 contentus
1155 972 1298 1019 abito,
1327 994 1346 1013 »

224 1049 336 1092 Haec
357 1045 442 1091 ubi
466 1045 614 1103 dicta;
639 1045 798 1090 locum
818 1045 1034 1106 capiunt,
1059 1047 1288 1108 signoque
1313 1060 1506 1110 repente

1598 1059 1657 1090 315

158 1121 440 1183 Conripiunt
457 1121 608 1182 spatia
632 1119 817 1177 auditO,
842 1119 1078 1181 limenque
1103 1121 1376 1182 relinquunt

157 1196 307 1242 Effusi
331 1194 494 1242 nimbo
520 1194 716 1253 similes;
742 1194 880 1240 simul
900 1194 1065 1240 ultima
1090 1194 1287 1257 signant.

155 1392 397 1435 adventant,
428 1399 650 1441 paupertas
705 1403 871 1441 quorum

155 1450 339 1487 obscurat
355 1449 601 1486 nomina.—
613 1449 708 1486 303.
727 1448 874 1498 Vulga-

156 1521 198 1544 re
217 1519 227 1546 :
250 1509 291 1544 in
320 1520 494 1557 quorum
529 1507 673 1545 medio.
693 1525 752 1534 —-
775 1507 871 1544 305.

153 1554 376 1619 Ᾰγέραστες
401 1566 602 1602 Homeric.
624 1566 726 1602 Mox
751 1564 872 1601 Cnos-

154 1623 216 1659 sia
234 1625 353 1676 (sup.
375 1624 434 1659 III
448 1652 458 1670 ,
483 1636 498 1659 1
512 1623 560 1660 15
576 1651 585 1669 ,
616 1621 722 1672 104)
744 1621 872 1671 spicu-

155 1681 196 1717 la
215 1696 253 1719 v.
274 1694 362 1731 sup.
381 1681 463 1718 Ecl.
484 1683 543 1727 X,
566 1682 640 1730 593
660 1680 811 1718 Gallim.
829 1681 872 1716 in

153 1739 274 1789 Apol.
297 1740 363 1776 33.
381 1741 430 1776 Et
452 1738 665 1789 bipennem
687 1745 870 1788 argenteo

153 1796 388 1841 manubrio,
416 1797 536 1847 signis
573 1796 739 1842 caelatis,
764 1794 805 1832 h.
834 1808 866 1832 e.

154 1855 396 1890 ornamentis
432 1854 648 1904 exsculptis
661 1881 671 1899 ,
711 1859 864 1890 ornato.

153 1912 256 1948 Mox
282 1925 381 1947 unus
401 1910 465 1948 hic
488 1920 545 1948 est
568 1911 672 1948 idem
701 1918 739 1948 et
760 1923 868 1947 com-

153 1969 283 2005 munis
315 1970 418 2006 inter
460 1982 596 2007 omnes
637 1967 759 2005 honos
801 1980 869 2004 seu

152 2028 373 2076 praemium.
744 2027 748 2030 ’

214 2085 309 2134 309.
351 2083 570 2134 Accipiunt
602 2085 745 2123 Hamb.
790 2096 867 2121 sec.

154 2142 317 2192 Fulvaq.
330 2152 388 2180 est
407 2155 468 2192 ap.
493 2144 600 2180 Serv.
616 2143 667 2180 ad
678 2145 748 2189 IV,
769 2142 864 2179 261.

153 2200 213 2235 De
237 2200 369 2236 colore
392 2199 564 2237 dubitari
591 2210 629 2237 et
647 2200 754 2245 alba,
779 2208 866 2236 ton-

154 2268 220 2300 sa,
239 2256 433 2305 pulchra,
460 2259 602 2294 tentari
621 2257 758 2303 vide03
775 2265 869 2293 sunt

156 2313 261 2350 enim
298 2314 392 2351 alias
427 2313 598 2364 epitheta
638 2315 753 2351 olivae
769 2342 778 2360 ,
821 2322 869 2350 ut

155 2372 206 2407 sit
235 2371 353 2416 alba,
386 2372 527 2422 pulla,
554 2371 722 2417 viridis,
748 2372 867 2422 glau-

155 2441 217 2466 ca.
261 2429 419 2468 Scilicet
450 2438 544 2466 sunt
563 2430 670 2465 varia
693 2429 869 2466 olearum

156 2498 322 2536 genera,
342 2496 382 2525 et
408 2495 536 2523 mutat
563 2486 666 2523 oliva
696 2486 870 2523 colorem

155 2544 238 2593 ipsa
272 2547 511 2583 maturitate,
545 2543 742 2582 Laudatur
769 2555 869 2594 quo-

157 2613 234 2649 que
276 2599 410 2647 ξανθῆς
454 2599 584 2646 ἐλαίας
623 2599 771 2654 καρπὸς
786 2631 795 2648 ,
819 2612 870 2637 ex

158 2659 283 2695 Persis
309 2661 498 2711 AEschyli.
533 2661 757 2697 Nectuntur
784 2663 868 2698 Ru-

159 2712 297 2755 finiam.
320 2726 358 2754 et
387 2721 493 2757 Serv.
520 2717 625 2768 apud
647 2719 861 2756 Burmann.

939 1399 1148 1428 nectantur
1183 1390 1304 1428 Goth.
1352 1398 1440 1428 tert.
1477 1399 1655 1429 nectetm·

940 1449 1060 1486 Goth.
1091 1462 1169 1487 sec.
1180 1471 1238 1478 —-
1250 1450 1270 1486 3
1282 1461 1396 1486 10—
1407 1449 1502 1487 320.
1528 1452 1654 1487 Ama-

939 1506 1062 1542 zonia
1089 1516 1127 1544 et
1155 1506 1367 1553 Threicice,
1397 1506 1568 1557 epitheta
1592 1521 1654 1546 or-

940 1565 1096 1611 nantia,
1116 1577 1136 1601 a
1154 1565 1475 1615 praestantissimo
1495 1577 1652 1616 genere,

939 1630 986 1658 ut
1017 1635 1102 1660 mos
1145 1624 1286 1672 poeu's.
1337 1622 1414 1661 Sed
1459 1623 1653 1674 Argolica

934 1679 1060 1730 galea
1072 1709 1082 1726 ‚
1118 1681 1313 1731 peculiare
1352 1692 1487 1730 genuS.
1533 1681 1650 1719 Conf.

937 1749 1023 1787 sup.
1046 1740 1106 1784 II,
1128 1738 1210 1788 389
1230 1751 1288 1787 sq.
1310 1744 1406 1782 412.
1432 1739 1496 1774 Ex
1514 1737 1653 1788 phare-

937 1802 995 1831 tra
1027 1804 1141 1845 aptus
1171 1795 1323 1832 balteus
1358 1794 1462 1832 latus
1494 1804 1652 1833 auratus

934 1850 949 1901 (
967 1852 1119 1889 balteus
1162 1853 1246 1890 lato
1279 1865 1376 1888 auro
1392 1851 1431 1903 ),
1460 1852 1508 1889 ad
1540 1855 1651 1902 cujus

935 1922 1046 1946 oram
1077 1908 1200 1947 fibula
1229 1918 1423 1961 gemmata
1452 1919 1532 1958 est,
1573 1924 1651 1961 qua

934 1967 1000 2004 ille
1019 1981 1071 2004 ex
1091 1967 1266 2006 humeris
1284 1966 1472 2018 suspendi
1492 1976 1624 2019 potest
1640 1982 1650 2007 ε

937 2033 978 2061 ec
999 2024 1134 2077 fibula
1146 2054 1157 2072 ,
1193 2025 1308 2063 tereti
1330 2038 1493 2076 gemma
1503 2054 1525 2071 ,‚
1563 2026 1650 2062 sub-

937 2082 1060 2119 nectit
1073 2083 1246 2120 balteum
1259 2111 1269 2130 ,
1294 2084 1418 2119 nectit
1430 2111 1440 2129 ‚
1465 2095 1553 2120 oras
1573 2084 1650 2121 col·

934 2140 1040 2192 ligat.
1068 2141 1118 2179 cf.
1140 2154 1227 2192 sup.
1252 2139 1301 2177 ad
1316 2141 1389 2186 IV,
1413 2141 1491 2189 139
1513 2143 1650 2178 Aurea

926 2212 1171 2248 purpuream
1199 2197 1392 2235 subnectit
1399 2197 1535 2251 fibula
1555 2211 1648 2236 ves-

934 2266 1026 2294 tem.
1046 2257 1188 2294 Omm'a
1207 2260 1356 2293 ornate.

995 2315 1091 2352 315.
1130 2312 1345 2363 Accipiunt
1383 2311 1466 2350 duo
1509 2313 1645 2352 Burm.

936 2371 1075 2421 Spatio
1085 2370 1192 2408 Gud.
1206 2383 1225 2407 a
1243 2383 1295 2408 m.
1312 2383 1373 2420 pr.
1390 2377 1437 2406 ut
1449 2378 1486 2407 et
1498 2370 1541 2406 in
1553 2383 1647 2420 pro-

933 2429 1067 2466 letaria
1085 2428 1257 2466 editione
1277 2428 1477 2478 Gottingae
1502 2441 1648 2465 excusa

936 2499 1166 2537 expressum
1209 2484 1425 2522 videa—3
1436 2498 1452 2521 ι
1462 2485 1571 2523 5-3
1582 2498 1597 2522 1
1608 2499 1627 2533 7
1636 2515 1646 2525 .

936 2546 1035 2581 Hoec
1044 2543 1259 2580 ubi—sunt
1270 2555 1343 2593 pro
1354 2554 1363 2580 :
1377 2543 1575 2583 Curritur.
1594 2543 1648 2581 cf.

935 2601 1045 2639 niad.
1065 2597 1104 2651 ψ,
1122 2601 1201 2648 753
1215 2613 1299 2650 sqq.
1321 2599 1479 2648 Limen,
1496 2599 1644 2646 νύσσην,

935 2657 1093 2699 utibid.
1117 2672 1156 2696 v.
1184 2658 1290 2705 7583
1313 2657 1456 2709 Odyss.
1476 2659 1521 2706 θ,
1551 2670 1644 2695 121.

931 2715 1060 2754 Simul
1085 2715 1226 2754 ultima
1253 2715 1444 2769 signant,
1481 2723 1622 2754 notant
1633 2742 1654 2761 ‚.
