1767 3054
634 136 787 175 LIBER
816 134 930 173 vm.

49 207 318 255 Evandrum
341 223 397 255 cx
421 205 587 253 humili
613 218 736 253 tecto
759 208 842 253 lux
866 204 1058 253 suscitat
1083 203 1226 266 alma,

1464 143 1542 189 '529

1481 219 1543 254 455

0 284 1 300 ¹
47 286 105 329 Et
128 283 344 330 matutini
363 281 611 328 volucrum
631 281 720 328 sub
743 281 945 328 culmine
970 290 1148 328 cantus.

47 357 296 420 Consurgit
315 356 495 414 senior,
522 357 773 419 tunicaque
798 355 1038 402 inducitur
1062 367 1217 413 artus,

46 435 105 478 Et
126 431 370 494 Tyrrhena
394 433 567 494 pedum
592 432 852 480 circumdat
877 431 1064 478 vincula
1088 430 1282 493 plantis;

44 507 164 551 Tum
187 505 322 552 lateri
342 516 482 568 atquc
508 507 716 553 humeris
740 510 987 569 Tegeaeum
1011 505 1216 568 subligat
1239 520 1420 565 ensem,

44 580 257 628 Demissa
278 581 337 628 ab
361 582 477 628 laeva
499 582 739 644 pantherae
764 593 895 644 terga
918 590 1212 642 retorquens.

1476 591 1539 631 460¹

45 655 144 702 Nec
167 670 262 701 non
286 667 331 703 et
354 656 526 718 gemini
548 656 764 704 custodes
786 655 945 702 limine
966 654 1026 702 ab
1051 654 1145 701 alto

48 819 158 870 quod
174 820 402 859 Evandrum
421 836 521 861 vers.
545 824 622 868 461
641 851 651 869 ,
675 825 755 869 452

49 877 131 915 duo
148 891 261 916 canes
278 881 541 919 comitantur:
557 895 594 919 v.
613 881 756 932 Od5ss.

49 931 98 983 β,
119 948 156 973 v.
180 949 222 973 11
243 949 253 981 3
277 950 320 989 ρ,
342 937 476 974 62.--
496 939 591 981 455.
614 939 759 976 Wake-

49 991 143 1030 field
169 994 275 1031 Silva
294 995 379 1031 crit.
399 995 478 1031 vol.
499 998 550 1040 V,
575 1007 662 1043 pag.
691 1009 757 1041 77,

50 1049 178 1087 tribus
189 1079 199 1097 ,
223 1059 268 1088 ut
284 1052 483 1100 opinatur,
502 1050 652 1088 mendis
668 1051 760 1088 snb-

49 1107 138 1145 latis
152 1107 248 1159 legit
267 1120 276 1145 :
299 1108 527 1144 Evandrum
546 1121 599 1144 ex
617 1107 762 1144 humili

49 1164 154 1203 lecto
184 1166 256 1202 lux
279 1165 442 1201 suscitat
462 1165 547 1202 alba
562 1193 573 1211 ,
605 1166 661 1201 Ee
679 1178 760 1202 ma-

50 1223 201 1260 tutinos
235 1222 441 1258 volucrum
481 1221 550 1258 sub
588 1222 761 1259 culmine

49 1289 203 1318 cantus.
225 1281 350 1317 Docte
375 1279 460 1317 haec
484 1280 630 1316 variata
653 1292 759 1326 esse,

51 1337 235 1375 lubenter
263 1336 489 1375 concedam.
520 1339 575 1374 At
601 1349 690 1387 quae
715 1337 762 1374 li-

52 1394 220 1432 brorum
255 1396 486 1433 auctoritate
516 1395 769 1445 accepimns„

52 1452 242 1503 praeclara
266 1459 306 1489 et
326 1455 434 1504 epica
463 1460 568 1490 sunt.
588 1474 646 1480 —-
664 1452 761 1496 456.

55 1509 133 1546 Sub
152 1509 345 1555 culmine,
369 1523 465 1547 casae
483 1509 671 1548 Evandri.
685 1510 763 1546 Mi-

54 1568 152 1604 reris
168 1567 269 1604 sorte
283 1595 294 1614 ,
310 1567 386 1605 hoc
409 1575 476 1605 aut
493 1568 617 1604 otiose
634 1565 762 1614 adjec-

55 1631 140 1661 tum
152 1652 163 1670 ,
191 1633 260 1662 aut
276 1632 322 1661 ut
341 1638 431 1662 aves
452 1625 516 1662 vel
539 1633 676 1666 cantus
693 1624 762 1661 sub

54 1681 227 1718 culmine
245 1682 347 1728 sint;
371 1690 515 1719 suntne
531 1684 653 1734 igitur
669 1681 762 1733 galli

53 1739 257 1790 gallinacei
309 1739 554 1791 intelligendi
588 1741 606 1776 P
661 1742 762 1778 Nam

55 1795 190 1846 (qnod
220 1797 337 1833 etiam
370 1796 617 1834 Wernsdorf.
652 1800 762 1835 Poet.

55 1856 138 1891 Lat.
162 1854 258 1890 min.
279 1862 334 1890 to.
353 1855 408 1899 V,
433 1856 474 1890 P.
498 1855 576 1899 III,
593 1866 631 1902 p.
657 1855 763 1898 1465

55 1909 244 1949 laudabat
270 1923 321 1946 ex
348 1910 503 1947 Auson.
534 1910 698 1960 prem.
724 1913 742 1947 Ι
758 1939 768 1957 ,

58 1981 119 2019 pr.
141 1970 235 2004 Iam
254 1966 393 2017 strepit
404 1965 507 2002 nidis
523 1966 686 2018 vigilax
705 1966 765 2005 lai-

59 2023 186 2061 mndo
209 2023 224 2073 )
248 2023 482 2060 hirundines
507 2037 590 2060 non
613 2023 725 2062 facile
746 2038 766 2062 e

57 2094 198 2120 somno
220 2082 391 2118 excitant
409 2080 669 2128 dormientes;
693 2095 766 2120 nec

59 2139 107 2176 ad
129 2139 238 2176 hunc
256 2151 373 2176 usum
396 2151 417 2175 a
430 2139 556 2189 poetis
572 2138 768 2177 advocan-

60 2205 138 2234 tur.
151 2195 225 2235 Sed
242 2209 293 2232 ex
308 2204 434 2245 poetae
445 2196 606 2233 meliore
615 2197 767 2243 judicio

62 2255 195 2291 avium
215 2254 256 2290 in
284 2252 456 2289 culmine
480 2266 576 2290 caste
602 2256 767 2292 omnino

61 2318 202 2349 cantus
230 2324 321 2348 cum
347 2311 440 2348 solis
466 2319 558 2347 ortu
589 2312 768 2349 renovati

60 2367 304 2421 intelligendi
319 2376 434 2406 sunt:
453 2381 525 2404 nec
545 2369 769 2418 accipienda

62 2425 208 2481 verba,
236 2427 348 2476 quasi
365 2433 502 2462 cantus
522 2427 655 2463 avium
684 2427 769 2474 ejus

63 2495 245 2521 somnum
261 2482 590 2533 interpellaverim
607 2483 675 2521 sed
691 2483 768 2521 sub

62 2538 163 2578 lucia
180 2548 314 2579 ortum
329 2548 369 2577 et
384 2540 593 2577 volucrum
606 2549 766 2578 cantum

67 2609 158 2634 eum
176 2597 387 2649 evigilasse.
406 2620 464 2626 —
482 2599 577 2642 458.
599 2597 764 2646 [whe-

66 2666 124 2690 πα
149 2667 194 2706 p.
212 2654 381 2693 vincula
398 2669 412 2691 .·
433 2663 595 2693 ornatus
631 2668 764 2693 caussa

64 2712 239 2750 Tuscum
271 2712 578 2750 calceamentum
617 2714 762 2764 posuit.

63 2768 221 2807 Servius
239 2781 250 2808 :
269 2785 290 2803 ι
313 2769 411 2809 dicit
434 2770 612 2822 crepidas
632 2798 643 2819 ,
668 2783 764 2823 quas

822 825 953 876 primo
984 822 1159 860 habuere
1181 823 1413 869 Senatores,
1448 832 1537 874 post

824 883 974 932 equites
993 881 1161 919 Romani
1175 908 1185 926 ,
1206 893 1315 917 nunc
1337 881 1494 919 milites,
1519 900 1536 912 n

824 940 930 977 conf.
948 938 1086 977 Cerda.
1104 937 1169 976 Ad
1189 938 1369 975 lunulam
1385 947 1539 976 senato-

824 998 923 1030 riam
942 1001 1102 1031 revocat
1128 994 1300 1030 vincula
1330 995 1537 1043 Tyrrhena

825 1053 1006 1087 Viscont.
1051 1050 1100 1086 ad
1141 1050 1311 1087 Herodis
1352 1054 1537 1102 Inscript.

826 1120 914 1158 pag.
948 1108 1015 1144 81.
1049 1107 1177 1145 Nimis
1208 1107 1405 1145 subtiliter
1444 1122 1537 1146 san-

827 1165 939 1201 dalia
959 1163 1202 1212 Ίζφτνήεηῖεα
1222 1177 1242 1201 e
1261 1165 1413 1204 Polluc.
1431 1169 1537 1205 Ono-

826 1230 936 1259 mast.
970 1223 1050 1258 VII
1075 1250 1086 1266 ‚
1128 1236 1160 1259 s.
1199 1233 1252 1271 92
1267 1249 1277 1268 ,
1310 1223 1362 1271 93
1398 1224 1538 1273 aliquis

827 1279 907 1316 huc
934 1287 1106 1317 revocet.
1128 1280 1255 1318 Simili
1278 1289 1511 1319 ornamento
1526 1310 1536 1323 ,

827 1338 1021 1387 pati-ium,
1054 1336 1316 1383 Arcadicum,
1353 1351 1423 1375 seu
1468 1341 1539 1375 Te-

824 1407 982 1446 geaeum
1001 1407 1133 1431 ensem
1147 1394 1275 1440 dedit;
1295 1396 1366 1432 etsi
1382 1395 1540 1434 nullum

827 1451 904 1489 hoc
931 1452 1127 1503 insignius
1161 1453 1265 1489 ensis
1299 1465 1422 1503 genus
1448 1452 1538 1491 fuit.

829 1531 886 1538 —
908 1509 1003 1554 460.
1036 1511 1209 1548 Ornatus
1231 1522 1367 1547 versus
1387 1521 1397 1546 ε
1418 1512 1539 1548 amic-

830 1575 893 1603 tus
915 1566 1018 1618 pelle
1032 1595 1043 1610 ,
1067 1579 1116 1604 ex
1133 1566 1275 1604 dextro
1294 1566 1462 1605 humero
1482 1581 1539 1606 re-

829 1632 932 1661 torta
947 1626 991 1660 in
1004 1624 1152 1661 laevnm
1169 1624 1292 1662 latus:
1310 1624 1450 1662 habitu
1464 1628 1539 1677 sig-

828 1694 971 1720 norum
988 1683 1246 1720 Herculis.—
1265 1681 1361 1727 461.
1384 1682 1542 1721 Limine

829 1739 878 1776 ab
907 1740 992 1776 alto
1021 1739 1281 1776 Marklandus
1308 1739 1356 1776 ad
1376 1740 1469 1778 Stat.
1499 1744 1539 1784 1,

838 1809 853 1832 1
869 1824 880 1842 ,
907 1798 959 1841 46
978 1796 1232 1847 reprehendit
1262 1805 1448 1846 tanquam
1472 1797 1539 1834 ab·

831 1853 1016 1899 surdum,
1042 1867 1168 1904 quum
1194 1853 1332 1904 paullo
1363 1862 1452 1890 ante
1481 1854 1540 1891 di-

831 1911 952 1947 xisset
980 1919 1120 1960 poeta,
1145 1909 1288 1947 humili
1318 1919 1432 1947 tecto.
1464 1913 1542 1949 De-

832 1967 957 2004 fendit
974 1969 1224 2005 Burmannus
1240 1968 1338 2004 mira
1354 1969 1544 2018 interpre-

834 2026 982 2062 tatione
994 2053 1005 2070 ,
1026 2025 1150 2062 altum
1168 2038 1248 2062 esse
1261 2025 1383 2062 limen
1400 2024 1542 2062 domus

832 2082 875 2118 in
899 2090 1032 2120 monte
1053 2083 1205 2132 positae.
1238 2082 1321 2122 Nec
1344 2080 1422 2119 hoc
1450 2096 1543 2132 pro-

834 2139 955 2185 cedit,
976 2148 1019 2176 ut
1039 2139 1157 2176 limen
1174 2140 1338 2190 proprie
1357 2141 1540 2190 accipias,

833 2205 872 2232 et
902 2196 1038 2246 paullo
1067 2196 1204 2233 altiore
1230 2196 1357 2247 gradu
1382 2209 1543 2248 surgere

833 2252 952 2290 dicas.
972 2256 1057 2291 Aut
1080 2252 1389 2303 amplectendam
1409 2255 1544 2305 itaque

832 2323 993 2360 prorsus
1033 2309 1261 2348 Marklandi
1299 2311 1541 2349 emendatio-

834 2380 924 2405 nem
938 2397 948 2415 ,
972 2366 1111 2405 limine
1128 2367 1179 2404 ab
1195 2377 1304 2415 arto,
1321 2376 1389 2405 aut
1406 2369 1541 2407 dicen-

834 2423 930 2462 dum
958 2437 1117 2471 censeo,
1150 2433 1307 2476 poetam
1339 2425 1543 2475 epitheton

833 2482 968 2532 paullo
989 2476 1155 2520 otiosiu’s
1166 2491 1206 2520 et
1221 2481 1268 2519 ad
1287 2494 1541 2521 communem

832 2539 1015 2576 liminum
1031 2548 1211 2577 naturam
1227 2538 1438 2577 effinxisse.
1457 2544 1540 2579 On-

831 2609 940 2634 wens
973 2598 1088 2635 Noct.
1116 2598 1224 2650 Hag.
1263 2599 1341 2642 ΙΙΙ,
1382 2599 1455 2643 26,
1497 2611 1539 2648 p.

831 2656 910 2702 627
946 2653 1061 2691 aliam
1089 2655 1194 2692 viam
1215 2653 1461 2706 ingreditur,
1494 2665 1538 2693 ut

829 2721 986 2764 poetam
1003 2711 1107 2749 dicat
1121 2711 1352 2764 dignitatem
1371 2712 1538 2760 adjicere

829 2770 999 2809 voluisse
1034 2768 1184 2809 aedibus
1217 2781 1229 2807 τ
1258 2778 1304 2806 ut
1325 2782 1416 2808 sane
1450 2770 1542 2807 facit

1259 2848 1341 2896 28*
