1767 3054
201 144 279 187 2:34

825 139 1066 179 AENEIDOS

196 214 392 277 Inponit
414 212 576 276 regina
599 228 788 258 manum
813 230 821 256 :
850 215 945 259 ruit
969 211 1120 257 omnis
1144 212 1192 257 in
1220 209 1387 257 urbem

196 296 443 338 Pastorum
468 307 523 336 ex
550 290 648 335 acie
672 305 918 345 numerus,
946 305 1184 350 caesosque
1209 297 1452 351 reportant

196 367 444 413 Almonem
470 380 670 427 puerum
696 363 950 425 foedatique
976 379 1059 409 ora
1082 363 1274 420 Galaesi3

1634 371 1694 414 575

195 444 535 507 Inplorantque
561 441 695 497 deos,
722 440 1112 501 obtestanturque
1136 440 1372 485 Latinum.

195 520 384 564 Turnus
408 517 561 572 adest,
586 515 838 576 medioque
857 514 905 559 in
926 514 1120 560 crimine
1143 515 1282 560 caedis
1306 526 1352 560 et
1375 513 1495 577 ignis

195 597 449 640 Terrorem
469 591 752 653 ingeminat:
775 593 986 636 Teucros
1009 588 1058 634 in
1081 605 1222 651 regna
1246 590 1429 648 vocari;

196 668 402 729 Stirpem
425 665 675 712 admisceri
698 665 974 726 Phrygiam3
1002 679 1050 709 se
1071 663 1232 709 limine
1257 664 1380 726 pelli.

192 742 336 798 Tum,
361 756 566 803 quorum
592 739 815 786 adtonitae
840 737 1026 784 Baccho
1050 753 1245 784 nemora
1265 739 1370 784 avia
1393 750 1563 786 matres

1634 749 1693 779 580

196 817 430 863 Insultant
454 815 640 871 thiasis,
663 829 817 875 neque
837 813 963 858 enim
985 812 1088 857 leve
1112 827 1286 859 nomen
1306 816 1512 871 Amatae,

195 891 422 953 Undique
448 890 648 935 conlecti
672 898 867 945 coeunt,
892 891 1191 950 Martemque
1216 889 1428 952 fatigant.

193 967 327 1013 Ilicet
350 963 597 1011 infandum
619 963 776 1010 cuncti
801 974 965 1009 contra
990 964 1147 1016 omina
1166 963 1367 1022 bellum,

195 1043 370 1086 Contra
391 1040 486 1085 fata
505 1038 667 1095 deum,
692 1054 919 1101 perverso
938 1038 1130 1085 numine
1155 1049 1377 1101 poscunt3

195 1116 423 1163 Certatim
448 1114 572 1176 regis
593 1114 898 1161 circumstant
923 1125 1046 1161 tecta
1069 1114 1238 1161 Latini.

195 1285 329 1311 roseas
374 1271 534 1310 laniata
565 1285 721 1325 genas;
754 1272 910 1311 doctius

193 1331 353 1382 quidem
368 1360 378 1379 ‚
410 1331 479 1368 sed
502 1331 656 1369 durius·
675 1352 734 1360 -—·
753 1333 912 1369 Numen

195 1389 383 1434 invisum,
425 1386 596 1442 y.¹.o·r.ro'v.
632 1389 809 1426 Levabac
837 1390 910 1427 ele-

193 1455 332 1496 ganter
340 1460 430 1497 pro,
441 1447 705 1497 relinquebat.
718 1450 795 1485 Res
806 1448 911 1484 enim

193 1517 291 1555 quas
310 1505 607 1549 abominamur,
635 1513 800 1555 gravant
822 1518 908 1542 nOS.

255 1562 336 1609 573
355 1575 439 1612 sqq.
463 1561 653 1599 Praeclare
672 1561 756 1598 haec
775 1561 823 1598 ad
839 1560 913 1598 ποί-

195 1621 253 1663 θος
275 1619 533 1657 movendum.
555 1640 613 1647 —
635 1619 683 1666 57
694 1632 732 1665 7.
757 1621 813 1656 Ec
827 1618 915 1671 igni

195 1691 246 1715 ex
273 1676 419 1715 Medic.
455 1685 494 1714 et
517 1677 600 1713 aliis
631 1677 767 1715 Heius,
800 1690 911 1727 repo-

195 1743 347 1781 suerat,
368 1748 495 1785 quum
519 1743 610 1771 ante
635 1735 783 1771 lectum
813 1743 912 1772 esset

196 1802 237 1829 et
252 1793 358 1845 igne.
386 1794 605 1830 Burmann.
638 1792 772 1829 locum
795 1792 912 1830 habe-

193 1851 263 1888 bat
281 1859 523 1900 suspectum,
543 1863 668 1900 quum
687 1850 734 1887 de
750 1851 834 1901 igni
853 1852 913 1887 ni-

194 1908 254 1946 hil
282 1909 550 1959 praecesserit3
571 1908 620 1945 ad
641 1909 911 1956 conjecturam

197 1976 331 2003 tamen
357 1966 478 2002 caedis
504 1965 652 2016 iniquoe
674 1965 911 2004 descendere

196 2038 280 2062 non
301 2023 493 2069 debebat,
521 2036 648 2073 quum
670 2025 753 2075 ipse
775 2024 912 2062 lectio-

197 2083 259 2120 nis
290 2082 557 2119 diversitatem
592 2082 728 2121 laudet
754 2095 763 2120 :
797 2081 909 2133 ignis,

196 2141 324 2191 Atqui
365 2139 450 2175 haec
501 2140 585 2189 ipsa
627 2140 785 2191 vulgata
824 2148 914 2176 ante

197 2199 336 2235 Heius.
363 2205 445 2233 erat
477 2196 620 2243 lectio;
659 2210 781 2247 eaque
804 2196 914 2233 haud

199 2256 320 2292 dubie
347 2267 463 2299 vera,
490 2254 612 2291 modo
642 2255 915 2305 interpunctio

198 2320 375 2349 mutetur
399 2325 409 2350 ε
442 2311 652 2362 medioque
683 2312 724 2349 in
752 2312 915 2349 crimine

199 2369 213 2418 (
234 2371 336 2405 inter
385 2370 678 2407 criminationes
724 2372 914 2418 Trojano-

200 2426 318 2476 rum)
344 2426 462 2463 caedis
495 2436 535 2464 et
567 2426 671 2478 ignis
708 2430 913 2465 Terrorem

202 2483 452 2535 ingeminat,
490 2483 530 2521 h.
553 2483 777 2535 ingeminat
800 2495 915 2522 cerro-

202 2554 284 2578 rem
302 2540 421 2577 caedis
439 2548 478 2576 et
499 2540 601 2592 ignis
615 2557 631 2586 ,·
650 2544 824 2579 minatur
844 2556 916 2580 cae-

202 2598 292 2635 dem
319 2605 357 2633 et
383 2598 528 2646 ignem.
556 2620 613 2627 -—
643 2600 795 2636 Medias
813 2601 918 2638 inter

204 2656 498 2693 criminationes
512 2682 521 2696 ‚
551 2668 647 2705 quas
663 2657 704 2693 in
724 2659 916 2705 Trojanos

202 2715 316 2762 jacit,
339 2720 487 2748 metum
504 2712 631 2758 injicit
647 2714 730 2751 fore
749 2724 793 2751 ut
811 2715 916 2752 caede

204 2780 242 2810 et
255 2771 336 2823 igni
349 2769 478 2808 omnia
493 2770 742 2811 misceantur.
757 2773 806 2810 Se
818 2771 919 2811 limi-

1637 1126 1697 1159 585

979 1287 1029 1311 ne
1038 1273 1154 1324 pelli,
1175 1287 1250 1325 pro
1267 1286 1406 1325 regno,
1425 1272 1558 1319 domo,
1574 1273 1691 1324 regia.

1038 1333 1061 1370 5
1069 1333 1089 1369 8
1096 1334 1208 1370 0—5
1214 1334 1235 1369 8
1244 1345 1264 1369 2
1272 1362 1281 1371 .
1317 1332 1565 1370 Auctoritate
1593 1333 1695 1382 regi-

978 1404 1040 1427 nae
1060 1391 1249 1428 commoti
1263 1418 1273 1436 ,
1291 1388 1364 1427 filii
1387 1403 1457 1426 seu
1473 1390 1694 1439 propinqui

979 1449 1218 1485 feminarum
1238 1461 1326 1499 quae
1351 1446 1592 1484 Baccharum
1614 1459 1694 1483 mo-

977 1520 1020 1543 re
1044 1505 1195 1552 thiasis,
1219 1506 1371 1543 choreis
1390 1504 1591 1542 Bacchicis
1605 1532 1615 1550 ,
1635 1503 1694 1540 in-

977 1564 1130 1600 sulcant
1162 1577 1327 1601 nemora
1356 1561 1458 1613 (Ge.
1493 1564 1579 1608 III,
1615 1575 1631 1598 1
1645 1575 1689 1609 17

978 1620 1171 1658 insultare
1187 1620 1300 1671 solo)
1315 1650 1324 1667 ,
1341 1620 1490 1657 thiasos
1517 1621 1560 1656 in
1587 1619 1694 1656 silvis

978 1687 1101 1730 agunt
1120 1676 1187 1727 (v.
1223 1691 1311 1728 sup.
1339 1678 1418 1727 395
1433 1705 1442 1720 ,
1468 1677 1550 1727 396
1569 1676 1608 1729 ),
1629 1690 1694 1715 co-

979 1744 1099 1783 eunt,
1132 1743 1171 1773 et
1196 1738 1380 1773 Latinum
1415 1735 1567 1771 bellum
1602 1748 1693 1786 pos-

979 1802 1089 1832 cunt.
1117 1794 1281 1844 Proprie
1293 1792 1487 1845 fatigant
1507 1794 1692 1830 Latinum

980 1850 1222 1888 clamoribus
1262 1864 1307 1888 ac
1341 1850 1528 1902 precibus
1575 1864 1694 1900 super

978 1912 1104 1947 Marte
1119 1937 1129 1956 ,
1154 1922 1225 1946 seu
1241 1908 1347 1946 bello
1371 1907 1563 1946 faciendo.
1589 1909 1695 1945 Hinc

967 1966 1170 2018 fatigant,
1193 1974 1454 2017 exsposcunt,
1467 1965 1593 2016 ipsum
1614 1965 1695 2002 bel-

979 2025 1075 2062 lum.
1107 2025 1216 2063 Solet
1247 2026 1354 2061 enim
1370 2032 1498 2075 poetae
1509 2021 1696 2075 fatigare

980 2082 1029 2119 de
1052 2084 1099 2119 iis
1122 2082 1349 2120 actionibus
1364 2082 1449 2125 ,dici
1471 2083 1514 2119 in
1549 2081 1696 2131 quibus

981 2141 1068 2189 quis
1093 2140 1306 2191 fatigatur:
1327 2148 1385 2177 est
1410 2140 1534 2191 igitur
1567 2139 1694 2189 preci-

980 2196 1056 2234 bus
1074 2196 1273 2248 flagitare3
1297 2197 1402 2235 conf.
1420 2198 1493 2235 inf.
1512 2195 1562 2233 ad
1574 2197 1694 2242 VIII,

982 2261 1059 2304 94,
1085 2263 1124 2292 et
1145 2268 1233 2306 sup.
1261 2255 1310 2292 ad
1327 2257 1368 2301 Ι,
1395 2255 1491 2292 280.

1043 2313 1123 2350 583
1138 2341 1149 2360 ‚
1192 2313 1290 2358 584,
1337 2312 1486 2350 Contra
1528 2309 1689 2356 omina,

981 2379 1162 2421 respectu
1180 2370 1230 2408 ad
1249 2383 1338 2421 apes
1366 2377 1404 2407 et
1426 2367 1604 2405 ardentes
1623 2371 1694 2406 La-

980 2428 1099 2465 viniae
1116 2441 1259 2466 comas.
1279 2431 1405 2477 Supra
1422 2439 1521 2463 vers.
1538 2425 1590 2470 64
1608 2439 1694 2477 sqq.

987 2485 1137 2523 Contra
1154 2484 1252 2537 fata
1277 2484 1418 2527 deum,
1453 2484 1578 2520 Fauni
1607 2495 1693 2521 ora-

985 2543 1121 2580 culum
1139 2556 1178 2580 v.
1202 2542 1251 2578 81
1274 2554 1332 2590 sq.
1351 2543 1535 2578 Perverso
1565 2541 1693 2577 numi-

985 2613 1057 2644 ne,
1082 2612 1179 2649 pro,
1209 2598 1397 2643 adverso,
1424 2599 1525 2635 irato
1540 2626 1549 2643 ,
1583 2601 1690 2636 Serv.

983 2657 1088 2695 conf.
1123 2657 1340 2693 Burmann.
1381 2657 1521 2694 Nescio
1562 2664 1693 2693 tamen

983 2726 1118 2752 annon
1143 2714 1277 2764 potius
1306 2727 1387 2750 esse
1413 2713 1574 2760 debeat,
1606 2726 1694 2763 per-

983 2783 1092 2810 versa
1107 2799 1117 2819 ,
1139 2770 1397 2819 conturbata,
1429 2779 1468 2808 et
1497 2768 1696 2809 infirmata
