1767 3054
159 106 241 149 264

788 106 1030 145 AENEIDOS

159 177 471 238 Victoresque
491 187 694 223 ostentat
717 193 888 240 equos,
907 188 1034 224 satus
1061 176 1264 224 Hercule
1289 174 1490 238 pulchro

161 250 362 295 Pulcher
388 252 674 309 Aventinus3
699 253 962 315 clypeoque
987 254 1167 315 insigne
1189 262 1459 313 paternum,

159 326 358 370 Centum
381 340 578 386 angues,
601 326 896 388 cinctamque
921 327 1040 390 gerit
1061 325 1358 388 serpentibus
1379 324 1616 387 Hydram3

159 398 301 444 Collis
326 400 548 445 Aventini
570 401 686 446 silva
713 418 854 462 quem
874 401 1008 447 Rhea
1031 400 1248 448 sacerdos

161 474 409 520 Furtivum
434 487 572 536 partu
592 476 680 521 sub
701 477 889 523 luminis
916 477 1063 522 edidit
1085 492 1213 533 oras,
1596 484 1658 514 660

161 549 314 595 Mixta
337 549 426 595 deo
447 550 635 607 mulier,
660 563 912 610 postquam
938 551 1195 596 Laurentia
1221 551 1395 610 victor,

163 629 384 685 Geryone
408 626 661 682 exstincto,
688 623 966 685 Tirynthius
993 625 1160 686 adtigit
1185 641 1321 681 arva,

162 700 506 761 Tyrrhenoque
531 698 678 745 boves
703 698 752 743 in
776 698 968 744 flumine
993 699 1108 744 lavit
1133 698 1310 745 Iberas.

163 776 262 820 Pila
284 790 426 820 manu
450 788 694 835 saevosque
717 785 887 834 gerunt
904 774 955 820 in
974 773 1098 819 bella
1123 773 1340 831 dolones;

165 962 213 999 de
233 961 426 999 Aventini
454 959 757 1010 pulchritudine
791 974 882 998 eum

167 1019 291 1058 Cerda
314 1028 352 1056 et
372 1018 457 1055 aliis
478 1017 674 1057 dubitare.
694 1022 793 1057 Rem
823 1032 883 1056 sa-

165 1079 214 1114 tis
247 1077 449 1114 declarant
477 1079 587 1128 signa
617 1086 770 1123 vetera3
813 1077 885 1114 sed

166 1134 419 1187 cogitandum
447 1144 506 1172 est
537 1134 586 1171 de
616 1135 885 1185 pulchritudi-

166 1207 217 1231 ne
244 1193 400 1239 herois,
437 1194 506 1243 qui
535 1193 682 1231 robore
709 1195 887 1244 corporis

168 1265 305 1288 omnes
340 1252 526 1288 mortales
569 1252 784 1302 superavit.
828 1273 886 1282 ·-—-

169 1310 249 1357 657
270 1338 281 1355 ‚
320 1309 419 1347 658.
458 1311 717 1361 Tragicorum
749 1323 885 1356 more,

169 1367 342 1417 clipeum
379 1366 445 1403 dat
482 1368 686 1405 Aventino
723 1370 887 1419 insigni-

169 1434 256 1461 tum
299 1424 443 1476 hydra.
494 1425 660 1462 Centum
707 1439 882 1477 angues,

171 1483 424 1532 cinctamque
434 1482 678 1532 serpentibus
689 1483 857 1531 hydram
872 1499 888 1529 ;

172 1540 369 1590 eleganter
393 1541 539 1576 variata
559 1541 685 1577 oratio
704 1554 779 1590 pro
799 1542 889 1577 vul-

172 1598 285 1649 gari:
311 1595 480 1645 hydram
523 1607 678 1634 centnm
714 1598 888 1635 cinctam

173 1654 430 1705 serpentibus.
465 1655 649 1692 Ceterum
679 1664 807 1705 poetae
840 1655 889 1692 de

171 1714 305 1763 parvis
331 1721 370 1749 et
399 1713 586 1749 tenuibus
613 1726 755 1762 parum
784 1713 890 1751 labo-

173 1771 296 1807 rantis
327 1783 558 1821 generosam
587 1771 786 1806 incuriam
817 1771 888 1808 ob-

173 1841 304 1865 serves
314 1828 357 1864 in
369 1827 462 1873 hoe,
481 1827 588 1877 quod
600 1827 770 1878 hydram
780 1842 891 1865 nune

174 1894 358 1931 centum,
387 1894 425 1921 at
453 1884 526 1922 lib.
557 1888 640 1932 VI,
675 1886 757 1932 576
780 1886 893 1936 quin·

174 1942 374 1994 quaginta
413 1943 609 1993 capitibus
649 1943 891 1981 horrendam

174 2000 372 2038 exhibuit.
399 2001 640 2051 Comparent
661 2001 893 2039 deliciarum

174 2059 318 2096 harum
347 2057 535 2106 studiosi,
571 2067 714 2109 praeter
752 2061 892 2097 Silium

177 2119 242 2163 ΙΙ,
269 2116 345 2153 158
363 2144 373 2162 ,
404 2117 509 2166 159,
537 2117 678 2167 Eurip.
700 2118 892 2156 Phoeniss.

184 2181 290 2219 1142
319 2187 405 2224 sqq.
422 2175 635 2224 ‘Quintum
664 2175 746 2214 Cal.
769 2177 894 2222 VIII,

182 2234 263 2281 349
279 2259 290 2277 ‚
319 2232 416 2270 350.

239 2290 396 2338 659—-
414 2289 511 2326 663.
561 2289 718 2327 Bellum
766 2298 894 2339 poetae

180 2355 450 2384 commentum
495 2359 514 2382 a
559 2347 680 2384 Rheae
728 2347 860 2385 Silviae
881 2375 892 2394 ‚

178 2416 299 2452 quam
333 2405 442 2440 Mars
478 2405 731 2454 compressit,
766 2417 896 2441 exem-

180 2461 249 2510 plo
267 2460 432 2497 ductum
452 2473 461 2498 :
481 2462 693 2498 Herculem
713 2463 807 2498 actis
823 2475 895 2512 per

182 2517 337 2554 Italiam
361 2518 560 2567 Geryonis
590 2521 776 2557 armentis
803 2532 896 2556 cum

181 2574 291 2613 Rhea
307 2574 506 2611 sacerdote
527 2578 796 2622 consuevisse,
823 2590 896 2613 un-

183 2631 232 2668 de
270 2640 383 2668 natus
422 2633 471 2668 sit
505 2634 730 2670 Aventinus
764 2634 894 2672 heros.

184 2711 242 2718 —
266 2689 364 2728 660.
393 2688 548 2726 Fortia-o
571 2700 693 2738 partu
715 2691 896 2741 plerique

186 2746 303 2785 codd.
340 2746 447 2798 apud
478 2747 578 2785 Pier.
604 2744 754 2797 ficrcc'vo
792 2761 898 2785 unus

949 961 1056 1000 Leid.
1087 974 1107 998 a
1135 974 1188 1000 m.
1219 974 1280 1012 pr.
1298 989 1308 1008 ‚
1348 960 1460 1012 quod
1485 961 1666 1000 Catroeus

951 1020 1085 1065 dedit,
1116 1033 1190 1057 nec
1223 1019 1324 1056 vidit
1357 1032 1398 1056 se
1428 1019 1601 1057 deterius
1628 1029 1668 1056 et

951 1079 1153 1128 vulgarius
1175 1089 1250 1129 pro
1267 1077 1524 1127 exquisitiore
1548 1077 1666 1123 dare3

952 1150 1066 1182 nam,
1106 1138 1173 1187 qui
1200 1134 1352 1187 furtivo
1380 1144 1503 1186 partu
1538 1134 1668 1172 editus

954 1204 1010 1232 est
1024 1223 1034 1241 ,
1077 1207 1169 1231 eum
1219 1193 1435 1245 elegantius
1471 1192 1666 1244 furtivum

953 1261 1069 1304 poeta
1097 1252 1280 1302 appellat.
1310 1251 1508 1288 Furtivum
1539 1250 1670 1288 edide-

953 1319 1019 1346 rat
1029 1318 1152 1361 partu
1176 1309 1244 1346 sub
1267 1309 1295 1347 l.
1320 1321 1441 1346 auras
1468 1308 1541 1347 Ed.
1563 1310 1668 1346 Ven.

952 1371 1098 1406 Partus
1114 1371 1230 1406 Rom.
1246 1366 1394 1404 liminis
1410 1367 1506 1404 alter
1522 1365 1666 1404 Hamb.

953 1435 992 1463 et
1019 1426 1126 1464 Gud.
1149 1425 1220 1462 Ad
1245 1424 1421 1462 sublimis
1450 1423 1576 1462 edidit
1598 1437 1667 1460 aa·

955 1497 1020 1521 ras
1049 1492 1144 1522 sunt
1171 1484 1242 1533 qui
1267 1483 1400 1535 legant
1431 1482 1536 1533 apud
1565 1483 1666 1521 Pier.

955 1542 1023 1578 sub
1048 1540 1210 1578 luminis
1239 1553 1331 1578 oras
1349 1541 1485 1578 Heius.
1508 1554 1559 1577 ex
1581 1542 1668 1578 Me-

955 1599 1031 1636 dic.
1063 1607 1101 1635 et
1132 1599 1214 1635 aliis
1245 1600 1442 1648 reposuit,
1472 1599 1552 1645 jam
1569 1599 1670 1636 Pier.

956 1670 976 1693 e
996 1655 1112 1694 codd.
1134 1655 1360 1705 probatum.
1375 1677 1432 1683 —
1445 1655 1543 1692 661.
1565 1655 1673 1692 Mix-

957 1723 1023 1761 ta‚
1056 1712 1216 1768 μιγεῖσσι
1245 1713 1332 1766 θεῷ,
1364 1713 1581 1750 Laurentia
1611 1726 1671 1749 ar-

959 1786 1006 1808 va
1020 1800 1029 1818 ‚
1048 1780 1093 1808 ut
1116 1779 1232 1821 poeta
1247 1799 1257 1817 ‚
1289 1770 1409 1808 latius
1427 1770 1530 1808 dixit
1546 1799 1556 1818 ‚
1580 1783 1672 1808 nam

959 1828 1066 1879 apud
1100 1828 1354 1875 Evandrum,
1385 1829 1559 1878 quitum
1586 1828 1674 1866 loca

959 1889 1058 1923 circa
1098 1886 1320 1924 Palatinum
1353 1894 1393 1922 et
1427 1886 1675 1923 Aventinum

958 1944 1141 1991 tenebat,
1190 1942 1411 1980 deverterat
1451 1943 1643 1980 Hercules
1663 1955 1673 1980 :

959 2015 1035 2054 qua
1053 2002 1101 2038 de
1115 2015 1158 2039 re
1177 2015 1215 2039 v.
1236 2001 1308 2039 inf.
1326 2002 1427 2038 VIII
1441 2028 1452 2048 ,
1485 2013 1567 2038 200
1586 2013 1672 2051 sqq.

959 2082 1019 2089 —-
1039 2063 1108 2097 Vs.
1140 2059 1221 2096 663
1258 2060 1461 2109 poeticum
1489 2066 1675 2096 ornatum

959 2118 1080 2155 habet
1105 2115 1312 2155 commode
1333 2117 1382 2154 ab
1406 2129 1454 2154 eo
1479 2116 1647 2167 petitum
1662 2144 1673 2162 ‚

963 2175 1074 2226 quod
1101 2176 1145 2212 in
1172 2184 1446 2213 armentorum
1466 2187 1563 2211 cura
1580 2185 1674 2222 pro-

963 2234 1097 2284 prium
1114 2241 1171 2270 est
1184 2261 1194 2279 ‚
1221 2232 1353 2270 lavare
1369 2244 1550 2284 gregem3
1570 2242 1644 2280 pro
1665 2241 1674 2266 ε

961 2299 1000 2328 et
1011 2299 1196 2327 armenta
1208 2302 1260 2326 ex
1271 2289 1475 2341 Hispania
1488 2286 1673 2325 adduxit.

1019 2347 1262 2397 664-669,
1289 2348 1444 2385 Get-unt
1462 2358 1515 2383 sc.
1547 2346 1677 2381 Aven-

960 2407 1035 2443 tini
1075 2406 1263 2450 comites;
1297 2418 1400 2455 quos
1432 2401 1568 2453 paullo
1603 2401 1675 2438 du-

962 2465 1044 2500 rius
1076 2463 1322 2513 subintelligi
1358 2474 1443 2499 non
1475 2457 1638 2496 inficior
1662 2472 1672 2497 :

943 2522 1034 2561 Vetsi
1062 2534 1109 2558 eo
1136 2519 1280 2557 ducere
1305 2526 1438 2568 potest
1455 2514 1498 2554 τὸ
1523 2518 1611 2567 Ipse
1633 2530 1672 2554 v.

964 2578 1061 2615 666.
1079 2579 1162 2616 Nec
1181 2577 1377 2614 monitum
1390 2603 1401 2623 ‚
1422 2573 1530 2612 unde
1550 2576 1578 2611 ii
1594 2574 1676 2611 fue-

962 2636 1065 2681 rint,
1100 2646 1200 2684 quos
1231 2632 1408 2672 adduxit.
1440 2634 1543 2670 Loca
1570 2633 1674 2669 circa

963 2692 1210 2730 Aventinum
1231 2699 1407 2728 montem
1431 2702 1500 2727 eos
1521 2689 1675 2727 inhabi-

964 2758 1045 2787 tare
1066 2748 1194 2786 dicere
1213 2756 1379 2799 poterat.
1396 2746 1472 2787 Sed
1491 2756 1599 2786 totus
1613 2747 1674 2784 lo-
