1767 3054
148 108 224 156 198

772 106 1014 145 AENEIDOS

145 181 315 233 regionis
333 180 453 218 totius
469 179 802 231 locupletissimus
817 192 826 218 :
844 181 913 231 qui
931 194 1057 231 quum
1071 182 1113 218 in
1129 182 1270 221 urbem
1288 185 1436 222 mortui
1452 193 1579 223 essent
1591 200 1646 224 re-

148 256 215 293 lati
227 284 237 302 ‚
255 258 418 294 Turnus
430 264 468 294 et
484 257 625 294 Amata
639 268 769 307 regem
786 256 967 292 Latinum
981 255 1029 292 ad
1045 255 1195 294 bellum
1209 258 1525 310 suscipiendum,
1543 260 1648 308 inju··

148 332 327 382 riamque
346 344 468 369 mann
485 329 762 368 vindicandam
779 329 1036 368 exstimulant
1051 352 1110 360 —
1132 332 1228 382 590.
1250 335 1405 377 Verum?
1422 346 1547 384 quum
1565 333 1645 380 ille,

148 415 187 444 et
202 406 374 445 fatorum
394 415 432 444 et
458 406 616 444 foederis
641 417 770 455 nuper
791 416 883 440 cum
902 405 1085 453 Trojanis
1104 406 1194 443 initi
1211 420 1381 454 memor,
1400 406 1543 445 adduci
1563 420 1646 444 non

146 491 295 533 posset,
326 489 372 519 ut
390 481 467 518 illis
490 480 641 518 bellum
673 478 885 526 indiceret,
910 481 935 518 J
939 492 1022 517 uno
1048 483 1133 532 ipsa
1151 481 1246 520 belli
1265 491 1398 534 portas
1417 485 1572 534 aperuit
1588 505 1645 511 -

146 557 245 594 622.
267 557 396 594 Turni
420 555 597 606 auspicio
619 554 669 591 ad
691 553 842 590 bellum
862 554 1042 604 sequitur
1060 556 1282 594 Mezentius
1301 569 1381 594 una
1400 570 1490 594 cum
1519 560 1645 594 Lauso

143 630 229 669 filio
249 652 307 660 -—-
335 632 446 674 654:
482 632 578 667 item
608 629 856 673 Aventinus,
887 627 1071 665 Herculis
1101 641 1153 666 ex
1183 615 1293 668 Rhea
1319 629 1428 669 filius
1449 653 1507 661 —
1528 632 1610 682 669
1631 644 1641 670 :

145 706 309 746 Catillus
329 715 366 743 et
394 707 513 745 Coras
543 704 747 743 Tiburtini
761 732 771 750 ,
797 702 936 739 fratres
955 725 1013 731 —-
1037 703 1117 751 677
1150 716 1159 742 :
1191 705 1353 744 Camilla
1371 720 1392 744 e
1409 707 1643 768 Volscorum

143 791 278 836 gente,
296 782 437 819 mulier
468 781 677 818 fortissima
694 778 709 829 (
725 778 891 816 803—8
904 777 969 829 17)
991 791 1001 816 :
1026 778 1172 829 aliique
1194 781 1419 832 complures
1437 809 1448 830 ,
1472 795 1641 834 quornm

143 870 328 896 recensus
342 856 434 894 inde
454 870 475 893 a
499 870 537 893 v.
564 855 645 902 678
669 852 717 890 ad
735 851 858 890 finem
872 852 967 889 h'bri
984 853 1208 903 subjicitur.

212 1115 283 1158 Tu
306 1125 497 1174 quoque
520 1108 740 1157 litoribus
760 1111 955 1167 nostris,
980 1109 1146 1155 AEneia
1164 1108 1347 1168 nutrix,

142 1190 383 1233 AEternam
408 1185 614 1232 moriens
636 1185 830 1243 famam,
852 1185 1035 1242 Caieta,
1064 1182 1258 1242 dedisti3

143 1266 201 1310 Et
224 1279 350 1309 nunc
367 1271 525 1308 servat
549 1260 701 1308 honos
721 1261 881 1308 sedem
901 1272 1033 1319 tuus,
1054 1275 1253 1322 ossaque
1272 1274 1444 1306 nomen

140 1338 373 1402 Hesperia
395 1338 444 1383 in
467 1353 659 1401 magna,
684 1338 724 1385 si
748 1354 842 1400 qua
865 1349 934 1385 est
958 1354 1013 1383 ea
1032 1336 1206 1400 gloria,
1231 1336 1397 1400 signat.

203 1517 219 1540 1
237 1531 247 1549 ‚
273 1516 309 1541 2.
338 1502 511 1548 enicat,
533 1514 622 1552 quae
645 1504 687 1540 in
713 1502 774 1540 his
796 1504 853 1541 lo-

139 1562 194 1598 cis
213 1562 408 1607 moritur,
432 1561 622 1598 memoria
650 1562 695 1597 in
720 1564 854 1598 AEneae

137 1619 339 1658 erroribus
369 1631 454 1656 non
488 1619 655 1655 obscura
685 1628 767 1655 erat
788 1631 796 1657 :
817 1629 855 1656 et

134 1677 402 1729 promontorii
426 1685 643 1727 portusque
677 1685 716 1714 et
744 1677 855 1714 urbis

135 1748 284 1773 nomen
303 1736 347 1772 in
367 1736 467 1772 Latii
494 1742 533 1772 et
561 1735 786 1785 Campaniae
807 1734 853 1772 fi-

132 1793 253 1831 nibus
273 1792 323 1830 ab
353 1805 397 1829 ea
424 1791 592 1830 ductum
613 1793 732 1844 vulgo
758 1793 855 1831 fere-

133 1851 264 1888 batur.
293 1852 420 1901 Super
444 1849 539 1886 libri
557 1850 674 1887 initio
705 1860 773 1887 ant
790 1853 851 1889 ni-

133 1911 259 1946 mium
278 1908 478 1955 disjuncto
499 1921 518 1944 a
542 1908 689 1944 Miseni
709 1921 853 1946 memo-

132 1969 191 2004 ria
203 1968 263 2003 VI
276 1994 286 2013 ,
307 1966 388 2003 232
407 1965 523 2016 (nam
543 1965 590 2001 ad
608 1965 710 2002 hanc
730 1967 851 2003 refer-

133 2034 199 2062 tur
212 2032 252 2060 cu
268 2022 476 2074 quoque),
495 2031 562 2059 aut
579 2023 748 2060 nimium
761 2036 852 2061 con-

127 2083 270 2130 juncto
305 2094 398 2119 cum
429 2093 549 2119 verss.
582 2080 732 2117 ultimis
761 2095 849 2131 sup.

129 2141 246 2187 libri,
287 2152 380 2176 cnm
420 2147 543 2177 veter.
577 2139 851 2176 Grammaticis

130 2199 300 2250 argutari
322 2197 461 2236 nolim.

194 2258 230 2293 3.
266 2258 324 2292 Ac
361 2269 467 2293 nunc
494 2268 554 2306 pr.
583 2256 728 2293 Moret.
754 2268 773 2292 a
796 2269 848 2293 m.

129 2326 191 2364 pr.
231 2314 332 2349 Ossa
356 2327 429 2363 pro
466 2313 558 2351 loco
593 2312 697 2350 dicta
731 2322 850 2361 sunt,

127 2383 210 2422 quo
242 2383 326 2407 ossa
359 2380 454 2408 sunt
483 2370 663 2418 condita,
694 2371 771 2408 hoc
790 2381 848 2409 est

128 2441 203 2479 pro
229 2428 405 2474 tumulo;
436 2431 468 2466 is
498 2431 647 2480 signat,
669 2429 846 2479 adeoque

126 2500 217 2524 ossa
255 2486 439 2537 signant,
482 2487 600 2524 titulo
644 2488 845 2538 insculpto

122 2545 289 2595 posteris
314 2544 513 2594 produnt,
539 2558 682 2582 nomem
714 2553 840 2584 tuum.

120 2603 175 2640 At
191 2602 276 2640 haec
299 2601 396 2638 dura
412 2610 504 2638 sunt
518 2616 527 2647 ;
545 2612 702 2652 praestat
718 2604 837 2641 altera

119 2670 209 2699 ante
256 2660 462 2698 lieinsium
501 2660 654 2711 vulgata
691 2661 834 2707 lectio,

114 2732 230 2769 quam
261 2720 363 2756 inter
392 2726 541 2755 ceteros
567 2719 722 2756 codic-es
752 2722 832 2757 Ro-

919 1510 1048 1540 sewat
1074 1503 1231 1548 sedem,
1253 1503 1309 1539 sic
1335 1514 1481 1539 nomen
1503 1502 1641 1555 signat

921 1574 1033 1605 ossa,
1060 1560 1101 1598 h.
1123 1573 1272 1598 nomen
1288 1560 1378 1598 loco
1395 1559 1641 1599 inditumse-

920 1619 1121 1670 pulturam
1134 1619 1276 1656 Caietae
1293 1617 1342 1655 ad
1363 1626 1539 1656 nostram
1558 1632 1640 1657 me-

920 1677 1085 1714 moriam
1104 1685 1244 1715 servat.
1258 1698 1316 1706 —
1330 1677 1352 1715 3
1368 1683 1477 1721 -4,
1497 1678 1642 1714 Etiam—

921 1748 1020 1772 num
1032 1744 1162 1772 servat
1171 1733 1296 1772 honos
1314 1734 1448 1772 sedem
1465 1744 1564 1779 tuus,
1577 1748 1641 1772 ex-

920 1794 1063 1842 quisite
1074 1822 1084 1839 ,
1104 1806 1200 1843 pro,
1211 1792 1342 1830 honos
1361 1792 1469 1830 adest
1485 1791 1614 1830 adhuc
1627 1822 1638 1840 ‚

918 1859 1120 1901 superest,
1143 1857 1323 1887 servatur
1345 1849 1428 1887 sedj
1456 1859 1558 1897 tuae;
1583 1859 1640 1888 tn·

920 1909 1018 1944 muli
1041 1910 1100 1945 tui
1123 1915 1249 1945 exstat
1271 1907 1403 1945 adhuc
1425 1910 1638 1956 memoria;

918 1978 1009 2003 nam
1030 1966 1143 2003 sedes
1159 1978 1234 2016 pro
1249 1966 1453 2017 sepulcro,
1475 1973 1521 2004 ut
1542 1968 1634 2015 152,

917 2023 989 2063 lib.
1014 2026 1086 2061 VI.
1107 2025 1246 2061 Honos
1265 2037 1340 2075 pro
1359 2024 1476 2063 titulo
1496 2033 1536 2062 et
1560 2038 1635 2063 no-

918 2082 1025 2118 mine
1039 2109 1050 2127 ,
1081 2094 1150 2118 seu
1181 2082 1372 2132 inscripto
1385 2110 1396 2127 ‚
1424 2096 1495 2120 seu
1532 2083 1632 2120 fama

917 2139 1107 2189 vulgato:
1136 2152 1256 2190 supra
1277 2141 1356 2186 VI,
1383 2140 1461 2189 507
1489 2153 1632 2177 nomen

917 2205 959 2233 et
972 2210 1089 2233 arma
1109 2197 1239 2235 locum
1259 2207 1431 2236 servant.
1452 2197 1632 2236 Alterum

918 2268 1008 2292 ossa
1017 2268 1160 2292 nomen
1171 2255 1318 2307 signat,
1326 2255 1464 2294 eodem
1472 2255 1553 2292 fere
1569 2268 1631 2292 re-

916 2313 988 2360 dit;
1001 2326 1146 2350 nomen
1157 2322 1215 2350 est
1222 2314 1362 2351 titulus
1369 2312 1628 2364 sepulcri‚sig-

913 2379 1061 2422 natque
1079 2370 1175 2409 adeo
1192 2384 1290 2416 ossa,
1304 2383 1394 2421 quae
1406 2371 1450 2406 in
1468 2382 1514 2406 eo
1534 2383 1627 2408 con-

913 2429 993 2466 dita
1011 2438 1117 2467 sunt.
1137 2451 1194 2458 —
1208 2436 1244 2472 4.
1263 2430 1329 2465 Εα
1358 2427 1466 2464 deest
1486 2429 1622 2478 Puget.

913 2487 1089 2539 Sigzzanc
1098 2488 1234 2525 Heius.
1255 2499 1275 2521 e
1290 2484 1436 2522 Medic.
1452 2484 1559 2521 Gud.
1586 2496 1624 2523 et

911 2546 994 2582 aliis
1010 2545 1162 2582 maluit.
1189 2542 1266 2582 Sed
1294 2541 1476 2592 exemplo
1503 2542 1624 2590 adjec-

905 2612 946 2641 to
963 2601 1045 2653 (sic
1074 2600 1181 2652 apud
1207 2601 1405 2639 Nasonem
1419 2627 1430 2646 ,
1455 2600 1621 2638 nomina

901 2660 1063 2713 signata
1087 2657 1212 2707 saxo)
1235 2658 1303 2694 vix
1326 2658 1417 2695 satis
1444 2671 1622 2697 commo-

902 2719 951 2755 de
981 2717 1192 2754 declaravit
1205 2743 1215 2762 ,
1233 2729 1316 2765 quo
1345 2715 1465 2754 modo
1495 2719 1620 2768 accipi

110 2790 247 2814 manus
269 2774 422 2824 firmat,
448 2777 595 2828 signat.
623 2778 677 2814 Ut
707 2776 832 2814 hortos
898 2776 939 2812 id
968 2775 1096 2813 vellet.
1131 2776 1383 2812 Burmannus
1414 2773 1463 2811 ad
1480 2774 1617 2826 hyste—
