1767 3054
118 118 168 152 70
745 108 987 147 AENEIDos

114 180 402 239 congressus
428 189 558 240 pete,
583 189 712 236 nate,
734 195 861 225 meos
884 199 893 225 :
920 197 1015 225 non
1035 196 1109 225 me
1134 181 1278 243 impia
1302 197 1503 244 namque

114 254 312 297 Tartara
337 251 535 310 habent,
558 254 713 299 tristes
739 253 940 312 umbrae;
965 255 1046 300 sed
1071 272 1251 301 amoena
1274 257 1464 318 piorum

114 327 324 373 Concilia
344 328 648 391 Elysiumque
673 329 776 374 colo
800 348 808 373 :
836 330 929 374 huc
955 341 1080 375 casta
1107 330 1286 392 Sibylla
1552 339 1610 381 735

113 402 369 463 Nigrarum
389 404 537 448 multo
558 403 793 465 pecudum
815 415 859 448 te
879 405 1104 465 sanguine
1129 404 1283 451 ducet.

114 479 235 522 Tum
258 494 402 539 genus
428 494 566 523 omne
588 489 744 534 tuum,
768 489 834 534 ct,
862 495 966 539 quae
988 478 1159 526 dentur
1186 481 1379 538 moenia,
1403 479 1566 526 disces.

114 554 312 612 Jamque
338 552 439 597 vale
460 570 468 596 :
497 563 686 613 torquet
710 550 889 597 medios
914 566 1010 596 nox
1033 552 1228 599 humida
1242 570 1434 612 cursus,

115 628 173 670 Et
195 642 269 671 me
294 641 445 671 saevus
471 626 604 688 equis
630 626 799 673 Oriens
824 626 1018 672 adflavit
1042 627 1273 674 anhelis.»

180 703 380 748 Dixerat
404 720 413 746 :
441 714 486 748 et
509 703 661 748 tenuis
683 703 824 764 fugit,
848 719 935 748 ceu
960 703 1139 760 fumus,
1161 703 1210 748 in
1231 719 1382 751 auras.
1553 701 1612 757 :vio

115 781 285 825 AEneas
307 797 316 824 :
345 801 363 820 «
391 782 499 836 Quo
524 778 693 824 deinde
718 778 843 824 ruis?
865 794 960 840 quo
985 778 1220 840 proripis?
1245 779 1420 840 inquit;

117 857 271 911 Quem
298 855 445 916 fugis?
472 865 552 900 aut
576 854 680 916 quis
701 864 746 900 te
766 855 937 900 nostris
963 853 1270 915 conplexibus
1292 857 1449 901 arcet?
1470 875 1489 895 ³>

113 931 230 976 Haec
254 946 517 976 memorans
540 930 746 975 cinerem
767 941 812 975 et
835 931 1013 991 sopitos
1033 930 1225 976 suscitat
1249 931 1368 993 ignis
1377 950 1390 989 3

115 1007 517 1068 Pergameumque
537 1007 730 1062 Larem,
751 1014 796 1051 et
821 1021 948 1050 canae
972 1005 1231 1066 penetralia
1248 1007 1425 1062 Vestae,

117 1204 280 1246 promtu
308 1205 366 1233 est
401 1207 410 1233 ε
445 1209 520 1233 nec
550 1198 593 1232 in
620 1197 705 1232 viso
735 1209 833 1234 noc-

118 1262 240 1291 turno
271 1264 351 1292 tam
384 1254 536 1304 amplus
565 1266 701 1290 rerum
733 1252 834 1289 ordo

118 1321 222 1348 recte
254 1313 403 1362 exponi
425 1312 638 1360 potuisset,
664 1318 702 1346 et
729 1312 833 1347 exci-

118 1367 266 1406 dissent
296 1378 378 1405 tum
414 1369 480 1405 illa
511 1370 664 1412 omnia,
688 1367 836 1417 quibus

116 1426 220 1463 liber
240 1430 297 1464 VI
325 1425 373 1462 de
401 1426 592 1462 descensu
622 1424 670 1462 ad
688 1425 836 1462 inferos

117 1485 222 1521 inter
249 1486 424 1534 potiores
454 1493 491 1520 et
515 1483 730 1520 diviniores
756 1496 838 1519 car-

120 1542 237 1578 minis
250 1550 378 1591 partes
390 1541 526 1578 haberi
541 1543 699 1577 meruit.
718 1542 758 1576 A
763 1553 838 1577 ver-

121 1613 196 1643 na,
219 1600 321 1636 forte
343 1608 497 1651 stagna,
515 1600 594 1646 jam
612 1597 761 1635 ibidem
780 1599 837 1634 vi-

121 1657 251 1694 dimus
267 1671 306 1695 v,
330 1664 410 1702 442
438 1670 511 1707 pro
540 1657 629 1693 lacu
649 1659 838 1702 Avern03

121 1724 167 1753 ut
205 1717 395 1752 Tartarus
429 1725 466 1752 et
505 1717 688 1752 Tartara.
729 1713 835 1750 conf.

121 1777 291 1814 Serv.—
311 1775 406 1820 735.
423 1788 462 1811 v.
482 1774 553 1811 inf,
574 1775 655 1819 VI,
678 1772 757 1815 243
777 1783 835 1820 sq.

121 1853 179 1861 ——-
202 1835 296 1879 737.
318 1832 413 1870 vid.
443 1831 544 1870 ibid.
573 1845 611 1869 V.
646 1831 727 1877 756
748 1843 832 1881 sqq.

121 1891 277 1928 Illoenz'a
294 1889 392 1928 ibid.
419 1891 514 1938 782.

182 1950 346 1997 738—7
357 1950 423 1994 45.
440 1950 534 1986 Nox
547 1946 594 1983 ad
606 1948 835 1984 altissimum

120 2007 372 2058 mediumque
400 2006 490 2044 coeli
517 2005 675 2043 culmen
705 2013 837 2042 evecta

117 2066 196 2112 jam
215 2065 359 2102 declivi
375 2067 438 2102 via
455 2064 590 2100 fertur.
609 2064 659 2101 cf.
679 2077 716 2100 v.
739 2076 834 2110 721.

120 2144 178 2150 —
210 2126 304 2173 739.
334 2125 498 2160 Dixerat
521 2123 599 2169 jam
625 2122 769 2171 Georg.
795 2123 834 2166 Ι,

123 2181 204 2217 250
239 2183 404 2231 Nosque
440 2179 505 2216 ubi
535 2177 688 2228 primus
725 2178 836 2228 equis

124 2238 264 2275 Oriens
305 2238 473 2292 adflavit
506 2235 675 2274 anhelis.
710 2237 837 2274 Sentit

121 2297 271 2333 Umbra
297 2297 460 2333 orientis
482 2295 575 2331 solis
597 2296 748 2344 primos
771 2307 834 2330 ac-

120 2367 268 2401 cessus,
286 2354 466 2392 diluculo
486 2352 695 2390 subeunte.
714 2355 771 2389 Re
787 2351 836 2388 ad

119 2412 338 2449 sollennem
356 2413 456 2451 Solis
479 2423 638 2448 cursum
655 2419 693 2446 et
712 2423 835 2461 equos

119 2479 318 2516 revocata,
340 2471 458 2507 sentit
489 2481 609 2519 equos
640 2468 740 2505 Solis
769 2481 834 2519 ap-

118 2528 452 2577 propinquantes,
496 2536 534 2563 et
561 2526 718 2574 jamjam
758 2526 835 2563 sibi

119 2585 369 2621 imminentes
399 2584 532 2621 afflare
561 2597 613 2620 se.
641 2584 833 2621 Circensis

122 2654 260 2678 cursus
306 2642 491 2691 frequens
535 2640 801 2690 spectaculum
821 2668 832 2687 ‚

121 2712 245 2749 equus
277 2712 446 2749 equum,
483 2698 549 2733 cui
581 2697 830 2741 imminebat,

121 2756 299 2795 anhelitu
325 2765 364 2793 et
394 2767 533 2806 spuma
565 2766 709 2805 urgens
739 2766 749 2793 :
782 2755 832 2792 cf.

901 1196 1015 1234 Iliad.
1038 1192 1077 1246 ψ,
1102 1197 1204 1244 38ο;
1231 1197 1376 1249 Georg.
1404 1199 1490 1244 III,
1520 1211 1613 1236 111.

903 1255 1034 1289 Soevus
1049 1281 1061 1297 ,
1105 1254 1176 1302 qui
1208 1253 1310 1290 lucis
1348 1266 1464 1291 usum
1499 1256 1617 1306 eripit

903 1310 1085 1355 Umbris,
1104 1322 1201 1359 quas
1219 1310 1294 1347 sub
1313 1319 1445 1348 ortum
1468 1311 1547 1349 diei
1565 1313 1616 1350 ad

902 1368 1051 1403 inferos
1085 1366 1215 1403 redire
1252 1368 1308 1404 fas
1341 1376 1486 1406 est.·—
1517 1377 1614 1417 740.

907 1423 1052 1461 Tenuis
1073 1423 1230 1460 dubitat
1244 1426 1395 1471 Burm.,
1412 1434 1549 1463 utrum
1569 1427 1617 1464 ad

891 1480 1033 1532 finnus
1065 1495 1112 1519 an
1137 1481 1185 1517 ad
1215 1495 1336 1519 auras
1363 1483 1617 1522 referendum

903 1540 967 1577 sit.
980 1539 1126 1576 Melius
1143 1552 1262 1576 auras
1277 1548 1412 1576 tenues
1427 1543 1616 1593 accipere,

904 1603 1093 1646 tanquam
1133 1597 1255 1648 magis
1293 1599 1509 1648 poeticum.
1555 1601 1619 1638 Sic

906 1654 1050 1705 Georg.
1069 1657 1139 1700 IV,
1159 1662 1241 1704 499
1253 1682 1263 1700 ,
1281 1655 1352 1692 ubi
1371 1669 1432 1693 res
1450 1657 1615 1707 liquida.

903 1731 962 1739 —-
987 1714 1043 1749 L‘t
1071 1724 1159 1761 sup.
1180 1713 1242 1757 ΙΙ,
1273 1725 1350 1762 791
1378 1724 1389 1750 ζ
1412 1714 1618 1765 tenuisque

903 1768 1062 1805 recessit
1080 1768 1121 1805 in
1146 1781 1280 1806 auras.
1300 1791 1359 1798 —-
1388 1777 1483 1817 741.
1505 1771 1617 1810 Ordo

904 1835 981 1872 est,
1010 1827 1061 1862 ait
1090 1828 1199 1864 Serv.
1221 1838 1232 1864 :
1258 1829 1413 1864 AEneas
1445 1827 1613 1874 deinde,

906 1886 992 1933 Quo
1011 1884 1091 1920 ruis
1104 1888 1125 1920 ‚³
1148 1884 1198 1921 cf.
1222 1885 1260 1931 Ι,
1287 1886 1387 1935 Ι95;
1407 1887 1487 1932 ΙΙΙ,
1511 1886 1616 1938 609;

903 1943 976 1987 IV,
1001 1942 1096 1980 561.
1116 1965 1174 1970 —
1200 1950 1297 1990 742.
1331 1945 1417 1994 ραο
1440 1943 1616 1983 Pan-has.

908 1999 1015 2050 Quid
1036 2002 1151 2039 multi
1174 2001 1274 2039 Pier.
1298 2010 1337 2038 et
1358 2003 1494 2041 Burm.
1513 2004 1567 2039 Te
1590 2016 1617 2039 a

905 2059 1048 2096 nostris
1078 2060 1158 2097 duo
1185 2060 1321 2097 Burin.
1349 2067 1392 2104 et
1416 2058 1478 2097 ed.
1510 2061 1615 2100 Ven.

903 2118 990 2152 Aac
1019 2117 1206 2168 quisnam
1245 2115 1344 2152 mihi
1383 2126 1420 2154 te
1453 2129 1488 2155 c,
1523 2120 1616 2156 Par-

902 2173 1005 2211 rhas.
1043 2189 1077 2213 c.
1113 2175 1244 2228 aufert
1272 2176 1399 2226 Bigot.
1430 2196 1487 2204 —-
1518 2177 1614 2222 743.

902 2233 1003 2269 Rem
1023 2234 1166 2271 exilem
1183 2241 1322 2272 ornate
1337 2233 1470 2270 efferri
1487 2232 1619 2270 obser-

902 2304 950 2328 va
979 2303 989 2329 ε
1016 2293 1165 2329 interea
1192 2294 1325 2343 ignem
1347 2289 1534 2328 accendit.
1558 2312 1614 2320 -—

906 2357 1011 2397 744,
1040 2350 1135 2397 745.
1166 2351 1294 2387 Etiam
1327 2348 1412 2384 haec
1437 2356 1574 2385 ornate
1604 2362 1614 2388 :

902 2407 1114 2445 Penatibus
1135 2420 1178 2443 ac
1196 2410 1325 2444 Vestae
1342 2404 1444 2441 mola
1465 2405 1560 2442 salsa
1576 2416 1616 2444 et

901 2466 1019 2503 thure
1041 2465 1249 2516 supplicat.
1267 2465 1411 2499 Larem
1427 2463 1615 2502 nonnulli

902 2524 949 2561 de
983 2523 1169 2561 Anchisae
1203 2519 1353 2557 Umbra
1382 2521 1614 2570 accipiunt3

900 2578 1222 2632 quandoquidem
1267 2586 1424 2627 patrum
1473 2580 1614 2616 animae

899 2652 973 2689 pro
1011 2636 1175 2674 Laribus
1213 2635 1359 2672 habitae
1393 2644 1506 2683 sunt3
1543 2636 1612 2673 sed

899 2697 976 2733 hoc
996 2702 1130 2745 argute
1157 2694 1276 2744 magis
1304 2706 1423 2743 quam
1439 2706 1552 2739 vere,
1571 2702 1612 2731 et

900 2752 1029 2791 obstat
1065 2750 1175 2802 quod
1197 2753 1463 2803 Pergameum
1493 2750 1609 2791 dixit.

1744 2739 1762 2759 3-
1737 2644 1767 2713 :tt
1759 2597 1767 2619 .-
