1767 3054
636 139 711 179 AD
741 140 947 180 LIBRUM
977 140 1048 178 vr.
1513 145 1562 193 ³:
1574 158 1591 192 ς

154 214 275 266 Quod
293 223 424 253 autem
451 213 502 251 ad
530 212 722 262 Sibyllam
743 224 912 265 spectat,
945 215 1049 252 hanc
1067 222 1184 265 poeta
1206 228 1258 253 ex
1281 213 1573 268 antiquioribus
1587 250 1597 268 ,

95 295 184 332 quae
204 292 288 320 tum
303 281 511 332 vigebant,
532 280 676 319 sabulis
693 283 827 332 petiit,
848 295 930 319 non
945 284 1099 334 primus
1115 285 1365 335 excogitavit.
1384 286 1444 323 En
1463 287 1598 325 locum

96 361 147 386 ex
171 351 334 387 Victore
350 347 398 385 de
416 351 465 386 Ο.
487 348 537 386 G.
559 349 608 386 R.
630 362 663 386 e.
692 362 739 386 10
762 349 932 386 Addunt
946 360 1145 400 praeterea
1168 350 1335 402 quidam
1358 354 1532 391 AEneam
1556 356 1596 391 iu

95 415 209 454 litore
236 414 434 468 (Baiano)
470 416 627 452 Euxini
659 417 865 469 cujusdam
901 416 1055 455 comitis
1086 428 1254 456 matrem
1286 420 1425 458 ultimo
1465 424 1596 461 oetatis

92 483 309 536 affictam,
348 483 455 521 circa
483 493 688 535 stagnum,
722 484 833 534 quod
854 494 912 521 cst
942 484 1046 521 inter
1074 486 1260 523 ,Misenon
1290 489 1594 540 Avernumque‚

91 549 303 597 extulisse,
320 559 442 601 atque
458 551 550 588 inde
563 552 649 589 loco
666 564 808 588 nomen
830 550 998 588 inditum
1009 581 1020 596 ‚
1045 553 1114 603 qui
1133 552 1254 591 etiam
1273 567 1378 591 nunc
1394 556 1597 594 Euxinius

90 616 199 655 sinus
218 618 365 656 dicitur
388 619 564 671 (nomen
581 619 659 657 hoc
684 633 704 656 a
733 621 920 670 quopiam
947 620 1024 657 alio
1054 623 1265 659 memorari
1285 622 1467 661 nondum
1486 625 1592 672 vidi3

88 685 192 723 forte
215 686 264 723 ab
294 687 429 737 aliquo
449 696 610 724 auctore
631 686 857 737 proditum,
885 688 955 738 qui
985 689 1236 736 Cimmerios,
1269 702 1440 739 quorum
1462 691 1595 729 sedem

90 757 135 792 in
161 753 222 791 his
240 754 337 792 locis
356 755 537 792 traditam
560 755 710 792 viderat
723 783 733 802 2
754 768 773 792 a
789 755 996 806 Bosphoro
1018 764 1056 793 et
1073 758 1172 793 mari
1195 758 1356 795 Euxino
1379 758 1460 796 huc
1478 774 1594 799 voca-

90 818 249 871 verat):
270 834 470 872 quumque
489 822 762 873 comperisset,
797 821 940 860 ibidem
973 822 1167 872 Sibyllam
1200 825 1429 862 mortalibus
1446 826 1594 878 fittura

82 889 305 939 praecinere
335 891 375 928 in
405 891 575 942 oppido,
609 893 719 942 quod
744 902 919 929 vocatur
950 891 1209 930 Cimbarionis
1242 894 1483 946 (Cumarum
1509 910 1595 935 non

91 956 191 994 male
209 957 392 996 emendat
410 960 656 1007 Arnzenius3
675 972 724 997 an
743 960 837 997 latet
861 959 1098 997 Cimmerion
1112 965 1134 997 ,ἃ
1154 963 1213 998 Ita
1229 961 1334 1012 apud
1351 962 1502 1002 Tibull.
1518 966 1592 1012 IV,

95 1037 113 1062 1
125 1054 138 1071 ,
170 1026 226 1069 64
242 1027 360 1065 multi
378 1038 387 1064 :
411 1027 649 1065 Cimmerion
668 1027 788 1065 etiam
809 1027 992 1065 obscuras
1015 1028 1180 1065 accessit
1196 1028 1255 1065 ad
1269 1029 1412 1081 arces)
1431 1032 1594 1070 venisse

90 1105 137 1130 eo
163 1093 400 1132 sciscitatum
424 1095 475 1132 de
493 1104 599 1133 statu
614 1095 877 1147 fortunarum
895 1109 1054 1132 suarum
1074 1110 1086 1132 .·
1107 1095 1332 1147 auditisque
1340 1096 1465 1148 fatis,
1489 1099 1593 1136 ‘veti-

89 1171 170 1200 tum
184 1191 196 1208 ‚
225 1177 277 1200 ne
301 1164 333 1201 is
355 1163 557 1216 cognitam
580 1164 765 1216 (ultimas
783 1164 880 1202 duas
898 1177 1035 1212 voces,
1061 1164 1094 1202 is
1116 1163 1339 1217 cognitam,
1374 1174 1442 1203 aut
1459 1179 1511 1204 ex
1529 1166 1589 1204 in-

87 1229 289 1281 cognitam
305 1240 436 1278 natas,
457 1240 523 1268 aut
542 1231 702 1270 aliunde
723 1233 924 1284 irrepsisse
942 1241 1066 1283 puto,
1086 1245 1212 1283 quum
1232 1233 1474 1285 cognatione
1496 1247 1588 1271 con-

79 1297 266 1349 junctam
295 1299 574 1350 interpretatus
606 1309 706 1337 esset
731 1300 873 1352 aliquis
899 1299 1142 1352 cognatam)
1177 1299 1219 1336 in
1248 1298 1374 1337 Italia
1405 1300 1592 1350 sepeliret

87 1364 349 1414 Prochytam,
370 1367 611 1418 cognatione
628 1367 705 1404 sibi
724 1368 995 1420 conjunctam,
1017 1381 1140 1419 quam
1165 1367 1405 1405 incolumem
1423 1367 1588 1418 relique—

88 1441 154 1469 rat
160 1447 176 1477 ;
193 1441 252 1477 et,
270 1444 485 1485 postquam
506 1435 564 1472 ad
579 1435 749 1473 classem
767 1435 898 1483 rediit,
916 1434 1138 1486 reperitque
1157 1444 1368 1480 mortuam,
1394 1435 1435 1471 in
1455 1434 1586 1472 insula

79 1500 274 1549 proxima
291 1501 533 1551 sepelivisse,
560 1517 651 1553 quae
670 1516 777 1540 nunc
797 1516 955 1553 quoque
973 1503 1113 1539 eodem
1131 1512 1191 1539 est
1210 1501 1372 1538 nomine
1384 1516 1401 1545 ;
1426 1510 1470 1538 ut
1489 1502 1583 1539 scri·

85 1568 180 1604 bunt
193 1568 398 1606 Vulcatius
416 1578 456 1606 et
472 1570 628 1606 Acilius
643 1570 748 1608 Piso.
762 1569 838 1608 Sed
855 1569 1074 1620 episodium
1085 1568 1161 1606 hoc
1174 1568 1223 1606 de
1240 1567 1408 1619 Sibylla,
1434 1576 1480 1605 ut
1492 1568 1583 1605 reli-

83 1648 161 1687 qua
174 1666 185 1684 ‚
206 1650 257 1674 ex
272 1637 412 1689 priscis
431 1638 575 1675 fabulis
598 1647 776 1676 sumtum
795 1651 877 1676 esse
890 1666 901 1685 ,
923 1638 1050 1675 multo
1077 1638 1200 1687 magis
1217 1637 1387 1674 declarat
1409 1638 1582 1675 narratio

83 1703 189 1754 apud
205 1706 374 1756 Dionys.
392 1706 425 1751 Ι,
447 1706 500 1743 55
512 1704 561 1742 de
576 1705 727 1756 Sibylla
745 1704 928 1756 Erythris
943 1704 992 1741 ab
1007 1707 1131 1741 AEnea
1143 1713 1353 1750 conventa,
1370 1711 1409 1740 et
1421 1703 1584 1754 Sibyllae

82 1772 314 1809 vaticinium
331 1772 379 1809 ad
396 1775 557 1810 AEneam
580 1786 601 1809 a
616 1774 735 1820 Troja
753 1772 972 1809 solventem
996 1770 1104 1820 apud
1125 1770 1274 1808 TibuJJ.
1294 1771 1334 1806 II
1347 1796 1358 1815 ‚
1381 1771 1403 1806 5
1417 1797 1428 1815 ‚
1455 1783 1520 1819 19.

140 1839 263 1889 Quod
282 1840 403 1878 modo
421 1840 469 1878 de
488 1840 687 1889 Prochyta
706 1848 844 1876 contra
863 1839 1066 1875 Misenum
1087 1837 1218 1874 insula
1237 1850 1287 1874 ex
1309 1838 1473 1873 Victore
1498 1850 1580 1874 me-

81 1909 325 1946 moravimus
337 1935 348 1954 ‚
365 1910 481 1944 etiam
499 1920 519 1943 a
536 1908 734 1958 Dionysio
753 1907 883 1946 Halic.
900 1909 919 1942 I
933 1934 945 1953 ,
968 1907 1018 1944 53
1039 1907 1082 1942 in
1101 1904 1275 1942 medium
1292 1905 1491 1956 prolatum
1509 1915 1580 1943 est.

82 1979 123 2014 A
142 1975 321 2020 Miseno,
345 1977 478 2026 inquit
490 2003 500 2021 ‚
520 1974 683 2012 ulterius
700 1974 936 2026 navigantes
955 1973 1014 2010 ad
1021 1973 1195 2011 insulam
1213 1973 1453 2024 Prochytam
1475 1974 1585 2012 etad

74 2041 386 2094 promontorium
426 2042 558 2093 (recte
589 2043 695 2078 enim
726 2041 932 2078 emendata
963 2050 1056 2078 sunt
1093 2042 1232 2078 Graeca
1259 2053 1279 2077 a
1312 2040 1578 2091 Casaubono)

83 2112 255 2150 Caietam
277 2110 534 2162 appulerunt,
563 2109 688 2159 iisque
711 2108 808 2146 Iocis
827 2108 952 2146 simili
968 2109 1087 2146 modo
1108 2122 1157 2146 ac
1175 2107 1434 2158 superioribus
1453 2108 1576 2145 nomi-

81 2192 135 2216 na
153 2178 439 2229 imposuertmt,
465 2177 576 2229 quod
592 2176 800 2214 mulierum
818 2175 1092 2228 defunctarum
1109 2175 1261 2213 servari
1264 2189 1344 2226 per
1357 2189 1405 2212 ea
1421 2175 1580 2214 vellent

81 2247 328 2285 memoriam.
358 2249 513 2284 Harum
543 2258 643 2282 vero
668 2245 840 2282 alteram
865 2246 1010 2282 AEneae
1031 2253 1247 2296 cognatam
1294 2242 1394 2281 uisse
1408 2243 1572 2295 senine,

79 2314 250 2351 alteram
280 2314 483 2351 nutricem.
511 2314 560 2350 Et
583 2311 819 2363 Prochytam
842 2311 892 2348 de
919 2320 1094 2363 cognata
1118 2311 1260 2348 AEneae
1287 2323 1432 2347 nomen
1460 2323 1575 2348 acce-

72 2380 181 2432 pisse
199 2382 314 2419 etiam
332 2379 492 2418 Naevius
508 2378 549 2415 in
556 2378 690 2429 primo
708 2377 804 2415 belli
817 2377 961 2415 Punici
976 2378 1163 2415 dixerat:
1175 2379 1284 2416 Serv.
1306 2377 1354 2414 ad
1373 2380 1431 2416 IX
1445 2405 1455 2423 ‚
1477 2391 1495 2424 7
1508 2391 1524 2414 1
1535 2379 1572 2416 5.

80 2450 118 2486 A
142 2449 271 2487 Plinio
295 2447 534 2498 Prochytam
563 2460 644 2483 non
676 2445 727 2482 ab
753 2447 898 2484 AEneoe
928 2445 1100 2490 nutrice,
1126 2445 1200 2481 sed
1217 2443 1312 2495 quia
1327 2443 1495 2496 profitsa
1523 2445 1573 2481 ab

80 2515 256 2553 AEnarela
287 2524 398 2559 erat,
435 2514 580 2551 dictam
611 2513 683 2551 lib.
708 2515 788 2560 111,
823 2514 872 2550 13
905 2520 1009 2550 recte
1038 2513 1192 2549 moneri
1222 2519 1421 2562 putamus.
1456 2511 1572 2550 Adde

81 2583 209 2621 Strab.
231 2585 268 2630 1,
286 2597 327 2634 p.
349 2583 403 2620 60
423 2585 474 2630 A,
497 2592 534 2620 et
552 2583 624 2619 alia
644 2582 731 2619 loca
749 2579 854 2631 apud
871 2580 1029 2618 Cluver.
1050 2579 1135 2617 Ital.
1157 2587 1238 2617 ant.
1256 2580 1327 2626 lv,
1350 2575 1398 2625 4'3
1419 2578 1488 2615 sed
1505 2578 1571 2614 hic

81 2657 238 2688 tantum
260 2651 309 2688 de
332 2651 434 2688 fama
461 2652 699 2702 quaerimus,
734 2661 823 2700 quae
859 2647 906 2685 de
933 2651 1067 2687 AEueae
1091 2647 1293 2685 erroribus
1320 2649 1364 2685 in
1389 2646 1451 2684 his
1471 2647 1569 2685 locis

83 2716 221 2763 fuerin
249 2721 409 2757 materia
435 2727 514 2756 tam
540 2720 718 2770 copiosa,
740 2726 786 2755 ut
805 2717 919 2754 etiam
939 2717 1118 2754 omittere
1144 2716 1337 2754 nonnulla
1353 2724 1480 2767 poetae
1505 2728 1571 2752 ue-

83 2797 188 2823 cesse
214 2785 356 2835 fuerit,
384 2789 445 2826 uti
462 2788 539 2826 hoc
566 2787 616 2827 de
644 2784 872 2836 Prochyta5
897 2797 988 2823 uam
1008 2784 1176 2824 alterum
1206 2783 1255 2823 de
1277 2783 1416 2824 Caieta
1445 2781 1518 2820 sub
1539 2780 1568 2818 f.

1326 2859 1409 2907 32*
