1767 3054
214 173 292 208 282

842 172 1081 214 AENEIDOS

216 250 347 290 Auro
371 242 672 303 internectat,
699 244 892 306 Lyciam
914 258 965 292 ut
989 257 1121 309 gerat
1141 245 1242 309 ipsa
1266 244 1563 309 pharetram,

218 322 275 364 Et
300 320 582 381 pastoralem
605 320 797 383 praefixa
821 321 1015 384 cuspide
1040 331 1261 383 myrtum.

204 468 336 522 fibula
357 470 399 505 in
425 467 556 518 capilli
582 475 725 505 ornatu
747 466 930 504 nondum

216 527 367 576 reperi;
387 539 460 562 nec
481 535 610 562 tamen
632 524 838 575 probabile
859 522 929 571 fit,

215 593 366 620 ‘vestem
389 596 408 619 a
427 584 597 621 librariis
615 583 658 618 in
678 582 825 618 crinem
847 595 931 618 mu-

216 642 288 677 tari
311 643 497 690 potuisse.
509 662 565 668 —-
578 640 745 690 Accipio
765 639 930 690 fibulam

218 698 264 734 de
284 711 357 734 acu
373 711 382 743 ;
401 700 443 735 in
461 697 587 736 media
607 696 730 735 fibula
747 706 805 734 est
822 711 929 743 acus,

216 768 304 805 quae
321 756 476 793 mordet
491 756 673 793 laciniam
688 768 696 793 :
716 757 849 805 potuit
866 755 931 792 ad-

215 825 261 850 eo
286 822 324 849 et
344 811 466 850 fibula
485 827 558 864 pro
578 825 651 849 acu
671 812 750 849 dici
771 825 780 848 :
804 821 843 848 et
858 815 931 860 Ly-

214 871 316 906 ciam
341 869 443 907 dixit
464 871 684 921 pharetram
699 899 709 916 ‚
727 877 774 906 ut
801 869 930 906 solent

212 936 339 977 poetae
371 929 619 978 praestantius
648 940 770 979 genus
801 927 929 978 desig-

213 998 306 1021 nare
327 987 429 1032 :sic‚
451 999 564 1022 arcas
590 984 743 1023 Cretici.
767 987 804 1022 E
831 999 930 1034 myr-

214 1052 251 1078 to
278 1041 445 1079 hastilia.
469 1042 551 1080 vid.
573 1043 719 1094 Georg.
738 1045 801 1088 ΙΙ,
823 1050 929 1090 447;

213 1108 250 1136 et
279 1100 500 1148 pastoralis
529 1110 676 1150 myrtus
705 1101 754 1138 de
772 1103 925 1149 jaculo,

214 1169 294 1206 quo
332 1166 508 1206 pastores
534 1167 728 1204 utuntur,
753 1167 793 1196 et
819 1160 928 1210 quod

213 1214 363 1252 Gallice
387 1225 553 1253 vocatur
572 1217 613 1253 la
633 1216 820 1254 lzoulezce.

268 1389 478 1429 Infinitum
498 1400 598 1429 essct
610 1420 620 1437 ‚
642 1393 675 1429 si
691 1403 926 1428 commemo-

209 1461 294 1485 rare
315 1451 444 1486 omnia
455 1479 465 1494 ‚
490 1450 642 1487 diluere
659 1463 702 1486 ac
719 1449 896 1503 refellere
909 1478 920 1495 ,

208 1505 348 1542 vellem
361 1534 372 1549 ,
395 1520 484 1555 quae
503 1521 622 1557 super
639 1520 709 1543 sex
728 1507 921 1555 posterio—

206 1563 314 1599 ribus
333 1564 506 1601 AEueidis
525 1564 636 1600 libris
653 1576 673 1598 a
687 1564 780 1598 viris
797 1563 922 1599 doctis

207 1619 403 1670 disputata
429 1629 533 1657 sunt.
565 1620 672 1658 Solet
691 1618 770 1655 fere
798 1632 920 1655 nnus-

207 1679 374 1727 quisque
409 1686 616 1727 acceptum
650 1677 727 1713 hoc
753 1676 802 1713 ab
838 1676 922 1712 aliis

206 1734 358 1771 tradere
376 1746 386 1772 :
405 1735 611 1772 inferiores
628 1747 709 1771 esse
729 1746 795 1771 eos
811 1733 924 1770 libris

205 1805 275 1829 sex
295 1792 494 1842 prioribus
521 1793 763 1830 inventionis
784 1791 919 1836 laude,

205 1851 346 1900 spiritu
382 1851 542 1900 poetico
556 1878 566 1895 ‚
602 1858 641 1886 et
673 1858 925 1886 ornamento·

207 1921 298 1944 rum
322 1909 436 1957 copia
473 1920 515 1944 ac
547 1909 763 1944 varietate:
792 1908 924 1957 itaque

208 1965 335 2002 multo
344 1966 538 2002 minorem
551 1965 791 2016 voluptatem
801 1978 866 2002 eos
875 1965 925 2001 le-

209 2023 392 2073 gentibus
412 2023 564 2069 afferre,
584 2024 731 2059 remitti
749 2023 924 2059 animum

209 2089 247 2117 et
281 2082 349 2117 vix
378 2080 563 2131 episodiis
593 2081 742 2132 aliquot
771 2079 926 2117 idoneis

209 2139 374 2175 excitari
385 2166 396 2184 ,
415 2152 458 2175 ac
469 2139 659 2191 languore
679 2138 851 2176 absterso
864 2151 924 2175 re-

209 2198 355 2243 creari;
376 2209 450 2233 nec
481 2199 626 2234 mirum
655 2209 735 2234 esse
750 2223 760 2242 ,
781 2197 813 2232 si
839 2195 923 2232 haec

209 2256 262 2290 ita
297 2267 337 2291 se
368 2254 561 2301 habeant,
594 2267 718 2305 quum
744 2253 925 2291 ultimam

210 2323 371 2350 manum
390 2321 517 2363 poetae
538 2313 704 2349 carmini
720 2311 844 2348 fatum
862 2313 924 2348 in-

212 2368 366 2407 viderit.
394 2370 515 2419 Quod
533 2383 583 2407 ne
611 2371 753 2407 frustra
776 2383 797 2406 a
818 2378 924 2406 vete-

211 2425 320 2463 ribus
351 2427 539 2463 traditum
568 2436 688 2473 esset,
719 2428 796 2464 viri
815 2427 924 2464 docti

211 2484 580 2533 circumspexerunt
604 2485 786 2531 solliciti,
810 2484 923 2534 quid-

212 2553 302 2577 nam
320 2540 420 2577 illud
435 2549 551 2586 esset,
569 2542 677 2591 quod
692 2542 924 2580 inchoatum

212 2606 365 2635 tantum
380 2625 390 2643 ‚
417 2611 500 2635 non
524 2598 772 2645 absolutum,
793 2601 836 2636 in
861 2599 923 2636 his

209 2655 322 2692 libris
344 2654 572 2691 habendum
592 2658 655 2693 sit.

266 2714 336 2751 Me
355 2712 659 2750 dissimillimum
675 2726 755 2751 esse
769 2726 921 2760 eornm,

209 2771 280 2821 qui
291 2783 389 2809 caeca
401 2770 560 2822 Virgilii
570 2770 826 2808 admiratione
838 2784 923 2821 cap-

211 2831 238 2865 ti
258 2830 358 2876 sint,
380 2836 462 2875 tot,
483 2837 606 2879 pnto‘,
623 2827 720 2866 locis
739 2841 760 2865 a
779 2842 841 2866 me
860 2828 924 2865 de-

998 469 1188 506 claratum
1221 476 1299 515 est,
1332 474 1379 504 ut
1403 467 1447 503 in
1475 461 1710 502 contrariam

998 527 1095 564 adeo
1140 525 1485 576 reprehensionem
1536 521 1711 558 incidere

997 584 1216 621 multorum
1236 583 1388 631 judicio
1411 580 1537 618 videri
1550 581 1708 630 possim.

999 643 1122 680 Omni
1140 642 1261 691 igitur
1277 639 1490 690 cupiditate
1518 651 1562 674 ac
1579 636 1710 674 studio

998 701 1043 736 in
1061 707 1218 750 poetam
1244 697 1446 748 deposito,
1474 705 1606 733 tamen
1621 696 1709 742 jure

997 770 1086 794 meo
1098 770 1159 793 mc
1167 755 1245 793 hoc
1255 755 1513 806 pronuntiare
1525 753 1708 797 arbitror,

996 815 1037 850 in
1054 814 1116 851 his
1130 811 1442 864 argutationibus
1458 823 1582 860 pauca
1603 823 1684 846 esse
1699 838 1709 854 ‚

996 884 1085 922 quae
1111 872 1198 908 viro
1222 869 1459 921 intelligenti
1479 880 1519 904 se
1540 866 1708 918 probare

994 930 1161 980 possint.
1192 928 1306 965 Adeo
1328 940 1350 964 a
1371 934 1498 978 poetae
1517 924 1683 962 consilio
1697 953 1707 970 ‚

995 988 1179 1024 carminis
1199 994 1433 1037 argumento
1445 1012 1455 1030 ‚
1471 983 1642 1021 heroicae
1652 984 1709 1018 vi-

994 1052 1044 1082 tae
1073 1044 1232 1091 indole,
1263 1042 1458 1094 Augustei
1489 1041 1566 1078 aevi
1589 1045 1706 1077 sensu

994 1115 1038 1140 ac
1050 1102 1203 1150 judicio
1215 1130 1225 1147 ‚
1243 1100 1446 1139 communi
1467 1107 1619 1136 naturae
1636 1097 1709 1134 hu-

993 1173 1119 1197 manae
1152 1160 1238 1210 lege
1272 1172 1315 1195 ac
1352 1169 1462 1194 more
1475 1185 1485 1201 ‚
1525 1150 1708 1192 carminis

994 1219 1095 1269 epici
1119 1216 1379 1254 interioribus
1397 1216 1541 1251 caussis
1554 1240 1565 1259 ,
1583 1213 1707 1250 aliena

992 1284 1086 1313 sunt
1106 1275 1292 1326 pleraque
1306 1302 1317 1321 ‚
1337 1282 1383 1310 ut
1398 1272 1465 1309 illa
1489 1271 1634 1308 centies
1652 1283 1709 1307 re-

992 1342 1102 1370 cocta
1134 1334 1280 1370 iterum
1311 1331 1510 1382 perlegere
1522 1357 1534 1375 ,
1564 1329 1708 1365 iterum

991 1391 1188 1437 refellere,
1221 1389 1400 1427 molestia
1429 1388 1538 1425 omni
1566 1385 1706 1423 moles—

991 1450 1070 1485 tius
1091 1449 1155 1485 sit.

1047 1508 1103 1543 Ut
1122 1513 1255 1541 tamen
1272 1502 1608 1554 interpretationis
1628 1501 1706 1538 hoc

989 1575 1113 1612 genus
1127 1575 1261 1598 meum
1275 1589 1285 1607 ‚
1306 1560 1416 1610 quod
1434 1572 1519 1596 non
1539 1558 1708 1595 desulto-

989 1620 1095 1655 rium
1121 1631 1202 1654 esse
1223 1617 1273 1655 ab
1294 1618 1411 1654 initio
1430 1616 1608 1661 decrevi,
1628 1615 1705 1652 sibi

991 1683 1168 1720 constet,
1193 1687 1277 1711 non
1302 1674 1466 1711 omnino
1494 1686 1556 1709 eas
1591 1685 1701 1724 argu-

991 1734 1063 1769 tias
1079 1732 1377 1782 praetermittere
1395 1731 1500 1768 licet.
1514 1732 1706 1768 Perstrin-

992 1803 1078 1842 gam
1094 1791 1226 1840 itaque
1240 1788 1468 1825 brevissime
1484 1790 1639 1838 potiora
1650 1802 1707 1824 re·

990 1848 1102 1898 preb·
1120 1849 1300 1884 xsionum
1313 1873 1323 1891 ,
1344 1846 1408 1883 vel
1423 1845 1586 1883 laudum
1607 1848 1707 1896 capi-

990 1913 1028 1942 ta
1042 1933 1052 1950 ‚
1074 1913 1114 1942 et
1137 1913 1322 1955 tanquam
1340 1903 1420 1940 levi
1446 1903 1570 1954 digito
1589 1906 1705 1940 attin-

990 1976 1079 2014 gam
1099 1975 1167 2009 ea,
1197 1974 1287 2012 quae
1310 1962 1454 1998 caussis
1479 1961 1634 1998 idoneis
1662 1962 1705 1997 in

989 2029 1198 2071 utramque
1222 2028 1374 2069 partem
1406 2018 1566 2056 destitui
1594 2021 1704 2069 equi-

991 2077 1080 2115 dem
1098 2078 1281 2115 arbitror.
1298 2077 1512 2119 Actionem
1530 2077 1642 2113 aiunt
1657 2076 1705 2112 ab

989 2136 1067 2174 hoc
1085 2136 1189 2174 libro
1206 2134 1421 2186 procedere
1445 2134 1629 2172 carminis
1651 2134 1704 2170 al-

990 2202 1132 2241 teram,
1162 2207 1182 2230 a
1209 2194 1341 2243 priore
1358 2192 1576 2238 diversam,
1594 2191 1704 2240 quod

990 2252 1040 2290 ab
1069 2254 1219 2289 unitate
1244 2252 1428 2288 carminis
1456 2250 1559 2300 epici
1580 2261 1702 2298 quan-

990 2318 1076 2347 tum
1103 2310 1313 2347 abhorret!
1336 2310 1460 2347 resin
1481 2306 1592 2344 Italia
1622 2319 1704 2356 ges-

990 2377 1073 2413 tas;
1112 2368 1233 2418 idque
1268 2367 1401 2417 ipsum
1431 2371 1585 2416 poetam
1619 2377 1703 2401 non

987 2427 1185 2477 ignorasse
1200 2454 1210 2472 ‚
1224 2437 1349 2475 quum
1359 2424 1416 2460 sic
1430 2420 1608 2460 ordiatur
1617 2434 1704 2458 nar-

989 2485 1181 2521 rationem
1198 2497 1236 2520 v.
1253 2488 1305 2526 44
1316 2509 1328 2527 ,
1350 2480 1402 2525 45
1421 2478 1558 2530 Μα]”ον
1573 2492 1700 2516 rerum

990 2540 1089 2577 milzi
1110 2539 1287 2577 nascitur
1302 2537 1398 2574 ordo
1417 2550 1431 2573 .·
1451 2535 1585 2586 Majus
1604 2550 1700 2587 opus

990 2610 1124 2634 moveo
1144 2609 1158 2632 :
1179 2609 1271 2633 eum
1291 2603 1421 2632 autem
1445 2595 1487 2630 in
1511 2594 1620 2631 hunc
1644 2607 1700 2631 er«

988 2667 1117 2692 rorem
1134 2652 1343 2689 inductum
1355 2681 1366 2699 ‚
1385 2651 1494 2701 quod
1509 2664 1578 2688 sex
1595 2653 1701 2702 prio—

986 2712 1096 2749 ribus
1110 2710 1222 2747 libris
1238 2709 1452 2760 Odysseam
1465 2737 1477 2756 ,
1492 2707 1553 2746 his
1569 2710 1699 2748 alteris

988 2783 1057 2807 sex
1084 2767 1244 2805 Iliadem
1273 2766 1479 2805 redhibere
1505 2775 1545 2805 et
1565 2769 1697 2818 expri-

988 2839 1094 2865 mere
1122 2825 1305 2864 voluerit.
1355 2825 1494 2876 Quod,
1533 2826 1566 2863 si
1600 2825 1698 2876 quid
