1767 3054
723 131 878 169 LIBER
908 131 981 169 VI.

1528 144 1600 178 ¹¹7

106 206 315 265 Gaudia;
338 203 727 265 mortiferumque
749 202 949 249 adverso
975 202 1023 247 in
1046 200 1205 246 limine
1227 203 1429 260 Bellum3

107 280 363 343 Fcrreique
385 277 701 324 Eumenidum
725 277 943 335 thalami,
968 288 1015 324 et
1033 275 1284 323 Discordia
1306 277 1521 335 demens,
1546 291 1603 319 ,ευ

108 354 364 417 Vipereum
383 353 562 399 crinem
587 352 717 399 vittis
744 353 914 400 innexa
940 352 1161 398 cruentis.

175 432 229 475 In
252 427 409 474 medio
435 443 588 474 ramos
610 444 881 490 annosaque
905 427 1105 473 brachia
1125 425 1290 488 pandit

109 503 274 550 Ulmus
294 518 466 565 opaca,
489 504 674 566 ingens,
701 519 844 565 quam
863 502 1024 549 sedem
1051 501 1245 548 Somnia
1267 499 1410 562 volgo

107 579 239 623 Vana
257 589 418 623 tenere
444 579 624 635 ferunt,
650 578 868 639 foliisque
893 576 983 623 sub
1008 575 1229 622 omnibus
1254 574 1436 621 haerent
1464 592 1474 617 :

109 749 236 797 Sopor
249 760 300 785 ex
319 747 431 785 Iliad.
456 745 500 793 ξ,
525 749 575 785 23
589 761 601 784 1
620 737 740 791 ‘imag
757 760 824 784 κοι-

108 801 285 859 σίγνητος
315 803 510 843 &weit-cu.
533 807 660 843 Etiam
690 807 824 844 Hesio-

109 861 162 900 do
191 863 341 914 Theog.
366 864 447 910 756
479 876 564 913 sqq.
599 865 768 899 Somnus
787 871 825 899 et

110 922 217 958 Mors
251 921 377 959 Nocte
411 930 533 958 matre
569 920 678 958 editi.
707 920 824 958 Mala

111 977 251 1015 mentis
263 978 443 1029 gaudia,
472 979 649 1028 adeoque
668 980 825 1025 mentis,

108 1047 200 1086 quae
217 1044 257 1073 et
281 1037 365 1087 ipsa
397 1036 533 1081 mala,
572 1045 611 1073 et
641 1037 823 1083 scelesta,

109 1105 191 1132 csse
209 1093 342 1136 debet.
367 1097 589 1146 Argutatur
611 1094 654 1131 in
677 1094 827 1145 epithe-

110 1161 152 1190 to
189 1156 337 1192 Seneca
371 1155 443 1202 Ep.
485 1154 551 1202 59.
586 1154 831 1190 Dixerat—

108 1210 302 1263 gaudium
336 1210 416 1247 nisi
434 1210 610 1261 sapienti
636 1225 716 1247 non
742 1223 833 1247 con-

112 1271 276 1323 tingere.
293 1271 506 1318 ——Itaque
522 1282 609 1305 cum
627 1269 727 1305 dicit
746 1268 832 1304 Vir-

110 1328 231 1380 gilius
269 1336 404 1364 noster
429 1341 441 1363 .·
470 1329 517 1364 Et
557 1328 655 1364 mala
687 1327 830 1363 mentis

115 1386 270 1425 Gaudia
302 1396 311 1422 :
336 1384 480 1421 diserte
515 1383 675 1435 quidem
706 1384 828 1428 dicic;

113 1445 340 1496 sedparum
362 1441 523 1492 proprie
551 1441 662 1492 (scil.
688 1457 708 1480 e
732 1443 829 1480 Stoi-

114 1514 254 1539 corum
277 1498 515 1549 disciplina)
546 1501 700 1536 nullum
720 1499 829 1535 enim

115 1559 266 1596 malum
305 1556 506 1593 Gaudium
537 1566 606 1595 esc.
641 1559 709 1594 Est
736 1569 830 1594 sane

115 1611 421 1669 ἐπιχαιρεκακία
435 1643 446 1661 ,
470 1628 544 1652 nec
575 1625 707 1653 tamen
728 1615 830 1653 forte

113 1687 160 1712 eo
180 1687 312 1719 sensu,
329 1685 411 1722 quo
428 1681 499 1718 est,
518 1671 636 1710 malis
655 1672 800 1710 alienis

113 1731 181 1769 sed
222 1730 411 1776 omnino,
458 1745 549 1768 cum
580 1732 681 1769 male
717 1731 830 1768 factis

114 1787 290 1838 gaudent
317 1788 543 1827 facinorosi.
573 1789 751 1826 Adverso
788 1789 830 1825 in

116 1844 267 1882 limine.
305 1844 460 1883 BeUum
492 1848 536 1884 in
565 1848 652 1897 ipso
693 1846 831 1883 limine

117 1902 237 1953 (cum
256 1902 385 1938 Furiis
400 1911 439 1939 et
454 1903 599 1954 Eride)
614 1932 624 1949 ‚
641 1905 833 1954 qnoniam

118 1960 228 1997 nulla
260 1959 385 2005 major
415 1962 554 1997 mortis
583 1970 641 1998 est
670 1974 831 2006 caussa,

119 2019 172 2055 ait
195 2020 301 2056 Serv.
320 2030 330 2062 ;
352 2017 469 2054 nimis
495 2028 632 2064 acute;
663 2031 755 2055 nam
778 2032 834 2055 re-

118 2077 217 2126 petit
236 2082 375 2125 poeta,
409 2075 517 2125 quod
548 2089 667 2126 supra
694 2088 835 2125 posue-

118 2141 178 2169 rat
192 2145 201 2170 :
214 2131 353 2182 primis
370 2131 606 2183 infaucibus
622 2133 727 2171 Orci.
737 2135 771 2170 T
768 2132 836 2169 Ιια-

121 2190 243 2237 lami,
274 2199 319 2227 ut
344 2204 407 2241 ap.
436 2193 679 2237 Homerum,
715 2188 834 2229 θάλα-

121 2261 210 2300 μοι,
230 2248 439 2295 cubicula,
469 2250 602 2287 ferreis
632 2250 834 2294 claustris,

121 2319 190 2344 seu
218 2306 385 2344 foribus.
419 2310 473 2344 Ita
514 2306 660 2352 Νυκτὸς
694 2302 834 2350 παῖδες

123 2362 281 2418 ἐρεμνῆς
316 2361 403 2401 οἰκί’
436 2363 584 2415 ἔχωσιν
609 2368 652 2404 in
682 2365 836 2403 foribus

122 2424 299 2469 Tartari,
329 2421 435 2474 apud
452 2424 614 2462 Hesiod.
638 2425 729 2462 loco
756 2437 838 2461 mo-

122 2478 175 2518 do
206 2479 314 2519 laud.
352 2494 389 2518 v,
433 2482 528 2529 758.
569 2481 835 2534 Cogitandum

122 2546 251 2576 autem
289 2538 338 2576 de
375 2552 583 2578 servorum
616 2542 835 2590 janitorum

122 2595 233 2633 cellis
261 2597 451 2647 (Vitruv.
470 2601 553 2645 VI,
598 2613 646 2637 10
672 2612 725 2635 ιιι·
754 2611 837 2634 una

116 2663 236 2703 parte
265 2654 436 2705 equilia,
470 2669 523 2693 ex
554 2657 685 2695 altera
716 2656 836 2693 ostia-

124 2710 176 2749 n'c'
208 2712 355 2763 cella).
387 2715 506 2752 Nunc
546 2728 620 2765 pro
654 2715 836 2764 janitori·

125 2766 199 2806 bus
234 2770 279 2807 in
317 2771 428 2807 aditu
466 2771 649 2810 locorum
691 2773 838 2809 infero-

889 761 981 784 rum
1000 761 1091 785 cum
1113 748 1223 785 Bello
1244 755 1284 784 et
1299 746 1507 784 Discordia
1528 749 1610 784 Eu-

891 805 1086 842 menides.
1119 806 1278 842 Eaedem
1309 814 1462 850 tamen,
1506 818 1612 842 nem-

890 876 940 914 pe
978 861 1189 914 Tisiphone
1239 875 1328 899 cum
1378 863 1607 909 Sororibus,

892 920 966 958 inf.
990 934 1028 958 v.
1051 922 1073 958 5
1081 935 1131 970 70
1150 935 1207 971 sq.
1236 919 1277 957 in
1305 920 1418 957 aditu
1455 921 1615 959 Tartari

893 978 1092 1017 collocatae
1119 987 1404 1016 memorantur.
1429 980 1523 1016 Non
1549 979 1613 1016 ha-

896 1037 995 1083 beo,
1036 1038 1149 1087 quod
1183 1038 1275 1074 satis
1313 1035 1523 1074 commode
1566 1036 1614 1074 ad

895 1096 999 1133 hanc
1028 1094 1302 1132 difficultatem
1331 1094 1613 1146 respondeam,

897 1155 975 1191 nisi
1006 1162 1163 1204 poetam
1198 1154 1259 1190 sui
1291 1166 1434 1204 parum
1465 1166 1621 1219 memoi

899 1225 981 1249 rem
1000 1212 1130 1249 fuisse.
1154 1212 1256 1249 Nam
1275 1210 1406 1248 dicere
1419 1239 1430 1258 ,
1462 1224 1523 1247 eas
1547 1211 1614 1248 hic

898 1270 1044 1306 habere
1061 1283 1150 1306 suas
1167 1269 1277 1305 sedes
1291 1297 1301 1315 ‚
1322 1278 1361 1306 et
1377 1282 1448 1319 per
1465 1268 1538 1305 alia
1556 1269 1614 1306 lo-

897 1341 941 1364 ca
964 1327 1216 1364 discursitare
1230 1355 1239 1373 ‚
1261 1327 1442 1375 jejunum
1459 1335 1528 1363 est.
1546 1330 1613 1364 An

898 1384 1135 1422 Eumenides
1155 1384 1247 1421 alias
1259 1398 1340 1421 esse
1352 1384 1479 1421 voluit
1495 1397 1615 1435 quam

898 1444 1061 1480 Furias?
1089 1441 1131 1479 id
1157 1443 1242 1479 sine
1273 1442 1457 1493 exemplo
1485 1441 1614 1480 fieret.

895 1501 1130 1550 Expeditior
1158 1502 1260 1536 ratio
1286 1500 1392 1549 apud
1420 1495 1612 1537 Ovidium

896 1567 954 1595 est
980 1561 1036 1594 IV
1064 1558 1162 1594 Met.
1202 1558 1282 1602 452
1314 1570 1372 1607 sq.
1389 1584 1400 1602 ,
1436 1556 1508 1594 ubi
1534 1557 1614 1595 illae

896 1618 1014 1653 etiam
1041 1624 1137 1651 ante
1160 1613 1298 1665 fores,
1332 1614 1399 1651 sed
1427 1615 1582 1652 Tartari
1601 1644 1611 1661 ,

896 1673 1048 1710 sedent.
1078 1673 1210 1709 Tertia
1237 1673 1370 1722 aliqua
1393 1684 1528 1709 earum
1558 1686 1615 1710 se-

897 1730 965 1768 des
1001 1730 1198 1776 occurrit,
1234 1729 1307 1766 inf.
1345 1732 1427 1767 XII
1444 1759 1454 1776 ,
1504 1731 1586 1780 849
1602 1759 1613 1776 ‚

900 1789 981 1826 850
1007 1787 1046 1824 in
1076 1787 1218 1824 limine
1246 1786 1369 1838 regite
1398 1788 1505 1825 Iovis
1539 1801 1612 1826 eae-

898 1847 989 1884 dem
1006 1844 1217 1883 satellitum
1234 1846 1326 1883 loco
1345 1846 1544 1883 excubare
1560 1846 1614 1882 di-

900 1912 1071 1948 cuntur,
1106 1903 1273 1941 aliorum
1298 1911 1509 1953 poetarum
1531 1916 1615 1939 mo-

900 1975 956 1999 re.
984 1960 1164 2007 Scilicet,
1199 1960 1307 2009 quod
1324 1961 1404 2008 jam
1421 1959 1515 1997 alibi
1536 1973 1616 1998 mo-

900 2020 1054 2063 nitum,
1096 2018 1139 2054 in
1175 2026 1291 2068 poeta
1323 2017 1614 2068 reprehenden-

901 2076 999 2113 dum
1017 2088 1100 2112 non
1119 2084 1178 2112 est
1190 2103 1200 2119 ‚
1225 2076 1258 2112 si
1275 2075 1440 2112 diversis
1458 2077 1501 2112 in
1517 2075 1616 2114 locis

901 2134 1076 2170 diversos
1092 2132 1253 2183 mythos
1271 2135 1450 2183 sequitur
1468 2145 1478 2171 ε
1495 2134 1615 2171 modo

900 2191 1000 2229 nihil
1022 2191 1095 2236 sit,
1130 2189 1239 2241 quod
1258 2199 1491 2241 praesentem
1511 2191 1616 2229 fruc-

901 2259 987 2286 tum
1010 2256 1049 2286 et
1067 2248 1312 2299 voluptatem
1334 2249 1439 2296 loci,
1474 2251 1516 2287 in
1535 2263 1617 2300 quo

901 2308 1026 2345 lector
1049 2314 1249 2354 versatur,
1274 2306 1407 2345 turbet
1429 2316 1468 2345 et
1496 2310 1616 2346 inter-

903 2367 1035 2417 cipiat.

963 2423 1059 2461 282.
1080 2424 1129 2459 In
1150 2421 1324 2459 medium
1342 2422 1438 2460 alter
1456 2425 1613 2476 Menag.

903 2484 953 2520 In
981 2479 1131 2518 medios
1157 2480 1354 2519 Montalb.
1377 2483 1501 2519 Porro
1530 2491 1616 2519 ten-

902 2539 962 2577 dit
979 2538 1156 2578 Parrhas.
1185 2539 1355 2575 tendens
1380 2538 1509 2576 Proba
1533 2540 1617 2578 Fal-

902 2598 1025 2637 tonia.
1050 2597 1237 2647 pandens
1265 2596 1398 2634 Schol.
1421 2598 1546 2636 Statii.
1576 2612 1614 2635 v.

903 2668 991 2706 sup.
1010 2654 1059 2693 ad
1077 2655 1224 2706 Georg.
1243 2657 1306 2701 11,
1327 2654 1425 2705 296.
1445 2676 1503 2684 —
1518 2656 1613 2692 283.

905 2715 981 2751 Pro
1010 2713 1137 2764 vulgo
1169 2712 1344 2750 Parthas.
1374 2712 1529 2762 passim
1566 2725 1614 2748 ex

903 2773 1068 2823 interpr.
1090 2772 1192 2809 Mox
1210 2779 1338 2821 poetae
1366 2783 1450 2807 non
1480 2769 1617 2820 displi-
