1767 3054
680 132 833 169 LIBER
864 132 977 168 VIII.

1497 138 1576 179 345

78 205 290 252 Mulcere
318 206 548 260 alternos,
575 214 621 249 et
645 219 851 266 corpora
875 201 1051 263 fingere
1074 201 1247 263 lingua.

76 282 176 325 Nec
198 280 359 341 procul
386 278 497 323 hinc
514 280 737 336 Romam,
762 290 808 324 et
833 289 990 339 raptas
1014 277 1113 323 sinc
1139 294 1272 324 more
1287 279 1484 328 Sabinas
1511 295 1573 324 635

77 355 307 399 Consessu
331 367 510 408 caveae,
534 352 713 414 magnis
737 351 1038 398 Circensibus
1065 352 1205 410 actis,

75 426 360 484 Addiderat,
386 425 642 489 subitoque
666 443 846 473 novum
870 442 1156 489 consurgere
1180 427 1355 474 bellum

76 502 362 561 Romulidis,
384 503 617 565 Tatioque
642 504 766 561 seni,
790 502 1089 564 Curibusque
1114 504 1304 549 severis.

75 579 185 623 Post
208 575 353 635 idem,
381 578 504 624 inter
525 595 574 624 se
600 579 756 641 posito
782 578 1061 635 certamine,
1084 595 1218 640 reges

73 652 260 698 Armati
281 653 413 699 Jovis
439 664 547 700 ante
573 669 725 711 aram,
753 665 1034 716 paterasque
1061 663 1298 712 tenentes,
1515 667 1577 701 650

73 725 297 784 Stabant,
323 738 370 773 et
393 744 512 774 caesa
530 727 796 790 jungebant
823 727 1001 774 soedera
1025 743 1184 789 porca.

75 802 217 848 Haud
241 803 409 864 procul
434 802 543 848 inde
557 837 571 861 ,
595 804 699 850 citae
724 806 908 849 Metum
932 803 982 849 in
1007 802 1194 850 diversa
1217 803 1460 866 quadrigae

72 999 188 1043 poeta
201 991 358 1043 dignam
374 1000 413 1029 et
422 992 593 1044 Virgilio
610 992 792 1042 frequen-

73 1058 217 1096 tatam;
261 1050 316 1086 sic
353 1050 471 1086 etiam
510 1052 790 1087 Lucretianum

73 1106 192 1144 tereti
222 1107 369 1144 cervice
401 1107 580 1158 reposta)
593 1136 604 1155 ‚
631 1108 791 1145 alteram

73 1173 204 1202 tamen
233 1163 283 1200 ad
311 1165 393 1201 vim
411 1166 563 1214 epicam
588 1175 791 1203 ornatum-

72 1235 151 1272 que
161 1223 280 1272 magis
289 1228 555 1273 assurgentem
564 1223 789 1270 lectionem,

74 1279 221 1316 cervice
239 1278 449 1331 reflexam.

133 1337 216 1374 635
228 1336 396 1381 -641.
435 1334 526 1372 Sine
555 1348 660 1372 more
673 1364 684 1380 ,
706 1338 790 1373 sine

73 1393 178 1446 lege,
207 1391 388 1446 ἀκόσμως
401 1420 412 1438 ,
430 1394 693 1443 incomposite
707 1422 717 1439 ‚
740 1402 791 1431 te·

73 1465 195 1489 mere.
231 1452 282 1490 cf.
315 1454 367 1497 V,
405 1451 513 1500 6943
551 1452 654 1497 VII,
692 1453 788 1498 377.

72 1510 202 1547 Etiam
233 1509 369 1547 Julius
394 1509 562 1547 Sabinus
590 1508 787 1558 explicat:

72 1565 159 1604 sine
182 1565 400 1605 honestate.
413 1587 466 1594 —
479 1566 576 1602 636.
602 1564 787 1612 Οανεαιη,

71 1622 113 1662 h.
132 1624 158 1662 l.
183 1625 226 1661 in
245 1625 352 1661 circo
372 1622 488 1660 dixit.
512 1624 684 1673 Blagnos
709 1623 788 1660 (sir-

71 1694 207 1718 censes
233 1680 347 1719 ludos
362 1679 465 1717 dixit
477 1707 487 1726 ‚
510 1693 598 1730 quae
618 1682 730 1718 Livio
749 1690 788 1718 et

72 1739 156 1776 aliis
191 1738 407 1777 Consualia
441 1746 559 1782 sunt,
595 1739 786 1788 Neptuno

71 1797 244 1846 equestri
282 1796 476 1833 celebrata
493 1822 504 1840 ‚
543 1795 645 1831 forte
677 1796 786 1845 quod

69 1853 115 1890 in
157 1853 301 1891 horum
335 1853 471 1890 locum
513 1862 788 1889 successerunt

70 1911 287 1949 Circenses.
302 1930 359 1937 -—
370 1909 468 1955 637.
482 1909 654 1944 Mutavit
664 1917 788 1946 struc-

69 1976 201 2004 turam
220 1978 232 2005 :
252 1969 420 2004 Romam
451 1974 492 2001 ec
519 1964 689 2002 Sabinas
711 1965 785 2002 ad-

70 2024 228 2061 diderat
244 2051 255 2070 ,
297 2023 512 2072 subitoque
550 2034 786 2073 consurgere

72 2081 218 2119 bellum
233 2109 243 2125 ‚
261 2093 335 2131 pro
349 2092 594 2130 consurgens
614 2079 762 2117 bellum
774 2108 784 2126 ‚

68 2138 147 2176 hoc
183 2146 240 2176 est
253 2166 263 2184 ,
298 2137 403 2175 uude
432 2137 583 2174 bellum
620 2149 784 2174 consur-

67 2204 189 2247 geret.
223 2217 283 2224 —·
321 2195 420 2244 638.
472 2194 633 2232 Curibus
678 2208 782 2231 seve-

67 2253 143 2298 n's,
181 2252 229 2290 ad
266 2252 504 2291 Sabinorum
535 2251 783 2302 disciplinam

66 2319 241 2362 spectare
259 2311 370 2347 facile
387 2310 636 2359 intelligitur.
659 2311 785 2347 Servii

27 2360 35 2368 ’
67 2380 200 2406 caussa
211 2380 430 2406 monemus.
444 2367 492 2405 cf.
508 2366 651 2413 fierda,
666 2380 784 2417 quem

66 2434 106 2463 et
133 2425 224 2463 vide
247 2440 287 2463 v.
313 2426 392 2470 641
424 2424 472 2461 de
501 2438 626 2474 porca
652 2437 779 2471 caesa,

66 2495 118 2520 ex
148 2495 258 2522 more
285 2491 479 2534 perpetuo
507 2495 709 2519 sacrorum
739 2484 783 2519 in

66 2538 283 2578 foederibus
300 2539 510 2585 faciendis3
529 2553 566 2577 v.
586 2553 619 2577 c.
637 2541 721 2577 Liv.
738 2541 779 2586 I,

68 2604 136 2641 24.
154 2599 222 2636 Est
240 2607 279 2635 et
294 2598 370 2635 hoc
389 2606 664 2649 argumentum
685 2597 783 2634 mul-

66 2660 201 2691 torum
229 2668 444 2693 numorum
459 2683 469 2701 ,
489 2655 670 2704 inprimis
691 2668 783 2705 gen-

66 2710 117 2746 tis
136 2710 318 2761 Sulpiciae
330 2740 341 2758 ,
359 2713 558 2758 Veturiae,
577 2713 782 2750 Antestiae.

66 2787 125 2796 -—
148 2767 245 2812 641.
286 2769 400 2808 Coesa
435 2782 560 2821 porco
594 2769 783 2807 maluerat

858 994 995 1030 Heius.
1017 1021 1026 1039 ,
1044 992 1111 1030 sed
1131 1007 1237 1031 coesa
1254 1008 1403 1044 porca,
1428 994 1576 1046 elegan-

858 1052 937 1087 tius
961 1050 1113 1087 dictum
1134 1065 1207 1101 pro
1225 1053 1335 1089 tenui
1348 1061 1386 1089 et
1397 1052 1553 1103 plebeio
1565 1081 1575 1097 ‚

858 1121 960 1145 coeso
983 1122 1132 1158 porco,
1168 1109 1276 1159 quod
1307 1123 1346 1146 v.
1380 1123 1415 1147 c.
1443 1112 1577 1147 Livius

857 1166 975 1203 habet
1008 1166 1079 1204 lib.
1112 1168 1156 1211 Ι,
1180 1175 1230 1210 24
1247 1195 1257 1212 ,
1280 1169 1358 1214 jam
1380 1168 1574 1217 Quinctil.

858 1223 1084 1261 observavit
1124 1226 1254 1261 Instit.
1306 1227 1415 1262 Orat.
1451 1227 1550 1261 VIII
1566 1252 1575 1270 ,

860 1281 882 1316 3
900 1308 909 1325 ,
936 1294 1000 1329 ¹9·

916 1337 1014 1380 642.
1045 1338 1197 1374 Metam
1229 1351 1365 1375 omnes
1399 1340 1500 1376 Pier.
1538 1348 1576 1376 et

856 1393 1038 1444 plerique
1070 1396 1206 1432 Heins.
1238 1409 1331 1431 cum
1350 1398 1459 1434 Serv.
1475 1425 1484 1442 ‚
1505 1399 1576 1446 qui

856 1465 1063 1502 perperam
1087 1451 1274 1502 disputat.
1306 1453 1471 1490 Mecium
1492 1463 1575 1490 tan-

856 1517 943 1545 tum
976 1522 1053 1546 sec.
1087 1511 1232 1546 Moret.
1264 1518 1303 1546 et
1337 1513 1440 1547 Ven.
1456 1539 1466 1556 ‚
1507 1511 1574 1547 sed

856 1565 963 1604 Gud.
987 1579 1079 1603 cnm
1102 1575 1275 1615 quatuor
1292 1566 1376 1603 aliis
1390 1569 1571 1605 illectum.

854 1624 1041 1661 Heinsius
1054 1624 1234 1660 Mettium
1249 1622 1411 1662 refinxit
1424 1634 1462 1661 et
1474 1626 1575 1662 mul-

853 1689 917 1717 tus
940 1682 983 1717 in
1001 1694 1048 1718 eo
1069 1690 1149 1727 est,
1170 1690 1216 1718 ut
1239 1683 1282 1718 in
1309 1683 1573 1720 marmoribus

854 1747 892 1775 et
910 1740 1043 1775 numis
1060 1739 1115 1775 ita
1131 1739 1253 1775 scribi
1277 1738 1441 1786 doceat;
1463 1740 1572 1790 quod

853 1797 928 1845 ipsi
945 1795 1205 1832 concedemus
1216 1823 1228 1840 ,
1248 1798 1403 1845 quoties
1416 1797 1465 1833 de
1482 1810 1572 1846 gen-

854 1861 892 1889 te
933 1855 1111 1890 Romana
1147 1854 1286 1889 Mettia
1315 1853 1378 1889 vel
1414 1854 1559 1897 Mena,

852 1922 943 1945 nam
963 1909 1020 1946 nil
1042 1909 1186 1946 referre
1203 1909 1395 1954 arbitror,
1416 1911 1569 1960 agitur3

852 1965 921 2002 sed
937 1966 1001 2002 hic
1028 1966 1245 2004 Fuffetium
1267 1967 1457 2004 habemns
1478 1982 1568 2005 cum

850 2025 1096 2072 praenomine
1111 2023 1222 2061 Meti.
1235 2046 1292 2052 —-
1306 2025 1388 2069 642
1401 2047 1459 2053 --
1469 2025 1566 2070 645.

852 2081 960 2118 conf.
975 2083 1059 2118 Liv.
1078 2083 1120 2127 I,
1141 2093 1190 2128 27
1209 2109 1218 2124 ‚
1237 2082 1303 2120 28.
1318 2082 1438 2132 Quod
1453 2093 1570 2133 poeta

853 2140 994 2175 merito
1027 2140 1132 2175 inter
1162 2139 1433 2177 memorabilia
1467 2143 1567 2179 anti-

849 2208 938 2244 quae
953 2195 1128 2233 historiae
1146 2196 1289 2234 habere
1309 2199 1441 2247 potuit
1454 2227 1464 2244 ‚
1485 2208 1568 2237 erat

851 2253 959 2289 Alba
990 2253 1123 2290 diruta
1139 2265 1154 2289 .·
1187 2267 1263 2304 qua
1299 2257 1436 2292 Romae
1474 2269 1568 2307 opes

850 2312 992 2361 insigni
1028 2310 1147 2348 modo
1181 2312 1291 2348 fuere
1315 2321 1464 2359 auctae3
1484 2327 1568 2351 suc-

851 2370 966 2405 cessit
987 2370 1043 2404 sic
1066 2368 1221 2405 colonia
1244 2371 1287 2406 in
1304 2371 1568 2420 metropoleos

849 2425 984 2462 locum
1006 2427 1227 2475 principem
1247 2428 1351 2464 inter
1366 2427 1485 2465 urbes
1502 2431 1568 2466 La-

851 2484 950 2520 tinas
964 2511 974 2529 ,
999 2485 1181 2533 viamque
1203 2483 1279 2521 sibi
1302 2483 1349 2521 ad
1373 2487 1567 2537 principa-

851 2549 935 2577 tum
959 2542 1186 2578 Latinorum
1220 2545 1374 2592 paravit
1394 2554 1403 2579 ε
1430 2546 1569 2593 quaesi-

849 2598 907 2633 vit
932 2599 974 2634 in
1005 2599 1227 2636 narratione
1257 2599 1431 2650 aliquid,
1456 2601 1567 2649 quod

851 2657 1024 2692 novitate
1050 2668 1119 2692 sua
1153 2657 1331 2693 animum
1363 2667 1565 2703 moveret,

849 2720 887 2748 et
901 2722 1086 2750 ornatum
1099 2715 1266 2751 carmini
1278 2713 1566 2753 adderet.1de1n

849 2778 945 2819 puta
965 2783 1057 2808 eum
1076 2779 1267 2822 spectasse
1285 2773 1328 2809 in
1346 2780 1563 2810 ceterarum
