1767 3054
166 106 244 130 120

789 91 1034 129 AENEIDOS

162 162 404 210 Turbidus
424 162 503 209 hic
524 178 657 208 coeno
681 173 907 224 vastaque
928 162 1154 225 voragine
1180 178 1347 224 gurges

162 243 370 297 AEstuat,
392 250 532 301 atque
557 254 744 284 omnem
770 241 947 300 Cocyto
970 248 1151 284 eructat
1172 253 1375 283 arenam.

164 317 373 362 Portitor
396 314 480 361 has
504 314 773 360 horrendus
798 330 942 375 aquas
967 324 1013 359 et
1037 312 1230 359 flumina
1254 321 1410 358 servat

163 389 387 436 Terribili
411 390 629 451 squalore
652 387 865 438 Charon,
887 388 962 431 cui
984 388 1186 447 plurima
1206 397 1363 432 mento

165 466 369 511 Canities
395 465 570 510 inculta
589 465 735 525 jacet,
762 470 885 505 stant
909 460 1086 506 lumina
1105 460 1314 520 flamma3

1598 470 1659 502 300

167 540 398 589 Sordidus
419 555 476 584 ex
496 535 705 581 humeris
730 534 857 579 nodo
882 533 1117 595 dependet
1136 534 1346 581 amictus.

167 619 274 676 Ipse
298 626 447 659 ratem
467 622 607 658 conto
627 608 826 671 subigit,
848 608 1058 672 velisque
1077 609 1331 667 ministrat,

168 851 263 876 mox
294 837 426 873 lacum
459 842 497 871 et
519 833 727 883 paludem.
755 835 880 870 Porro

170 894 355 933 Acheron
374 893 415 930 h.
433 893 460 929 l.
482 892 525 927 in
544 891 731 940 Coc-yrum
751 904 791 927 se
810 892 883 926 im-

947 831 1141 870 flammea.
1173 833 1357 871 Ceterum
1388 833 1515 882 maJ‘or
1544 834 1660 874 codd.

948 899 987 928 et
1015 890 1176 940 quidem
1202 891 1519 940 praestantiorum
1547 905 1662 942 pars,

170 953 314 997 mittit,
336 958 473 987 eontra
496 962 614 999 quam
637 962 699 998 ap.
719 951 881 986 Homer.
934 949 1125 1002 flammae
1148 948 1333 996 exhibet,
1355 950 1471 987 etiam
1494 953 1664 989 Roman.

172 1010 315 1060 odyss·
335 1022 358 1045 κ
373 1036 383 1054 ,
420 1008 499 1044 513
532 1021 589 1058 sq.
617 1007 736 1044 Coeno
751 1035 760 1052 ,
789 1019 885 1043 mox

172 1080 325 1111 arena;
364 1078 449 1102 non
490 1063 656 1102 diversa.
699 1065 882 1110 AEstuat,

172 1138 241 1162 seu
258 1133 304 1161 ut
323 1125 374 1161 sit
391 1122 520 1173 simpl.
549 1122 664 1168 fluit3
695 1135 766 1159 seu
795 1122 885 1171 quia

172 1183 395 1220 vorticosus
416 1182 540 1217 amnis
559 1189 629 1217 est.
654 1180 703 1217 cf.
726 1193 812 1229 sup.
836 1178 887 1216 ad

172 1254 211 1278 v.
235 1253 328 1287 107.
355 1238 498 1287 Cocyto
527 1246 700 1284 eructat,
734 1239 777 1274 in
810 1237 885 1275 Co-

174 1306 324 1349 cytum.
358 1297 517 1336 Servius
545 1308 554 1334 :
585 1313 603 1327 «
631 1296 783 1332 scilicet
815 1308 886 1345 per

174 1373 192 1386 «ε
212 1358 373 1406 Stygem
387 1373 406 1386 υ
427 1367 477 1390 ex
491 1367 609 1391 versu
626 1367 768 1403 nempe
788 1354 884 1390 323.

172 1415 234 1450 Ex
261 1413 302 1450 h.
336 1412 364 1449 l.
391 1412 535 1450 Statius
565 1413 622 1448 IV
654 1412 779 1448 Theb.
805 1411 885 1447 522

173 1470 337 1507 liventes
356 1467 543 1506 Acheron
561 1468 709 1520 ejectac
725 1481 886 1505 arenas,

235 1528 478 1577 298-304,
495 1529 643 1564 Ornate
660 1526 813 1577 singula
828 1555 837 1573 ,
852 1534 892 1562 et

175 1598 226 1622 ex
241 1585 282 1625 h„
303 1585 331 1623 l.
351 1584 419 1621 alii
438 1583 679 1622 Charontem
697 1583 890 1620 exhibue-

175 1651 295 1690 runt,
315 1651 361 1679 ut
377 1644 520 1680 Seneca
533 1670 543 1688 ,
565 1644 685 1679 Herc.
705 1641 782 1679 fur.
807 1642 886 1688 764

177 1722 234 1728 —-
250 1701 346 1750 769.
370 1721 428 1729 -—-
453 1701 549 1737 300.
582 1701 702 1736 Stant
733 1699 890 1736 Iumina

164 1758 364 1810 flamma,
390 1766 480 1808 post
503 1759 676 1795 Pierium
704 1757 890 1794 Heinsius

177 1824 217 1852 et
235 1816 488 1852 Burmannus
503 1822 669 1850 tuentur
682 1828 692 1860 3
707 1815 892 1851 Heinsius

178 1873 295 1909 etiam
306 1872 478 1908 illustrat
490 1885 528 1908 v.
549 1885 583 1909 c.
596 1872 668 1909 inf.
691 1873 770 1908 XII
783 1899 793 1917 ,
810 1878 887 1918 417

179 1932 272 1966 Iam
285 1929 447 1978 pulvere
466 1929 607 1966 coelum
622 1931 736 1965 Stare
749 1928 866 1966 vides
877 1942 894 1974 ;

180 1995 220 2024 et
256 1988 519 2024 Horatianum
542 2000 551 2025 ;
575 1986 694 2023 Vides
726 1995 771 2022 ut
808 1986 896 2023 alta

180 2053 256 2081 stet
274 2044 360 2080 nive
383 2043 601 2080 candidum
624 2046 800 2081 Soracte.
820 2043 895 2081 Sed

181 2100 385 2152 quomodo
414 2101 498 2138 haec
528 2103 583 2138 ita
614 2101 695 2138 diei
717 2102 893 2150 possint,

182 2159 283 2196 forte
294 2159 436 2209 rogas?
453 2159 626 2205 Scilicet,
639 2158 795 2208 vulgari
811 2171 897 2195 ora-

184 2217 292 2253 tione
306 2215 458 2265 ,pulvis
475 2224 555 2253 stat
577 2216 616 2252 in
642 2216 760 2260 caelo,
783 2217 897 2265 erigi-

185 2280 251 2309 tur
272 2275 315 2309 in
336 2286 446 2319 aere;
469 2273 565 2309 hine
594 2273 642 2309 ad
663 2281 798 2309 notam
818 2273 895 2309 ele-

185 2331 356 2380 gantiam
383 2338 612 2367 revocatum
642 2338 723 2376 est,
753 2337 801 2366 ut
828 2343 902 2366 σω-

187 2386 267 2422 lum
286 2395 362 2422 stet
373 2387 548 2436 pulvere.
578 2387 764 2426 Similiter
769 2387 900 2439 flam-

187 2457 255 2480 ma
279 2446 440 2494 proprie
462 2453 566 2491 stat,
587 2452 668 2489 est,
701 2445 838 2490 micat,
857 2443 899 2481 in

188 2501 311 2537 oculis
334 2501 537 2552 (imagine
565 2503 624 2539 rei
645 2502 726 2549 jam
753 2504 898 2538 Home-

187 2570 234 2594 ro
251 2557 496 2608 frequentata
513 2559 626 2597 Iliad.
648 2573 668 2596 τ
682 2587 692 2606 ,
716 2559 797 2596 365
813 2573 823 2606 ;
846 2571 895 2606 α,

195 2621 299 2661 Ῑο4;
332 2629 371 2662 ο,
396 2616 475 2663 607
492 2644 502 2662 ,
542 2617 622 2654 608
640 2630 650 2662 ;
670 2616 814 2667 Odyss.
852 2611 898 2663 ὃ,

191 2672 289 2710 662.
321 2673 373 2710 cf.
399 2673 470 2710 inf.
503 2675 604 2720 ΧΠ,
646 2673 777 2725 102),
808 2672 900 2710 hinc

189 2729 346 2770 Iumina
359 2730 648 2784 scantflamma
660 2758 672 2776 ,
695 2730 736 2768 h.
757 2743 790 2768 e.
808 2738 903 2767 sunt

951 1019 1042 1043 cum
1062 1005 1263 1053 Mediceo;
1293 1007 1337 1044 in
1359 1006 1437 1045 hoc
1459 1015 1591 1045 tamen
1613 1008 1665 1047 ab

951 1063 1214 1101 emendatrice
1276 1077 1398 1102 manu
1451 1063 1660 1112 relictum,

937 1120 1132 1176 flamma.
1155 1123 1333 1172 Antiqua
1359 1123 1511 1172 aliquot
1534 1136 1663 1161 exem-

952 1180 1075 1230 plaria
1095 1180 1213 1216 Pierii
1236 1188 1275 1217 et
1294 1179 1448 1218 Zulich.
1467 1193 1488 1217 a
1511 1194 1564 1219 m.
1582 1194 1660 1219 sec.

940 1237 1144 1290 flammea
1156 1237 1411 1284 exhibebant3
1422 1237 1501 1275 hoc
1520 1237 1665 1275 arride-

952 1295 1020 1332 bat
1042 1296 1208 1332 Heinsio
1223 1324 1234 1342 ,
1262 1303 1308 1332 ut
1334 1297 1438 1341 VII,
1463 1296 1543 1341 448
1559 1323 1570 1343 ,
1590 1309 1665 1333 nec

951 1353 1052 1389 mihi
1085 1352 1278 1403 displicet.
1296 1374 1354 1382 —-
1372 1354 1491 1390 Stant
1510 1353 1667 1390 Iumina

941 1409 983 1461 f
1004 1423 1079 1460 pro
1101 1410 1275 1461 vulgari,
1296 1410 1451 1447 flamma
1467 1419 1563 1458 stat,
1584 1419 1642 1448 est
1655 1438 1665 1458 ‚

954 1469 996 1504 in
1017 1467 1163 1514 oculis3
1186 1476 1281 1505 sunt
1297 1467 1450 1505 lumina
1471 1467 1665 1506 flammea.

955 1547 1013 1553 —-
1029 1526 1121 1562 301.
1149 1528 1321 1562 Lacerna
1348 1525 1506 1563 videtur
1540 1525 1663 1576 desig-

956 1584 1065 1629 nari,
1100 1583 1254 1633 palh'oli
1287 1595 1434 1633 genuS,
1466 1583 1572 1621 nodo
1601 1583 1669 1620 ad-

956 1642 1096 1691 stringi
1109 1640 1283 1679 solitum.
1298 1642 1499 1678 Vestitum
1515 1640 1672 1678 naucle-

957 1700 991 1735 ri
1010 1712 1048 1736 v.
1072 1699 1149 1735 301
1174 1711 1225 1734 ex
1247 1698 1430 1735 Plautino
1449 1697 1540 1735 loco
1555 1698 1668 1735 illus-

957 1763 1034 1792 trat
1064 1754 1212 1799 Cerda,
1233 1756 1276 1792 in
1302 1754 1454 1800 Milite,
1477 1763 1552 1793 act.
1582 1757 1643 1792 Π
1657 1783 1668 1802 ,

957 1826 1009 1850 se.
1049 1819 1094 1858 4,
1126 1820 1174 1857 41
1210 1826 1294 1862 sqq.
1308 1840 1318 1859 ,
1354 1812 1427 1848 ubi
1463 1811 1672 1862 palliolum

958 1869 1230 1920 ferrugineum
1248 1892 1305 1898 ——-
1320 1868 1362 1906 id
1379 1882 1608 1907 connexum
1628 1870 1673 1907 in

960 1927 1128 1964 humero
1162 1928 1289 1975 laevo,
1320 1927 1560 1979 expapillato
1579 1926 1672 1964 bra-

962 1985 1066 2022 chio.
1090 1984 1270 2037 Subigit:
1293 1985 1366 2022 Ge.
1390 1986 1433 2033 1,
1460 1998 1537 2022 201
1553 2013 1565 2032 ,
1588 1996 1671 2021 202

965 2041 1046 2092 Qui
1053 2043 1216 2079 adverso
1227 2041 1306 2079 vix
1302 2042 1484 2096 flumine
1500 2041 1672 2079 lembum

961 2099 1153 2151 Remigiis
1167 2099 1334 2152 subigit,
1355 2101 1435 2150 agit
1448 2114 1459 2147 ;
1476 2098 1583 2137 velis
1597 2098 1672 2135 mi-

962 2156 1107 2193 nistrat
1138 2159 1255 2194 etiam
1287 2157 1359 2195 inf.
1383 2160 1448 2204 X,
1470 2157 1551 2194 218
1583 2158 1674 2206 Ipse

962 2214 1104 2251 sedens
1121 2215 1353 2265 clavumque
1374 2214 1478 2266 regit
1491 2213 1674 2262 ‘velisque

965 2271 1170 2309 ministrat
1180 2286 1195 2316 ;
1206 2271 1248 2309 h.
1262 2285 1296 2310 e.
1307 2271 1572 2308 ministerium
1579 2281 1675 2320 prae-

967 2337 1061 2375 stat,
1081 2337 1288 2379 operatur,
1305 2328 1427 2375 velis3
1445 2327 1530 2364 vela
1547 2334 1672 2365 cumt.

966 2385 1232 2423 stlinisterium
1253 2387 1419 2423 omnino
1436 2396 1526 2421 voc.
1543 2385 1674 2422 nauti-

968 2457 1084 2490 cum,
1105 2452 1151 2481 ut
1179 2451 1338 2480 notum.
1367 2441 1555 2477 Heinsius
1591 2453 1672 2477 ma-

965 2502 1053 2538 vult
1082 2502 1246 2551 jungere
1265 2510 1276 2536 z
1309 2496 1512 2534 ministrat
1546 2507 1674 2535 ratem

962 2557 1088 2602 velis,
1118 2565 1164 2594 ut
1190 2553 1296 2605 apud
1319 2554 1452 2592 valer.
1496 2554 1555 2592 Fl.
1587 2556 1673 2601 ΠΙ,

968 2615 1018 2651 38
1035 2641 1046 2660 ,
1069 2615 1159 2663 Ipse
1177 2621 1304 2649 racem
1325 2620 1448 2648 'vento
1474 2610 1675 2663 stellisque

967 2669 1174 2708 ministrat.
1190 2671 1240 2707 Et
1257 2681 1334 2706 usu
1351 2681 1443 2706 sane
1459 2677 1675 2720 utrumque

965 2727 1160 2779 probatur
1193 2738 1203 2765 :
1247 2726 1297 2765 cf.
1338 2726 1387 2764 ad
1415 2740 1449 2766 e.
1477 2726 1506 2765 l.
1534 2727 1672 2765 Burm.
