1767 3054
194 123 272 159 228

824 126 1064 165 AENEIDOS

186 198 245 239 At
268 193 478 250 trahere,
504 204 645 255 atque
668 209 823 241 moras
851 196 990 242 tantis
1015 196 1121 243 lieet
1145 197 1317 245 addere
1344 199 1512 260 rebus;

1630 214 1691 246 315

184 272 246 313 At
271 268 378 314 lieet
403 267 651 313 amborum
680 270 883 331 populos
908 271 1181 318 exscindere
1206 289 1384 336 regum.

185 344 285 387 Hac
310 359 453 404 gener
479 354 619 404 atquc
647 359 781 389 socer
801 355 967 390 coeant
991 346 1207 393 mercede
1231 364 1424 394 suorum
1446 368 1455 393 :

184 419 422 480 Sanguine
449 419 654 481 Trojano
680 430 725 464 et
746 420 924 465 Rutulo
956 420 1206 479 dotabere‚
1235 423 1391 485 virgo;

185 495 243 539 Et
269 493 459 540 Bellona
483 504 640 538 manet
666 503 710 538 te
733 492 956 555 pronuba
966 514 977 552 3
1003 511 1088 541 nec
1113 496 1212 543 face
1237 508 1417 545 tantum

189 569 356 614 Cisseis
382 584 627 630 praegnans
652 568 781 629 ignes
806 568 944 614 enixa
958 570 1153 632 jugales.

1626 585 1689 615 320

187 643 314 698 Quin
340 641 467 687 idem
487 642 663 687 Veneri
687 653 849 703 partus
875 660 1009 701 suus,
1031 656 1077 690 et
1101 646 1230 691 Paris
1253 647 1393 705 alter,

186 719 219 760 F
228 728 496 777 unestaeque
519 716 692 762 iterum
714 716 922 762 recidiva
945 718 994 763 in
1014 721 1240 780 Pergama
1264 720 1408 766 taedae.
1434 742 1451 761 »

253 793 364 836 Haec
394 789 476 835 uhi
498 790 624 835 dieta
648 789 800 847 dedit,
826 803 975 838 terras
1001 792 1239 838 horrenda
1259 794 1439 854 petivit.

190 977 426 1027 exquisitius
454 989 529 1026 pro
556 985 718 1012 manent
747 978 910 1015 immota

978 988 1036 1016 ter
1055 979 1227 1027 dictum,
1248 982 1279 1017 si
1293 993 1313 1017 e
1329 982 1354 1018 J
1358 982 1502 1018 unonis
1524 995 1691 1032 persona

191 1037 267 1072 sata
285 1034 332 1070 de
354 1035 512 1070 Lavinia
533 1033 581 1070 ab
599 1036 721 1070 AEnea
739 1036 910 1086 conjuge
975 1037 1146 1087 proferri
1159 1039 1404 1085 memineris3
1426 1052 1518 1076 nam
1530 1043 1691 1091 proprie

191 1092 399 1128 ducenda:
430 1090 661 1143 eonjugium
684 1092 760 1129 hoc
787 1095 910 1130 inter-

191 1151 291 1187 verti
310 1151 473 1199 nequit;
494 1158 537 1186 ut
554 1150 624 1187 lib.
646 1152 664 1186 I
678 1179 688 1197 ‚
718 1152 795 1198 257
818 1164 904 1187 ma-

189 1217 284 1244 nem·
306 1207 471 1244 immota
501 1217 655 1244 tuorum
689 1211 792 1245 Fata
822 1209 901 1247 tibi.

188 1267 303 1303 Dicta
320 1275 450 1302 autem
467 1265 552 1302 haee
570 1266 792 1303 secundum
807 1266 902 1304 doe—

189 1326 333 1360 trinam
372 1325 623 1360 Homericam
662 1337 671 1362 :
712 1324 903 1362 infectum

189 1382 276 1418 iieri
289 1411 299 1427 ‚
321 1391 387 1418 aut
405 1382 491 1419 tolli
510 1381 550 1418 id
574 1381 684 1432 quod
700 1382 813 1419 fatale
831 1393 902 1429 est,

192 1441 354 1489 nequire
369 1453 377 1484 3
401 1448 437 1476 at
451 1439 601 1476 differri
613 1442 826 1489 posse—3
839 1454 852 1477 1
863 1441 900 1478 5.

191 1495 406 1533 Attrahere
429 1498 598 1534 Dorvill.
631 1496 715 1534 lzoee
748 1497 902 1534 trahere

188 1557 318 1591 Lutat.
333 1554 382 1590 ad
391 1557 486 1591 Stat.
498 1555 603 1604 apud
615 1556 900 1600 Burmannum,

189 1613 258 1661 qui
277 1611 432 1648 trahere
456 1611 634 1648 absolute
655 1611 732 1648 dici
761 1612 900 1658 docet;

189 1670 238 1705 de
261 1683 340 1719 quo
365 1670 454 1718 quis
478 1668 663 1706 dubitet?
688 1678 819 1707 tamen
839 1671 903 1707 vel

187 1729 243 1763 sie
271 1726 593 1778 intelligendum,
631 1727 787 1764 trahere
809 1740 869 1764 res
885 1757 896 1772 ,

189 1784 391 1836 negocium
416 1792 454 1821 et
485 1784 647 1831 similia,
678 1785 719 1822 h.
750 1794 903 1835 protra-

189 1844 296 1879 here.
318 1863 374 1869 —-
399 1843 495 1888 317.
515 1844 573 1878 At
590 1855 631 1893 g.
657 1842 805 1881 Medic.
826 1841 903 1879 lzae

188 1912 327 1950 gener,
350 1898 443 1935 inde
457 1912 568 1936 socer
578 1900 705 1950 Bigot.
721 1929 730 1946 ‚
749 1909 903 1937 utrum-

189 1971 267 2007 que
279 1957 488 2008 eleganter.
508 1959 630 1994 Socer
644 1968 766 2008 atque
777 1971 905 2010 gener

189 2014 311 2052 Goth.
332 2027 392 2064 pr.
408 2036 464 2043 --
477 2017 629 2053 Merces
645 2029 720 2065 pro
739 2015 845 2054 malo
863 2024 903 2053 et

186 2073 386 2122 pernicie,
411 2074 528 2109 etiam
557 2071 652 2109 alibi
681 2073 902 2123 frequenta-

189 2139 288 2167 tum.
314 2130 506 2180 Exempla
527 2129 639 2166 dabit
663 2131 802 2169 Cerda.
831 2131 902 2168 Co-

188 2196 286 2224 eant
307 2196 366 2224 est
384 2189 678 2239 conjungantur
696 2187 842 2225 foedere
862 2197 900 2226 et

187 2245 440 2282 matrimonio
472 2248 604 2282 AEneae
634 2254 673 2283 et
700 2246 900 2292 Laviniae3

188 2302 289 2338 male
309 2301 432 2340 Cerda
454 2302 578 2340 aliter.
598 2304 646 2339 In
665 2317 703 2341 v.
725 2304 805 2340 318
823 2305 900 2341 Eu-

190 2358 357 2407 ripidem
377 2373 608 2410 expressum
635 2368 780 2410 putant
798 2355 898 2411 ffip-

190 2414 272 2465 pol.
301 2416 395 2453 550.
413 2417 640 2463 Dejaniram
659 2416 724 2455 σὺν
749 2415 901 2471 αἵματι,

191 2469 419 2530 ebusi-ud}
448 2469 455 2527 Ι
482 2471 621 2524 φονίοις
645 2475 677 2512 θ’
697 2473 902 2528 ὑμεναίοις,

217 2525 224 2582 l
250 2526 455 2580 Α).ν.μτ’,να.ς
473 2528 576 2583 τόκῳ
599 2530 745 2585 Κύπρις
765 2527 903 2579 ἐξέδω-

194 2598 280 2632 κεν,
309 2586 474 2622 Herculi
503 2601 590 2624 cum
632 2590 741 2627 coede
752 2618 764 2635 ,
813 2603 903 2627 cum

195 2641 304 2680 hamo
328 2651 367 2680 ee
388 2644 559 2680 cruentis
591 2646 737 2696 nuptiis
772 2649 904 2684 Venus

195 2700 376 2738 elocavit.
414 2701 482 2737 Est
515 2701 650 2739 saltem
686 2703 904 2742 similitudo

196 2757 339 2810 aliqua.
357 2756 533 2796 Bellona
555 2759 759 2810 pronuba,
779 2763 906 2812 gravi-

977 1096 1084 1131 Juno
1096 1095 1281 1145 pronuba
1301 1104 1377 1143 est,
1399 1111 1436 1133 v.
1456 1110 1489 1134 c.
1504 1111 1592 1148 sup.
1616 1101 1687 1143 IV,

982 1166 996 1188 1
1007 1153 1074 1190 66.

1033 1212 1275 1260 319—322.
1293 1213 1417 1248 Docta
1437 1220 1475 1247 et
1494 1224 1584 1248 eum
1610 1222 1690 1250 arte

972 1268 1167 1306 elaborata
1189 1270 1316 1306 oratio
1329 1297 1340 1316 ‚
1361 1268 1582 1306 secundum
1601 1270 1690 1320 plu-

971 1339 1012 1362 ra
1025 1328 1284 1378 Tragieorum
1299 1327 1400 1364 loca.
1413 1328 1506 1364 N0·n
1520 1335 1691 1364 tantum-

970 1384 1090 1421 modo
1107 1384 1271 1422 Hecuba
1285 1413 1295 1432 ,
1310 1385 1432 1423 Cissei
1447 1383 1475 1422 f.
1494 1384 1508 1435 (
1517 1384 1565 1422 ef.
1580 1387 1687 1423 Serv.

970 1441 1020 1478 ad
1032 1456 1070 1479 v.
1087 1443 1108 1480 3
1118 1456 1169 1479 20
1180 1440 1542 1494 )proegnanssaee‚
1564 1455 1688 1492 quum

971 1500 1095 1536 facem
1112 1508 1226 1537 utero
1245 1513 1378 1550 gerere
1389 1499 1627 1550 somniaret(
1639 1500 1687 1536 cf.

970 1557 1043 1593 inf.
1068 1559 1130 1603 X,
1159 1565 1265 1604 704,
1291 1557 1372 1604 705
1402 1564 1440 1593 et
1470 1569 1603 1593 versus
1625 1569 1686 1606 ap.

971 1614 1054 1652 Cic.
1083 1613 1132 1650 de
1163 1616 1254 1651 Div.
1285 1616 1326 1661 Ι,
1360 1627 1408 1650 21
1426 1612 1443 1663 )
1475 1614 1599 1650 enixa
1633 1625 1690 1650 esc

971 1672 1083 1722 ignes
1094 1671 1275 1722 jugales,
1305 1671 1529 1722 conjugales
1542 1699 1552 1716 ‚
1574 1685 1690 1721 pepe-

968 1731 1021 1766 rit
1039 1729 1291 1767 matrimonio
1319 1727 1470 1775 filium,
1490 1730 1559 1779 qui
1583 1731 1688 1766 Asiae

968 1785 1199 1824 incendium
1226 1795 1308 1823 erat
1337 1787 1518 1831 futurus3
1551 1798 1687 1822 verum

969 1844 1086 1882 simili
1106 1843 1225 1880 modo
1245 1843 1369 1880 facem
1391 1841 1556 1880 edidisse
1571 1852 1689 1893 partu

969 1900 1166 1939 credenda
1192 1901 1266 1938 erit
1290 1903 1452 1947 Venus3
1477 1900 1613 1937 similis
1629 1901 1688 1951 ig-

970 1960 1030 1998 nis
1044 1960 1119 1996 erit
1129 1959 1278 1996 Veneri
1292 1956 1400 1996 filius
1415 1970 1530 2003 sum,
1548 1960 1688 1995 AEneas

971 2016 1257 2068 (exquisitiu52
1279 2018 1358 2054 321
1381 2014 1477 2066 quin
1490 2013 1595 2051 idem
1613 2017 1686 2051 Ve-

969 2074 1055 2112 neri
1065 2083 1208 2125 parcus
1223 2072 1343 2125 suus),
1356 2081 1395 2110 et
1409 2073 1486 2113 erit
1500 2071 1567 2109 ille
1583 2072 1689 2108 alter

967 2132 1106 2179 Paris,
1128 2140 1167 2169 et
1200 2140 1320 2169 erunt
1349 2129 1491 2168 iterum
1506 2127 1684 2181 ficnestoe

967 2190 1084 2227 toedae
1109 2188 1151 2226 in
1180 2191 1384 2240 Pergama
1417 2186 1588 2225 recidiva
1599 2214 1611 2230 ‚
1641 2186 1682 2223 h.

970 2261 1005 2286 e.
1022 2259 1128 2284 nova
1144 2246 1228 2283 haec
1251 2247 1390 2295 Troja,
1411 2258 1480 2282 seu
1505 2244 1684 2280 restituta

966 2306 1234 2353 Trojanorum
1255 2304 1416 2342 fortuna
1427 2329 1439 2348 ,
1453 2303 1596 2338 iterum
1612 2313 1679 2336 ex-

966 2363 1141 2412 perietur
1178 2369 1364 2412 tanquam
1397 2358 1563 2396 alterum
1593 2357 1681 2393 Ilia-

970 2432 1062 2456 cum
1081 2417 1296 2456 excidium.
1328 2413 1514 2454 Recidiva
1533 2416 1682 2466 Perga-

970 2490 1062 2522 ma,
1086 2475 1136 2514 cf.
1178 2474 1227 2512 ad
1265 2476 1344 2520 IV,
1377 2473 1472 2517 344.
1507 2471 1684 2508 Multum

969 2534 1107 2584 tragici
1123 2532 1285 2582 spiritus
1297 2530 1392 2567 huic
1402 2528 1492 2567 loco
1510 2529 1625 2566 inest.

1031 2590 1111 2627 323
1147 2601 1231 2637 sqq.
1265 2587 1452 2636 Sequitur
1484 2586 1597 2623 loeus
1634 2586 1684 2623 de

970 2646 1112 2685 Alecto
1125 2673 1136 2691 ‚
1157 2643 1365 2681 Furiarum
1385 2655 1484 2689 una,
1510 2655 1561 2680 ex
1583 2643 1684 2681 infe-

970 2705 1025 2741 ris
1042 2703 1208 2741 excitata
1223 2713 1243 2737 a
1253 2702 1280 2739 J
1283 2712 1418 2737 unone
1429 2727 1440 2746 ‚
1458 2708 1496 2737 et
1511 2700 1683 2755 Amatae,

971 2761 1099 2799 Latini
1123 2758 1266 2806 uxori,
1286 2769 1383 2796 mox
1409 2758 1554 2795 Latinis
1584 2769 1684 2811 quo-
