1767 3054
733 103 888 140 LIBER
917 103 1010 139 VII.

1549 100 1627 138 251

125 175 367 223 Finitimas
390 175 438 221 in
462 173 585 220 bella
610 173 758 220 feram
782 173 1056 220 rumoribus
1079 172 1237 230 urbis,

125 250 496 312 Adcendamque
521 249 702 297 animos
726 251 876 296 insani
896 249 1064 295 Martis
1091 264 1276 306 amore,

1571 260 1633 290 550

126 324 352 386 Undique
375 335 427 370 ut
448 324 626 370 auxilio
649 325 864 383 veniant3
886 340 1103 387 spargam
1130 339 1260 369 arma
1284 338 1369 385 per
1390 338 1540 385 agros.
1567 346 1583 364 >a

193 401 314 444 Tum
334 409 500 444 contra
523 403 549 446 J
554 416 648 446 uno
671 419 681 445 ε
709 422 726 441 «
750 403 1010 445 Terrorum
1035 411 1081 445 et
1106 398 1285 445 fraudis
1308 397 1496 444 abunde
1522 410 1613 456 cst;

128 474 264 518 Stant
286 472 400 518 belli
424 489 623 532 caussae3
645 485 886 536 pugnatur
910 474 1171 521 comminus
1193 473 1334 519 armis
1343 492 1356 530 ;

131 550 250 605 Quae
276 548 373 595 fors
397 549 551 612 prima
571 549 724 606 dedit,
749 550 938 612 sanguis
959 566 1111 596 novus
1135 548 1290 595 inbuit
1311 564 1456 594 arma.

128 623 261 670 Talia
285 624 549 682 connubia,
575 636 621 671 et
646 626 748 672 talis
773 625 1012 671 celebrent
1037 626 1309 686 hymenaeos

1576 633 1637 664 5⁵5

130 700 386 762 Egregium
408 701 606 746 Veneris
632 717 802 762 genus,
823 711 869 746 et
893 716 978 745 rex
998 700 1099 762 ipse
1123 700 1334 746 Latinus.

132 777 199 820 Te
222 791 368 837 super
388 774 606 821 aetherias
631 791 790 821 errare
813 775 1030 821 licentius
1052 790 1191 821 auras

133 851 277 897 Haud
302 861 438 913 pater
456 851 533 896 ille
553 851 689 908 velit,
716 850 887 896 summi
911 859 1132 912 regnator
1152 850 1362 913 Olympi.

137 927 262 974 Cede
286 927 402 973 locis
423 944 434 971 :
457 943 569 990 ego,
593 927 631 972 si
655 943 748 989 qua
773 943 916 988 super
936 927 1126 972 fortuna
1148 925 1368 971 laborum
1393 936 1483 983 est,

138 1005 247 1063 Ipsa
268 1018 443 1065 regam.
473 1024 490 1043 υ
512 1002 637 1048 Talis
659 1001 854 1048 dederat
880 1001 1102 1048 Saturnia
1126 1017 1282 1047 voces.

1583 1010 1643 1041 560

138 1077 225 1123 Illa
250 1088 408 1124 autem
434 1077 618 1124 adtollit
642 1077 883 1124 stridentis
909 1077 1142 1140 anguibus
1162 1077 1281 1134 alas,

201 1247 281 1285 552
312 1261 369 1298 sq.
405 1248 649 1299 Dignitatem
684 1250 856 1287 orationi

138 1307 164 1344 J
168 1307 313 1343 anonis
342 1308 468 1344 inesse
503 1306 616 1344 facile
655 1320 854 1358 agnoscas,

140 1365 259 1400 Stant
273 1364 371 1401 belli
384 1378 549 1403 caussae.
572 1366 823 1402 Burmannus
845 1378 854 1403 ε

139 1430 255 1459 certae
269 1451 279 1469 ‚
298 1420 413 1468 fixae,
431 1432 538 1461 sunt.
558 1425 672 1459 Stare
689 1424 856 1460 omnino

138 1488 266 1530 poetae
283 1493 358 1531 pro
378 1494 483 1527 esse,
519 1490 564 1518 ut
596 1482 667 1518 Gr.
701 1479 856 1522 ἕστηκέ-

139 1551 225 1584 ναι,
259 1547 475 1589 usurpant,
507 1552 558 1576 ne
588 1539 764 1577 exilitate
792 1552 859 1576 vo-

140 1597 195 1633 cis
223 1597 421 1647 poeticam
455 1598 537 1634 vim
571 1598 765 1649 frangant.
800 1599 859 1635 Eo

139 1655 418 1702 referendum3
465 1665 576 1693 scant
603 1658 776 1706 praelia,
821 1666 860 1694 et

137 1713 294 1752 similia.
318 1717 388 1753 Uti
411 1723 543 1752 autem
558 1716 632 1754 hac
650 1730 750 1754 voce
768 1729 859 1767 pos-

140 1780 233 1809 sunt
261 1782 414 1824 poetae,
449 1776 542 1823 quia
576 1785 683 1812 stare
709 1775 860 1812 dicitur

139 1829 265 1876 illud,
300 1831 411 1881 quod
438 1833 725 1879 constitutum,
751 1846 861 1883 para·

142 1895 229 1924 tum
243 1917 254 1932 ‚
287 1889 476 1926 effectum
500 1898 571 1927 est.
591 1892 654 1928 Sic
675 1899 758 1927 stat
773 1904 862 1927 sen-

145 1945 304 1989 tentia;
345 1948 401 1983 sic
448 1956 560 1984 stant
604 1962 778 1993 caussoe,
824 1957 863 1984 et

142 2002 238 2040 hinc
255 2012 360 2040 stare
375 2017 450 2054 pro
467 2004 673 2042 decretum
685 2034 695 2050 ‚
717 2004 864 2052 fixum,

146 2070 300 2098 certum
321 2074 415 2099 esse.
441 2085 500 2091 —
523 2064 619 2102 555.
656 2064 863 2101 connubia

145 2121 275 2157 statim
304 2133 375 2170 per
405 2121 526 2160 Aldd.
558 2123 600 2159 in
628 2131 864 2160 contextum

146 2186 356 2222 venerunt.
372 2180 545 2218 Brunck.
562 2182 761 2217 revocavit
774 2193 864 2217 con-

138 2235 281 2286 jugia,
317 2236 360 2272 in
389 2238 500 2288 quod
535 2252 672 2276 omnes
703 2240 804 2276 Pier.
824 2246 866 2275 et

148 2295 286 2331 Heius,
305 2302 344 2331 et
365 2303 442 2332 tres
461 2297 586 2334 Goth?
607 2310 640 2334 c.
661 2296 742 2335 Ers.
768 2309 864 2334 con-

147 2354 324 2390 sentiunt
339 2382 349 2399 ‚
395 2363 538 2404 praeter
582 2355 749 2393 Mentel.
801 2367 863 2404 pr.

148 2410 332 2449 conubia.
365 2412 442 2449 Sed
472 2413 681 2463 aliquoties
703 2414 785 2460 jam
807 2413 865 2448 vi-

148 2468 280 2506 dimus
299 2470 550 2521 trisyllabum
574 2471 788 2523 connubja.
807 2490 866 2499 ·--

151 2527 258 2573 556,
289 2528 385 2576 557.
415 2529 520 2568 conf.
553 2531 631 2568 318
648 2559 658 2577 ‚
691 2531 788 2579 319.
808 2550 868 2556 —

151 2586 246 2635 559.
273 2586 515 2637 Comparant
547 2588 659 2626 Iliad.
683 2601 732 2634 α,
760 2588 839 2625 522
856 2615 866 2633 ,

154 2643 251 2681 523.
290 2645 478 2696 Reliquos
510 2647 605 2684 belli
635 2659 746 2684 casus
783 2647 864 2696 ipsa

152 2701 386 2742 moderabor
405 2717 417 2744 :
434 2713 473 2741 et
491 2718 584 2743 sane
604 2705 672 2742 inf.
699 2705 721 2741 5
729 2717 778 2751 72
798 2717 866 2740 ex-

153 2768 316 2800 tremam
338 2761 445 2800 bello
466 2763 636 2816 imponit
659 2775 835 2800 manum.

985 1248 1036 1285 56
1050 1261 1081 1284 ι.
1101 1246 1278 1284 Extollit
1292 1244 1470 1285 Parrhas.
1495 1245 1639 1297 Ungui-

923 1306 991 1342 bus
1021 1308 1218 1355 Trappius
1252 1313 1342 1355 post
1373 1304 1642 1355 Cuningham.

924 1363 1182 1410 emendabat,
1224 1372 1270 1401 ut
1306 1362 1548 1399 membranae
1587 1376 1646 1399 es-

924 1432 1012 1459 sent
1031 1422 1204 1468 alarum;
1222 1434 1365 1472 parum
1385 1420 1566 1458 feliciter.
1589 1442 1645 1449 —-

929 1481 1123 1528 561—57
1138 1494 1172 1518 1.
1190 1481 1306 1519 Nova
1327 1480 1456 1517 Furiae
1472 1480 1621 1530 species
1634 1508 1645 1525 ‚

926 1539 1035 1589 quod
1068 1552 1154 1576 non
1188 1537 1310 1576 modo
1344 1538 1442 1575 alata
1481 1547 1539 1574 est
1574 1538 1648 1590 (ut

926 1611 1013 1650 sup.
1041 1598 1123 1644 476
1137 1596 1165 1648 ),
1185 1610 1327 1634 verum
1355 1595 1467 1646 quod
1489 1609 1647 1647 serpen-

925 1665 984 1694 tes
1007 1657 1078 1694 alis
1101 1655 1314 1706 implicitos
1329 1654 1464 1692 habet.
1484 1655 1568 1691 Etsi
1585 1668 1648 1692 ree

925 1715 979 1752 ita
998 1715 1122 1764 accipi
1138 1721 1269 1764 potest
1283 1741 1293 1760 ,
1316 1721 1362 1750 ut
1382 1725 1530 1763 angues
1544 1741 1554 1759 ‚
1575 1714 1647 1762 qni.

926 1787 1000 1824 pro
1028 1773 1152 1809 comis
1183 1779 1301 1817 sunt,
1333 1772 1438 1807 inter
1469 1770 1648 1807 volatum

925 1840 1048 1868 vento
1067 1829 1230 1879 impulsi
1253 1830 1358 1865 inter
1377 1828 1454 1864 alas
1472 1840 1649 1864 commo-

928 1898 985 1926 tas
1012 1887 1217 1925 strideant.
1252 1889 1402 1924 Locum
1437 1885 1649 1922 descensus

929 1948 1012 1994 ejus
1033 1941 1081 1982 ad
1100 1945 1272 1988 inferos,
1307 1957 1393 1981 non
1413 1943 1542 1980 dicam
1555 1971 1566 1988 ‚
1598 1955 1650 1980 an

928 2006 1082 2055 primus
1111 2001 1326 2052 protulerit
1346 2009 1488 2051 poeta;
1520 2009 1578 2038 est
1594 2009 1647 2038 ta·

929 2075 1021 2098 men
1055 2060 1122 2097 ille
1161 2061 1219 2096 rei
1253 2058 1471 2096 admodum
1499 2071 1651 2096 accom-

930 2119 1128 2156 modatus.
1148 2119 1217 2155 Est
1240 2119 1347 2155 enim
1371 2119 1415 2154 in
1443 2118 1625 2167 Hirpinis
1639 2145 1650 2163 ‚

929 2191 1015 2215 non
1047 2177 1166 2227 longe
1202 2176 1251 2213 ab
1285 2175 1478 2213 AEculano
1512 2175 1651 2227 (nunc

931 2234 1107 2274 Frieenti
1137 2235 1181 2270 in
1217 2234 1450 2284 Principatu
1482 2233 1649 2284 Neapol.

931 2297 981 2333 R.
1007 2291 1224 2344 ulteriore)
1247 2292 1356 2329 lacus
1384 2300 1486 2329 tetro
1516 2291 1651 2329 colore

932 2361 970 2390 et
995 2351 1142 2396 odore,
1167 2358 1206 2388 et
1234 2350 1338 2387 inter
1364 2349 1559 2400 spiracula
1590 2363 1651 2387 re-

931 2410 1026 2452 ferri
1052 2408 1214 2452 solitus,
1248 2421 1336 2459 quae
1368 2408 1554 2446 Plutonia
1589 2408 1653 2445 vel

934 2469 1139 2507 Charonea
1172 2464 1397 2518 (Moffite)
1428 2466 1651 2516 appellant3

934 2541 972 2564 v.
999 2526 1100 2564 Plin.
1119 2525 1182 2570 11,
1217 2527 1298 2575 93;
1329 2525 1412 2561 Cic.
1433 2523 1481 2560 de
1502 2525 1595 2561 Div.
1613 2526 1652 2569 1,

938 2585 1004 2631 36,
1023 2581 1048 2634 §
1070 2597 1146 2634 793
1169 2583 1275 2621 conf.
1291 2584 1394 2621 Nota
1409 2581 1652 2619 Beckmann.

935 2643 984 2680 ad
1013 2635 1206 2695 Antigon.
1239 2641 1397 2692 Caryst.
1436 2640 1529 2677 135.
1551 2641 1655 2676 Hinc

932 2714 1034 2739 vers.
1059 2701 1139 2738 568
1170 2698 1375 2750 spiracula
1399 2697 1517 2736 Ditis.
1558 2699 1654 2733 Am-

935 2761 1061 2798 sancti
1099 2771 1252 2798 nomen
1280 2756 1376 2794 huic
1403 2756 1520 2795 lacui.
1553 2753 1653 2790 Plin.
