1767 3054
186 117 267 155 336

808 115 1051 153 AENEIDOS

185 191 292 236 Heu
315 196 501 249 quantae
526 185 708 243 miseris
733 185 881 231 caedes
904 183 1222 232 Laurentibus
1244 183 1442 231 instant!

186 266 315 320 Quas
338 277 498 325 poenas
526 257 663 316 1111111,
686 263 867 319 Turne,
892 259 1046 305 dabis!
1077 276 1218 321 quain
1240 261 1388 306 multa
1410 257 1498 306 sub
1522 259 1671 307 undas

187 340 331 384 Scuta
350 335 527 389 virum,
551 335 824 396 galeasque,
849 344 895 379 et
917 333 1059 379 fortia
1083 349 1285 397 corpora
1306 335 1490 391 volves,

186 411 368 472 Thybri
392 413 545 472 pater!
571 413 767 463 Poscant
791 409 935 465 acies,
956 419 1003 454 et
1025 409 1201 455 foedera
1223 421 1458 473 rumpant.
1478 429 1498 451 υ

1610 420 1672 456 540

253 487 366 530 Haec
391 482 473 528 ubi
499 482 622 528 dicta
650 481 803 539 dedit,
830 482 947 529 solio
971 499 1020 529 se
1041 483 1160 530 tollit
1183 483 1242 530 ab
1267 485 1382 542 alto;

187 561 247 604 Et
271 559 474 621 primum
496 558 740 603 Herculeis
764 558 940 620 sopitas
964 558 1152 620 ignibus
1179 574 1284 604 aras

190 635 396 690 Excitat,
421 632 788 695 hesternumque
817 636 1009 692 Larem,
1034 649 1304 696 parvosque
1327 633 1511 681 Penatis

190 861 365 898 reamini.
416 861 510 898 Alio
564 859 683 897 modo
727 860 906 910 poscitur

192 918 388 969 Olympo.
418 920 486 967 qui
513 919 555 954 in
576 917 692 954 illum
712 917 905 954 attollitur

191 986 228 1015 et
259 977 453 1014 evehitur.
493 974 708 1024 Quomodo
742 973 905 1010 reddere

191 1035 315 1085 possis
333 1032 453 1069 verba
481 1031 627 1081 OEdipi
647 1030 813 1069 Colonei
841 1043 901 1079 ap.

190 1090 375 1143 Sophocl.
417 1092 522 1133 1542
556 1089 691 1126 audito
719 1089 902 1125 tonitru:

192 1145 223 1188 ὦ
259 1145 420 1191 παῖδες.
456 1146 543 1188 ἥκει
573 1140 668 1197 τῷδ’
701 1144 761 1182 ἐπ’
793 1139 904 1196 ἀνδρὶ

192 1207 377 1258 θέσφατος
399 1203 482 1253 βίον
502 1200 830 1249 τελευτή-537
846 1222 905 1229 --

195 1267 292 1315 539.
313 1265 398 1301 Heu
418 1260 904 1313 qtmntoe—Imitationes

192 1325 271 1371 jam
291 1320 415 1360 Cerda
431 1321 583 1357 notavit
595 1319 679 1357 Silii
697 1319 780 1361 111,
801 1317 853 1361 45
860 1317 882 1353 5
893 1343 903 1361 ‚

197 1380 301 1424 4563
331 1379 444 1416 Statii
476 1376 622 1414 Achill.
653 1378 696 1421 Ι,
735 1375 787 1418 84
820 1386 904 1423 sqq.

196 1437 312 1475 Adde
334 1437 428 1473 Stat.
451 1434 578 1472 Theb.
599 1435 658 1478 ΙΙ,
680 1433 761 1477 460
777 1459 786 1477 ,
809 1431 906 1476 461ς

196 1495 276 1539 ΙΙΙ,
316 1505 396 1529 210
428 1504 513 1541 sqq.
548 1499 586 1527 et
619 1491 760 1539 passim
788 1489 906 1533 alios3

197 1551 291 1588 item
340 1551 479 1586 Horat.
528 1549 546 1583 I
581 1546 658 1584 Od.
702 1547 750 1582 15
794 1543 906 1580 Eheu

197 1614 371 1658 quantas
389 1604 496 1655 equis
507 1604 741 1647 οἵα-540.
760 1603 906 1651 Quasi,

197 1672 287 1702 eant
317 1675 449 1707 nunc,
481 1670 519 1698 et
545 1660 722 1711 flagitent
745 1659 908 1695 bellum.

197 1725 305 1761 Serv,
335 1719 384 1756 cf.
406 1732 494 1768 sup.
512 1720 590 1754 VH
603 1745 614 1762 ‚
640 1718 717 1763 317
733 1746 743 1762 ‚
763 1715 833 1752 ubi
851 1728 911 1752 ea-

197 1778 287 1816 dem
302 1777 493 1814 sententia
512 1775 588 1811 alio
608 1773 727 1810 inodo
743 1772 908 1809 reddita.

259 1836 283 1872 5
289 1842 355 1878 42.
377 1834 445 1870 Me
467 1834 510 1868 in
529 1830 731 1868 Herculeis
757 1829 910 1880 ignibus

196 1892 365 1935 haerere,
379 1891 460 1937 jam
475 1886 704 1940 significavi.
723 1888 910 1936 Suspicor

197 1951 341 1986 vitium
386 1949 512 1984 inesse
529 1974 540 1991 ,
578 1943 909 1994 scribendumque

199 2018 306 2044 esse:
328 2003 491 2042 Herceis
505 2002 671 2054 ignibus.
692 1999 910 2039 Confirmat

200 2077 262 2100 me
287 2064 461 2100 imitator
486 2061 663 2098 Maronis
690 2061 870 2096 Lucanus
900 2070 909 2096 :

199 2123 388 2165 Herceas,
407 2126 645 2155 monstrator
659 2115 735 2160 ait,
759 2129 838 2152 non
856 2128 912 2152 re·

201 2177 318 2228 spicis
339 2177 448 2213 aras?
472 2172 731 2213 Commendat
751 2185 911 2222 quoque

200 2233 512 2271 emendationem
523 2231 624 2268 hanc
635 2233 808 2282 ingenuo
820 2242 912 2266 cnm

201 2291 371 2328 mndore
388 2287 610 2327 Wakefield
628 2288 676 2325 ad
691 2288 732 2326 h.
752 2287 781 2324 l.
799 2289 825 2324 J
827 2287 912 2324 ovis

203 2348 364 2390 Hercei,
384 2337 562 2399 Ἑρκείου,
583 2346 721 2396 religio
735 2345 825 2381 satis
845 2356 913 2381 no-

202 2413 240 2441 ta
254 2431 264 2449 ,
299 2405 461 2451 ejusque
502 2415 607 2440 aram
642 2405 684 2439 in
721 2401 912 2452 penetrali

202 2462 318 2512 regiae
341 2462 484 2497 Priami
509 2460 680 2496 vidimus
698 2457 805 2508 apud
821 2471 912 2495 nos-

204 2526 311 2554 trum
331 2529 488 2566 quoque
518 2517 588 2554 lib.
618 2519 677 2561 ΙΙ,
710 2517 816 2560 512,
840 2516 913 2551 etsi

203 2574 366 2612 nomine
387 2572 465 2608 hoc
490 2586 573 2609 non
594 2585 828 2622 expressam.
854 2593 912 2600 -—

208 2632 311 2676 542,
339 2630 434 2673 543.
463 2631 594 2680 Surgit
621 2632 778 2673 AEneas,
803 2637 842 2666 et
863 2628 912 2665 ad

205 2689 340 2726 focum
375 2685 520 2723 aedium
550 2685 722 2730 accedit,
750 2689 911 2723 Penates

206 2753 402 2797 precatur.
423 2742 628 2782 Herculeis
645 2742 792 2793 sopitas
809 2742 910 2793 igni·

970 861 1038 898 bus
1079 874 1173 898 aras
1216 860 1374 898 doctius
1410 859 1532 898 dicltas
1571 874 1653 900 esse
1666 890 1677 908 ‚

971 930 1090 967 quam
1109 917 1222 968 ignes
1249 918 1397 968 sopitos
1421 918 1463 954 in
1491 917 1592 962 aris,
1614 919 1679 956 vel

971 974 1083 1024 ignes
1099 987 1195 1021 arce,
1214 976 1258 1011 in
1275 983 1436 1025 promtu
1451 983 1509 1012 est
1528 976 1678 1013 intelli-

969 1044 1074 1082 gere.
1112 1031 1188 1069 Sed
1218 1032 1445 1070 Herculeos?
1458 1031 1569 1083 ignes
1593 1046 1679 1070 non

970 1089 1060 1125 satis
1087 1087 1268 1138 expedio.
1297 1090 1482 1127 Herculis
1504 1102 1567 1126 ara
1590 1099 1680 1127 ante

969 1145 1111 1183 urbem
1123 1147 1165 1182 in
1180 1146 1273 1184 luco
1285 1158 1367 1184 erat
1386 1159 1396 1185 :
1415 1160 1504 1197 sup.
1518 1160 1557 1184 v.
1583 1155 1678 1192 104.

969 1205 1029 1241 De
1046 1203 1122 1241 alio
1139 1216 1257 1253 quam
1275 1203 1324 1242 de
1342 1217 1453 1242 sacro
1470 1204 1682 1242 Penatibus

968 1262 1012 1297 in
1034 1261 1302 1311 penetralibus
1332 1261 1474 1300 domus
1496 1262 1600 1299 facto
1622 1261 1681 1299 lo-

972 1331 1041 1355 cus
1061 1319 1130 1355 rix
1156 1319 1325 1370 intelligi
1345 1327 1488 1370 potest.
1512 1321 1602 1358 Jam
1622 1318 1679 1370 ig-

973 1389 1043 1412 nes
1077 1375 1278 1421 Herculei,
1313 1378 1356 1413 in
1385 1376 1496 1423 foco,
1526 1376 1591 1413 vel
1618 1389 1682 1413 ara

972 1435 1179 1471 Penatium
1210 1434 1350 1484 sopiti,
1387 1443 1457 1471 aut
1487 1442 1682 1471 ornantur

972 1491 1146 1540 epitheto
1163 1490 1261 1537 hoc,
1282 1499 1460 1542 roepectn
1477 1490 1680 1536 Herculis,

973 1548 1043 1596 qui
1066 1548 1161 1585 olim
1180 1547 1358 1585 eamdem
1380 1547 1428 1584 ad
1451 1553 1557 1584 arani
1574 1560 1681 1584 sacra

972 1604 1109 1640 fecisse
1125 1604 1327 1654 putandus
1346 1613 1427 1650 est3
1445 1613 1513 1641 aut
1531 1605 1683 1642 intuitu

974 1662 1099 1697 moris
1117 1660 1312 1711 religiosi,
1339 1674 1420 1711 quo
1438 1662 1540 1711 ignis
1557 1674 1607 1698 ex
1624 1674 1682 1698 sa-

975 1729 1044 1755 cro
1063 1718 1247 1755 Herculis
1272 1718 1457 1755 hesterno
1484 1717 1592 1768 (vid.
1623 1731 1681 1756 vs.

981 1786 1079 1820 102,
1106 1776 1206 1820 103,
1231 1774 1338 1824 104)
1365 1783 1561 1821 servatus,
1579 1783 1617 1812 et
1639 1776 1682 1812 in

974 1830 1109 1868 focum
1125 1831 1386 1869 domesticum
1399 1833 1595 1881 repositus
1605 1832 1685 1868 fue·

974 1896 1034 1925 rat
1051 1899 1062 1926 :
1089 1889 1145 1925 sic
1166 1887 1291 1926 Cerda
1311 1896 1351 1925 et
1369 1888 1460 1934 alii3
1491 1896 1561 1925 aut
1582 1890 1684 1926 Her·

974 1945 1083 1981 cules
1103 1944 1179 1982 fuit
1195 1944 1382 1983 Evandro
1401 1945 1609 1982 Penatium
1625 1945 1685 1983 lo·

975 2015 1023 2039 co
1040 2029 1052 2048 ‚
1088 2003 1319 2052 Geniusque
1349 2001 1471 2048 adeo,
1509 2015 1579 2040 seu
1610 2004 1684 2040 Lar

974 2059 1227 2097 domesticus.
1253 2061 1342 2097 Hoc
1360 2055 1495 2097 s'altem
1512 2067 1683 2110 praestat.

975 2138 1033 2145 —
1054 2117 1077 2153 5
1083 2123 1104 2160 4
1113 2118 1151 2154 3.
1176 2115 1348 2154 Suscitae
1363 2119 1480 2156 Rom.
1508 2125 1548 2154 et
1564 2117 1683 2167 pleri·

976 2186 1055 2224 que
1069 2175 1171 2211 Pier.
1189 2186 1279 2211 cum
1294 2182 1404 2224 parte
1414 2173 1534 2212 oodd.
1545 2174 1682 2212 Heius.

976 2240 1016 2268 et
1032 2232 1182 2277 Burm.;
1200 2232 1319 2268 etiam
1347 2230 1436 2269 edd.
1458 2229 1683 2275 nommllae,

977 2296 1025 2325 ut
1051 2288 1184 2334 Basil„
1201 2287 1310 2325 hand
1339 2287 1462 2326 dubie
1482 2284 1604 2338 mag'is
1634 2287 1682 2323 ad

976 2346 1257 2395 proprietatem
1278 2345 1510 2389 verborum3
1526 2343 1593 2380 sed
1609 2343 1683 2380 dn-

977 2402 1103 2439 bitare
1120 2402 1237 2448 licet,
1257 2415 1307 2439 an
1324 2415 1375 2439 ex
1391 2401 1476 2438 aliis
1492 2400 1611 2445 locis,
1639 2409 1685 2438 ut

976 2472 1064 2509 sup.
1094 2466 1201 2506 410,
1227 2462 1280 2505 V,
1311 2459 1391 2506 743
1404 2485 1417 2504 ‚
1449 2455 1685 2494 refinxerint

975 2517 1229 2567 grammatici.
1252 2514 1328 2554 sed
1344 2513 1580 2558 ,hesternum
1604 2516 1683 2550 La-

976 2585 1059 2609 rem
1071 2571 1275 2622 quomodo
1286 2572 1535 2621 accipiemus,
1554 2579 1593 2608 et
1605 2572 1685 2607 utri

975 2628 1101 2666 verbo
1111 2629 1347 2679 jungemus?
1364 2640 1464 2665 num
1483 2639 1566 2664 aras
1581 2625 1686 2664 exci-

976 2694 1039 2723 tat
1056 2684 1355 2736 hesternumque
1377 2687 1521 2722 Larem
1531 2689 1553 2722 ,³
1569 2698 1618 2722 an
1638 2697 1686 2721 a·

974 2755 1043 2780 ras
1054 2741 1222 2789 excitae
1233 2740 1535 2793 hesternumque
1541 2744 1686 2780 Larem
