<?xml version="1.0" encoding="UTF-8"?>
<!DOCTYPE html PUBLIC "-//W3C//DTD XHTML 1.0 Transitional//EN"
    "http://www.w3.org/TR/xhtml1/DTD/xhtml1-transitional.dtd">
<html xmlns="http://www.w3.org/1999/xhtml" xml:lang="en" lang="en">
 <head>
  <title>
</title>
<meta http-equiv="Content-Type" content="text/html;charset=utf-8" />
  <meta name='ocr-system' content='tesseract 3.04.00' />
  <meta name='ocr-capabilities' content='ocr_page ocr_carea ocr_par ocr_line ocrx_word'/>
</head>
<body>
  <div class='ocr_page' id='page_1' title='image "./operahey03virguoft_0200.png"; bbox 0 0 1767 3054; ppageno 0'>
   <div class='ocr_carea' id='block_1_1' title="bbox 139 111 216 148">
    <p class='ocr_par' dir='ltr' id='par_1_1' title="bbox 139 111 216 148">
     <span class='ocr_line' id='line_1_1' title="bbox 139 111 216 148; baseline 0 -13"><span class='ocrx_word' id='word_1_1' title='bbox 139 111 216 148; x_wconf 82' lang='lat'>¹90</span> 
     </span>
    </p>
   </div>
   <div class='ocr_carea' id='block_1_2' title="bbox 131 102 1398 236">
    <p class='ocr_par' dir='ltr' id='par_1_2' title="bbox 131 102 1398 236">
     <span class='ocr_line' id='line_1_2' title="bbox 761 102 1003 141; baseline 0.012 -3"><span class='ocrx_word' id='word_1_2' title='bbox 761 102 1003 141; x_wconf 74' lang='lat' dir='ltr'>AENEIDOS</span> 
     </span>
     <span class='ocr_line' id='line_1_3' title="bbox 131 170 1398 236; baseline 0.006 -21"><span class='ocrx_word' id='word_1_3' title='bbox 131 170 386 230; x_wconf 72' lang='lat' dir='ltr'>&#39;l&#39;crtiaque</span> <span class='ocrx_word' id='word_1_4' title='bbox 411 185 540 215; x_wconf 87' lang='lat' dir='ltr'>arma</span> <span class='ocrx_word' id='word_1_5' title='bbox 561 171 684 232; x_wconf 88' lang='lat' dir='ltr'>patri</span> <span class='ocrx_word' id='word_1_6' title='bbox 705 174 959 233; x_wconf 85' lang='lat' dir='ltr'>suspendet</span> <span class='ocrx_word' id='word_1_7' title='bbox 977 185 1114 236; x_wconf 86' lang='lat' dir='ltr'>capta</span> <span class='ocrx_word' id='word_1_8' title='bbox 1138 176 1355 232; x_wconf 86' lang='lat' dir='ltr'>Quirino.</span> <span class='ocrx_word' id='word_1_9' title='bbox 1381 199 1398 218; x_wconf 89' lang='lat'>»</span> 
     </span>
    </p>
   </div>
   <div class='ocr_carea' id='block_1_3' title="bbox 1566 191 1630 221">
    <p class='ocr_par' dir='ltr' id='par_1_3' title="bbox 1566 191 1630 221">
     <span class='ocr_line' id='line_1_4' title="bbox 1566 191 1630 221; baseline -0.031 0"><span class='ocrx_word' id='word_1_10' title='bbox 1566 191 1630 221; x_wconf 80' lang='lat'>860</span> 
     </span>
    </p>
   </div>
   <div class='ocr_carea' id='block_1_4' title="bbox 131 244 1492 531">
    <p class='ocr_par' dir='ltr' id='par_1_4' title="bbox 131 244 1399 458">
     <span class='ocr_line' id='line_1_5' title="bbox 197 244 1305 308; baseline 0.006 -20"><span class='ocrx_word' id='word_1_11' title='bbox 197 248 355 305; x_wconf 87' lang='lat' dir='ltr'><strong>Atque</strong></span> <span class='ocrx_word' id='word_1_12' title='bbox 375 244 452 290; x_wconf 87' lang='lat' dir='ltr'>hic</span> <span class='ocrx_word' id='word_1_13' title='bbox 472 246 663 303; x_wconf 79' lang='lat' dir='ltr'>AEnca53</span> <span class='ocrx_word' id='word_1_14' title='bbox 686 263 777 291; x_wconf 87' lang='lat' dir='ltr'>una</span> <span class='ocrx_word' id='word_1_15' title='bbox 800 263 1002 308; x_wconf 86' lang='lat' dir='ltr'>namque</span> <span class='ocrx_word' id='word_1_16' title='bbox 1022 249 1090 294; x_wconf 85' lang='lat' dir='ltr'>irc</span> <span class='ocrx_word' id='word_1_17' title='bbox 1110 249 1305 295; x_wconf 70' lang='lat' dir='ltr'>videbat</span> 
     </span>
     <span class='ocr_line' id='line_1_6' title="bbox 131 320 1399 385; baseline 0.007 -22"><span class='ocrx_word' id='word_1_18' title='bbox 131 320 385 381; x_wconf 81' lang='lat' dir='ltr'>Egregium</span> <span class='ocrx_word' id='word_1_19' title='bbox 408 320 559 365; x_wconf 85' lang='lat' dir='ltr'>forma</span> <span class='ocrx_word' id='word_1_20' title='bbox 575 321 822 381; x_wconf 83' lang='lat' dir='ltr'>juvenem,</span> <span class='ocrx_word' id='word_1_21' title='bbox 845 333 891 367; x_wconf 87' lang='lat' dir='ltr'>ct</span> <span class='ocrx_word' id='word_1_22' title='bbox 919 323 1204 384; x_wconf 79' lang='lat' dir='ltr'><strong>fulgentibus</strong></span> <span class='ocrx_word' id='word_1_23' title='bbox 1231 326 1399 385; x_wconf 86' lang='lat' dir='ltr'>armis;</span> 
     </span>
     <span class='ocr_line' id='line_1_7' title="bbox 132 393 1397 458; baseline 0.004 -20"><span class='ocrx_word' id='word_1_24' title='bbox 132 393 225 438; x_wconf 84' lang='lat' dir='ltr'>Sed</span> <span class='ocrx_word' id='word_1_25' title='bbox 252 394 379 439; x_wconf 87' lang='lat' dir='ltr'>frons</span> <span class='ocrx_word' id='word_1_26' title='bbox 405 394 509 439; x_wconf 83' lang='lat' dir='ltr'>laeta</span> <span class='ocrx_word' id='word_1_27' title='bbox 533 410 724 455; x_wconf 87' lang='lat' dir='ltr'>parum,</span> <span class='ocrx_word' id='word_1_28' title='bbox 751 407 796 440; x_wconf 81' lang='lat' dir='ltr'>ct</span> <span class='ocrx_word' id='word_1_29' title='bbox 822 395 1005 458; x_wconf 87' lang='lat' dir='ltr'>dejecto</span> <span class='ocrx_word' id='word_1_30' title='bbox 1030 399 1207 444; x_wconf 84' lang='lat' dir='ltr'>lumina</span> <span class='ocrx_word' id='word_1_31' title='bbox 1230 400 1365 445; x_wconf 81' lang='lat' dir='ltr'>voltu</span> <span class='ocrx_word' id='word_1_32' title='bbox 1387 417 1397 443; x_wconf 90' lang='lat'>:</span> 
     </span>
    </p>

    <p class='ocr_par' dir='ltr' id='par_1_5' title="bbox 131 455 1492 531">
     <span class='ocr_line' id='line_1_8' title="bbox 131 455 1492 531; baseline 0.01 -23"><span class='ocrx_word' id='word_1_33' title='bbox 131 490 148 508; x_wconf 85' lang='lat'>«</span> <span class='ocrx_word' id='word_1_34' title='bbox 172 469 310 525; x_wconf 87' lang='lat' dir='ltr'>Quis,</span> <span class='ocrx_word' id='word_1_35' title='bbox 334 480 490 529; x_wconf 83' lang='lat' dir='ltr'>pater,</span> <span class='ocrx_word' id='word_1_36' title='bbox 513 469 613 526; x_wconf 85' lang='lat' dir='ltr'>illc,</span> <span class='ocrx_word' id='word_1_37' title='bbox 636 455 792 514; x_wconf 73' lang='lat' dir='ltr'>viriun</span> <span class='ocrx_word' id='word_1_38' title='bbox 815 471 897 531; x_wconf 85' lang='lat' dir='ltr'>qui</span> <span class='ocrx_word' id='word_1_39' title='bbox 916 471 980 517; x_wconf 92' lang='lat' dir='ltr'>sic</span> <span class='ocrx_word' id='word_1_40' title='bbox 1002 473 1253 518; x_wconf 81' lang='lat' dir='ltr'>comitatur</span> <span class='ocrx_word' id='word_1_41' title='bbox 1275 478 1492 521; x_wconf 80' lang='lat' dir='ltr'>cuntem?</span> 
     </span>
    </p>
   </div>
   <div class='ocr_carea' id='block_1_5' title="bbox 126 541 1354 608">
    <p class='ocr_par' dir='ltr' id='par_1_6' title="bbox 126 541 1354 608">
     <span class='ocr_line' id='line_1_9' title="bbox 126 541 1354 608; baseline 0.006 -22"><span class='ocrx_word' id='word_1_42' title='bbox 126 541 295 599; x_wconf 85' lang='lat' dir='ltr'>Filius,</span> <span class='ocrx_word' id='word_1_43' title='bbox 321 558 441 588; x_wconf 86' lang='lat' dir='ltr'>anne</span> <span class='ocrx_word' id='word_1_44' title='bbox 465 542 633 604; x_wconf 88' lang='lat' dir='ltr'>aliquis</span> <span class='ocrx_word' id='word_1_45' title='bbox 659 559 827 606; x_wconf 82' lang='lat' dir='ltr'>magna</span> <span class='ocrx_word' id='word_1_46' title='bbox 849 544 907 590; x_wconf 84' lang='lat' dir='ltr'>de</span> <span class='ocrx_word' id='word_1_47' title='bbox 929 546 1075 608; x_wconf 82' lang='lat' dir='ltr'>stirpe</span> <span class='ocrx_word' id='word_1_48' title='bbox 1099 550 1354 608; x_wconf 81' lang='lat' dir='ltr'>nepotum?</span> 
     </span>
    </p>
   </div>
   <div class='ocr_carea' id='block_1_6' title="bbox 79 716 845 2784">
    <p class='ocr_par' dir='ltr' id='par_1_7' title="bbox 79 716 845 2784">
     <span class='ocr_line' id='line_1_10' title="bbox 128 716 844 768; baseline 0.004 -15"><span class='ocrx_word' id='word_1_49' title='bbox 128 716 307 754; x_wconf 89' lang='lat' dir='ltr'>Perizon.</span> <span class='ocrx_word' id='word_1_50' title='bbox 324 717 352 754; x_wconf 93' lang='lat' dir='ltr'>l.</span> <span class='ocrx_word' id='word_1_51' title='bbox 375 730 410 756; x_wconf 89' lang='lat' dir='ltr'>c.</span> <span class='ocrx_word' id='word_1_52' title='bbox 427 730 517 768; x_wconf 87' lang='lat' dir='ltr'>pag.</span> <span class='ocrx_word' id='word_1_53' title='bbox 535 717 616 754; x_wconf 87' lang='lat'>255</span> <span class='ocrx_word' id='word_1_54' title='bbox 634 732 692 768; x_wconf 84' lang='lat' dir='ltr'>sq.</span> <span class='ocrx_word' id='word_1_55' title='bbox 708 747 717 763; x_wconf 84' lang='lat'><strong>,</strong></span> <span class='ocrx_word' id='word_1_56' title='bbox 735 719 844 756; x_wconf 88' lang='lat' dir='ltr'>unde</span> 
     </span>
     <span class='ocr_line' id='line_1_11' title="bbox 128 775 844 826; baseline 0.008 -17"><span class='ocrx_word' id='word_1_57' title='bbox 128 781 281 810; x_wconf 90' lang='lat' dir='ltr'>constat</span> <span class='ocrx_word' id='word_1_58' title='bbox 305 775 505 826; x_wconf 75' lang='lat' dir='ltr'>vulgarem</span> <span class='ocrx_word' id='word_1_59' title='bbox 533 789 617 812; x_wconf 88' lang='lat' dir='ltr'>eam</span> <span class='ocrx_word' id='word_1_60' title='bbox 644 779 844 814; x_wconf 85' lang='lat' dir='ltr'>Romano·</span> 
     </span>
     <span class='ocr_line' id='line_1_12' title="bbox 126 832 842 880; baseline 0.007 -14"><span class='ocrx_word' id='word_1_61' title='bbox 126 843 217 866; x_wconf 88' lang='lat' dir='ltr'>rum</span> <span class='ocrx_word' id='word_1_62' title='bbox 235 832 466 880; x_wconf 87' lang='lat' dir='ltr'>opinionem</span> <span class='ocrx_word' id='word_1_63' title='bbox 497 834 615 870; x_wconf 89' lang='lat' dir='ltr'>fuisse</span> <span class='ocrx_word' id='word_1_64' title='bbox 630 861 640 878; x_wconf 84' lang='lat'>‚</span> <span class='ocrx_word' id='word_1_65' title='bbox 661 843 700 871; x_wconf 91' lang='lat' dir='ltr'>et</span> <span class='ocrx_word' id='word_1_66' title='bbox 719 836 842 871; x_wconf 89' lang='lat' dir='ltr'>inter-</span> 
     </span>
     <span class='ocr_line' id='line_1_13' title="bbox 124 890 845 941; baseline 0.01 -19"><span class='ocrx_word' id='word_1_67' title='bbox 124 890 387 937; x_wconf 80' lang='lat' dir='ltr'>pretationem</span> <span class='ocrx_word' id='word_1_68' title='bbox 416 893 526 941; x_wconf 85' lang='lat' dir='ltr'><strong>Legis</strong></span> <span class='ocrx_word' id='word_1_69' title='bbox 561 892 724 937; x_wconf 72' lang='lat' dir='ltr'>Numae,</span> <span class='ocrx_word' id='word_1_70' title='bbox 755 906 845 941; x_wconf 82' lang='lat' dir='ltr'>quae</span> 
     </span>
     <span class='ocr_line' id='line_1_14' title="bbox 126 943 842 1000; baseline 0.008 -20"><span class='ocrx_word' id='word_1_71' title='bbox 126 943 173 981; x_wconf 90' lang='lat' dir='ltr'>de</span> <span class='ocrx_word' id='word_1_72' title='bbox 202 946 329 982; x_wconf 85' lang='lat' dir='ltr'>tribus</span> <span class='ocrx_word' id='word_1_73' title='bbox 354 947 521 985; x_wconf 79' lang='lat' dir='ltr'>diversis</span> <span class='ocrx_word' id='word_1_74' title='bbox 537 948 756 998; x_wconf 87' lang='lat' dir='ltr'>spoliorum</span> <span class='ocrx_word' id='word_1_75' title='bbox 777 963 842 1000; x_wconf 86' lang='lat' dir='ltr'>ge-</span> 
     </span>
     <span class='ocr_line' id='line_1_15' title="bbox 123 1002 843 1044; baseline 0.008 -6"><span class='ocrx_word' id='word_1_76' title='bbox 123 1002 285 1039; x_wconf 87' lang='lat' dir='ltr'>neribus</span> <span class='ocrx_word' id='word_1_77' title='bbox 311 1014 393 1042; x_wconf 90' lang='lat' dir='ltr'>erat</span> <span class='ocrx_word' id='word_1_78' title='bbox 420 1006 510 1043; x_wconf 89' lang='lat' dir='ltr'>lata.</span> <span class='ocrx_word' id='word_1_79' title='bbox 531 1009 692 1044; x_wconf 86' lang='lat' dir='ltr'>Poetam</span> <span class='ocrx_word' id='word_1_80' title='bbox 712 1016 843 1044; x_wconf 88' lang='lat' dir='ltr'>autem</span> 
     </span>
     <span class='ocr_line' id='line_1_16' title="bbox 122 1060 840 1115; baseline 0.01 -19"><span class='ocrx_word' id='word_1_81' title='bbox 122 1060 234 1108; x_wconf 79' lang='lat' dir='ltr'>sequi</span> <span class='ocrx_word' id='word_1_82' title='bbox 248 1061 449 1113; x_wconf 84' lang='lat' dir='ltr'>vulgarem</span> <span class='ocrx_word' id='word_1_83' title='bbox 461 1066 692 1115; x_wconf 85' lang='lat' dir='ltr'>opinionem</span> <span class='ocrx_word' id='word_1_84' title='bbox 703 1064 758 1100; x_wconf 90' lang='lat' dir='ltr'>fas</span> <span class='ocrx_word' id='word_1_85' title='bbox 771 1074 840 1104; x_wconf 89' lang='lat' dir='ltr'>est.</span> 
     </span>
     <span class='ocr_line' id='line_1_17' title="bbox 123 1117 841 1161; baseline 0.01 -7"><span class='ocrx_word' id='word_1_86' title='bbox 123 1119 218 1154; x_wconf 90' lang='lat' dir='ltr'>Post</span> <span class='ocrx_word' id='word_1_87' title='bbox 249 1117 333 1155; x_wconf 83' lang='lat' dir='ltr'>haec</span> <span class='ocrx_word' id='word_1_88' title='bbox 372 1124 506 1159; x_wconf 91' lang='lat' dir='ltr'>omnia</span> <span class='ocrx_word' id='word_1_89' title='bbox 539 1131 671 1159; x_wconf 89' lang='lat' dir='ltr'>tamen</span> <span class='ocrx_word' id='word_1_90' title='bbox 708 1132 841 1161; x_wconf 86' lang='lat' dir='ltr'>manet</span> 
     </span>
     <span class='ocr_line' id='line_1_18' title="bbox 121 1174 838 1230; baseline 0.01 -20"><span class='ocrx_word' id='word_1_91' title='bbox 121 1174 222 1219; x_wconf 88' lang='lat' dir='ltr'>hoc,</span> <span class='ocrx_word' id='word_1_92' title='bbox 242 1178 368 1226; x_wconf 87' lang='lat' dir='ltr'>spolia</span> <span class='ocrx_word' id='word_1_93' title='bbox 389 1182 521 1230; x_wconf 87' lang='lat' dir='ltr'>opima</span> <span class='ocrx_word' id='word_1_94' title='bbox 541 1181 583 1216; x_wconf 89' lang='lat' dir='ltr'>in</span> <span class='ocrx_word' id='word_1_95' title='bbox 604 1181 743 1218; x_wconf 88' lang='lat' dir='ltr'>eodem</span> <span class='ocrx_word' id='word_1_96' title='bbox 767 1183 838 1219; x_wconf 90' lang='lat' dir='ltr'>Jo-</span> 
     </span>
     <span class='ocr_line' id='line_1_19' title="bbox 121 1233 839 1290; baseline 0.013 -23"><span class='ocrx_word' id='word_1_97' title='bbox 121 1234 181 1269; x_wconf 87' lang='lat' dir='ltr'>vis</span> <span class='ocrx_word' id='word_1_98' title='bbox 208 1233 374 1274; x_wconf 84' lang='lat' dir='ltr'>Feretrii</span> <span class='ocrx_word' id='word_1_99' title='bbox 405 1238 552 1288; x_wconf 91' lang='lat' dir='ltr'>templo</span> <span class='ocrx_word' id='word_1_100' title='bbox 578 1239 696 1275; x_wconf 86' lang='lat' dir='ltr'>fuisse</span> <span class='ocrx_word' id='word_1_101' title='bbox 726 1253 839 1290; x_wconf 89' lang='lat' dir='ltr'>repo-</span> 
     </span>
     <span class='ocr_line' id='line_1_20' title="bbox 119 1291 840 1346; baseline 0.011 -20"><span class='ocrx_word' id='word_1_102' title='bbox 119 1291 206 1327; x_wconf 86' lang='lat' dir='ltr'>sita.</span> <span class='ocrx_word' id='word_1_103' title='bbox 246 1295 425 1346; x_wconf 87' lang='lat' dir='ltr'>Propert.</span> <span class='ocrx_word' id='word_1_104' title='bbox 469 1298 553 1342; x_wconf 89' lang='lat'>111,</span> <span class='ocrx_word' id='word_1_105' title='bbox 584 1310 632 1333; x_wconf 91' lang='lat'>10</span> <span class='ocrx_word' id='word_1_106' title='bbox 663 1296 689 1335; x_wconf 86' lang='lat' dir='ltr'>f.</span> <span class='ocrx_word' id='word_1_107' title='bbox 720 1299 840 1334; x_wconf 82' lang='lat' dir='ltr'>Nunc</span> 
     </span>
     <span class='ocr_line' id='line_1_21' title="bbox 119 1352 836 1403; baseline 0.003 -13"><span class='ocrx_word' id='word_1_108' title='bbox 119 1354 251 1397; x_wconf 79' lang='lat' dir='ltr'>spolia</span> <span class='ocrx_word' id='word_1_109' title='bbox 286 1352 328 1389; x_wconf 85' lang='lat' dir='ltr'>in</span> <span class='ocrx_word' id='word_1_110' title='bbox 363 1354 512 1403; x_wconf 78' lang='lat' dir='ltr'>templo</span> <span class='ocrx_word' id='word_1_111' title='bbox 543 1353 622 1391; x_wconf 78' lang='lat' dir='ltr'>tria</span> <span class='ocrx_word' id='word_1_112' title='bbox 660 1354 836 1393; x_wconf 77' lang='lat' dir='ltr'>condita.</span> 
     </span>
     <span class='ocr_line' id='line_1_22' title="bbox 120 1412 839 1462; baseline -0.001 -13"><span class='ocrx_word' id='word_1_113' title='bbox 120 1412 336 1449; x_wconf 83' lang='lat' dir='ltr'>Nobilitata</span> <span class='ocrx_word' id='word_1_114' title='bbox 370 1424 529 1462; x_wconf 91' lang='lat' dir='ltr'>quoque</span> <span class='ocrx_word' id='word_1_115' title='bbox 556 1420 614 1448; x_wconf 91' lang='lat' dir='ltr'>est</span> <span class='ocrx_word' id='word_1_116' title='bbox 651 1414 839 1448; x_wconf 91' lang='lat' dir='ltr'>memoria</span> 
     </span>
     <span class='ocr_line' id='line_1_23' title="bbox 121 1468 837 1519; baseline 0 -14"><span class='ocrx_word' id='word_1_117' title='bbox 121 1469 300 1506; x_wconf 77' lang='lat' dir='ltr'>Marcelli</span> <span class='ocrx_word' id='word_1_118' title='bbox 312 1468 474 1506; x_wconf 89' lang='lat' dir='ltr'>denario</span> <span class='ocrx_word' id='word_1_119' title='bbox 493 1470 620 1519; x_wconf 82' lang='lat' dir='ltr'>gentis</span> <span class='ocrx_word' id='word_1_120' title='bbox 639 1469 814 1507; x_wconf 86' lang='lat' dir='ltr'>Claudiae</span> <span class='ocrx_word' id='word_1_121' title='bbox 827 1498 837 1515; x_wconf 87' lang='lat'>‚</span> 
     </span>
     <span class='ocr_line' id='line_1_24' title="bbox 119 1526 841 1576; baseline 0 -14"><span class='ocrx_word' id='word_1_122' title='bbox 119 1527 163 1562; x_wconf 89' lang='lat' dir='ltr'>in</span> <span class='ocrx_word' id='word_1_123' title='bbox 186 1540 267 1576; x_wconf 91' lang='lat' dir='ltr'>quo</span> <span class='ocrx_word' id='word_1_124' title='bbox 287 1526 480 1575; x_wconf 88' lang='lat' dir='ltr'>templum</span> <span class='ocrx_word' id='word_1_125' title='bbox 502 1535 674 1575; x_wconf 86' lang='lat' dir='ltr'>quatuor</span> <span class='ocrx_word' id='word_1_126' title='bbox 694 1526 841 1563; x_wconf 89' lang='lat' dir='ltr'>colum-</span> 
     </span>
     <span class='ocr_line' id='line_1_25' title="bbox 119 1584 839 1635; baseline 0.003 -16"><span class='ocrx_word' id='word_1_127' title='bbox 119 1584 182 1620; x_wconf 87' lang='lat' dir='ltr'>nis</span> <span class='ocrx_word' id='word_1_128' title='bbox 193 1586 236 1621; x_wconf 92' lang='lat' dir='ltr'>in</span> <span class='ocrx_word' id='word_1_129' title='bbox 252 1584 384 1620; x_wconf 90' lang='lat' dir='ltr'>fronte</span> <span class='ocrx_word' id='word_1_130' title='bbox 406 1591 593 1619; x_wconf 89' lang='lat' dir='ltr'>ornatum</span> <span class='ocrx_word' id='word_1_131' title='bbox 609 1585 691 1633; x_wconf 87' lang='lat' dir='ltr'>ipse</span> <span class='ocrx_word' id='word_1_132' title='bbox 710 1586 839 1635; x_wconf 81' lang='lat' dir='ltr'>ingre-</span> 
     </span>
     <span class='ocr_line' id='line_1_26' title="bbox 120 1639 842 1691; baseline 0.001 -15"><span class='ocrx_word' id='word_1_133' title='bbox 120 1639 230 1678; x_wconf 81' lang='lat' dir='ltr'>ditur</span> <span class='ocrx_word' id='word_1_134' title='bbox 260 1650 458 1691; x_wconf 88' lang='lat' dir='ltr'>tropaeum</span> <span class='ocrx_word' id='word_1_135' title='bbox 493 1649 659 1691; x_wconf 85' lang='lat' dir='ltr'>gestans.</span> <span class='ocrx_word' id='word_1_136' title='bbox 686 1642 842 1678; x_wconf 81' lang='lat' dir='ltr'>Tumul-</span> 
     </span>
     <span class='ocr_line' id='line_1_27' title="bbox 121 1698 838 1750; baseline 0.001 -16"><span class='ocrx_word' id='word_1_137' title='bbox 121 1708 161 1734; x_wconf 80' lang='grc' dir='ltr'>τα</span> <span class='ocrx_word' id='word_1_138' title='bbox 181 1707 311 1750; x_wconf 89' lang='lat' dir='ltr'>potest</span> <span class='ocrx_word' id='word_1_139' title='bbox 338 1699 498 1748; x_wconf 84' lang='lat' dir='ltr'>proprie</span> <span class='ocrx_word' id='word_1_140' title='bbox 522 1698 674 1736; x_wconf 84' lang='lat' dir='ltr'>dictum</span> <span class='ocrx_word' id='word_1_141' title='bbox 693 1698 838 1746; x_wconf 81' lang='lat' dir='ltr'>videri,</span> 
     </span>
     <span class='ocr_line' id='line_1_28' title="bbox 119 1755 839 1794; baseline 0.003 -3"><span class='ocrx_word' id='word_1_142' title='bbox 119 1757 352 1794; x_wconf 87' lang='lat' dir='ltr'>imminente</span> <span class='ocrx_word' id='word_1_143' title='bbox 375 1755 482 1793; x_wconf 87' lang='lat' dir='ltr'>bello</span> <span class='ocrx_word' id='word_1_144' title='bbox 518 1756 671 1793; x_wconf 90' lang='lat' dir='ltr'>Gallico</span> <span class='ocrx_word' id='word_1_145' title='bbox 695 1756 738 1792; x_wconf 90' lang='lat' dir='ltr'>in</span> <span class='ocrx_word' id='word_1_146' title='bbox 763 1759 839 1793; x_wconf 88' lang='lat' dir='ltr'>Ita-</span> 
     </span>
     <span class='ocr_line' id='line_1_29' title="bbox 117 1814 838 1860; baseline 0.003 -9"><span class='ocrx_word' id='word_1_147' title='bbox 117 1814 183 1852; x_wconf 90' lang='lat' dir='ltr'>lia.</span> <span class='ocrx_word' id='word_1_148' title='bbox 203 1814 282 1852; x_wconf 82' lang='lat' dir='ltr'>vid.</span> <span class='ocrx_word' id='word_1_149' title='bbox 299 1814 379 1852; x_wconf 87' lang='lat' dir='ltr'>Cic.</span> <span class='ocrx_word' id='word_1_150' title='bbox 401 1814 501 1851; x_wconf 87' lang='lat' dir='ltr'>Phil.</span> <span class='ocrx_word' id='word_1_151' title='bbox 523 1816 624 1851; x_wconf 88' lang='lat' dir='ltr'><strong>VIII</strong></span> <span class='ocrx_word' id='word_1_152' title='bbox 638 1828 652 1860; x_wconf 55' lang='lat'>‚¹</span> <span class='ocrx_word' id='word_1_153' title='bbox 673 1827 707 1860; x_wconf 80' lang='lat'>13</span> <span class='ocrx_word' id='word_1_154' title='bbox 728 1816 838 1854; x_wconf 89' lang='lat' dir='ltr'>Serv.</span> 
     </span>
     <span class='ocr_line' id='line_1_30' title="bbox 118 1872 837 1922; baseline -0.001 -12"><span class='ocrx_word' id='word_1_155' title='bbox 118 1873 190 1910; x_wconf 73' lang='lat' dir='ltr'>tuf.</span> <span class='ocrx_word' id='word_1_156' title='bbox 224 1872 272 1909; x_wconf 89' lang='lat' dir='ltr'>ad</span> <span class='ocrx_word' id='word_1_157' title='bbox 299 1873 422 1917; x_wconf 89' lang='lat' dir='ltr'><strong>VIII,</strong></span> <span class='ocrx_word' id='word_1_158' title='bbox 451 1879 491 1916; x_wconf 79' lang='lat'>-4,</span> <span class='ocrx_word' id='word_1_159' title='bbox 521 1874 656 1922; x_wconf 77' lang='lat' dir='ltr'>Eques</span> <span class='ocrx_word' id='word_1_160' title='bbox 681 1885 719 1910; x_wconf 88' lang='lat' dir='ltr'>v.</span> <span class='ocrx_word' id='word_1_161' title='bbox 755 1872 837 1922; x_wconf 86' lang='lat'>859</span> 
     </span>
     <span class='ocr_line' id='line_1_31' title="bbox 118 1930 838 1980; baseline 0.001 -14"><span class='ocrx_word' id='word_1_162' title='bbox 118 1943 171 1966; x_wconf 85' lang='lat' dir='ltr'>ex</span> <span class='ocrx_word' id='word_1_163' title='bbox 187 1931 346 1980; x_wconf 88' lang='lat' dir='ltr'>poetico</span> <span class='ocrx_word' id='word_1_164' title='bbox 371 1943 553 1968; x_wconf 87' lang='lat' dir='ltr'>sermone</span> <span class='ocrx_word' id='word_1_165' title='bbox 577 1930 624 1966; x_wconf 90' lang='lat' dir='ltr'>ad</span> <span class='ocrx_word' id='word_1_166' title='bbox 650 1931 838 1978; x_wconf 86' lang='lat' dir='ltr'>majorem</span> 
     </span>
     <span class='ocr_line' id='line_1_32' title="bbox 120 1987 839 2038; baseline 0.001 -14"><span class='ocrx_word' id='word_1_167' title='bbox 120 1987 351 2038; x_wconf 79' lang='lat' dir='ltr'>dignitatem</span> <span class='ocrx_word' id='word_1_168' title='bbox 363 2001 437 2037; x_wconf 89' lang='lat' dir='ltr'>pro</span> <span class='ocrx_word' id='word_1_169' title='bbox 447 2016 458 2034; x_wconf 89' lang='lat'>‚</span> <span class='ocrx_word' id='word_1_170' title='bbox 473 1987 640 2025; x_wconf 85' lang='lat' dir='ltr'>bellator</span> <span class='ocrx_word' id='word_1_171' title='bbox 656 1988 752 2025; x_wconf 81' lang='lat' dir='ltr'>dux.</span> <span class='ocrx_word' id='word_1_172' title='bbox 763 1991 839 2027; x_wconf 91' lang='lat' dir='ltr'>Oc-</span> 
     </span>
     <span class='ocr_line' id='line_1_33' title="bbox 119 2045 837 2084; baseline 0.001 -3"><span class='ocrx_word' id='word_1_173' title='bbox 119 2046 245 2082; x_wconf 82' lang='lat' dir='ltr'>currit</span> <span class='ocrx_word' id='word_1_174' title='bbox 279 2054 318 2081; x_wconf 93' lang='lat' dir='ltr'>et</span> <span class='ocrx_word' id='word_1_175' title='bbox 350 2045 456 2083; x_wconf 84' lang='lat' dir='ltr'>alibi.</span> <span class='ocrx_word' id='word_1_176' title='bbox 480 2067 538 2074; x_wconf 88' lang='lat'>—-</span> <span class='ocrx_word' id='word_1_177' title='bbox 567 2046 663 2084; x_wconf 87' lang='grc'>860.</span> <span class='ocrx_word' id='word_1_178' title='bbox 693 2045 837 2083; x_wconf 81' lang='lat' dir='ltr'>Tristia</span> 
     </span>
     <span class='ocr_line' id='line_1_34' title="bbox 119 2094 836 2153; baseline 0.003 -13"><span class='ocrx_word' id='word_1_179' title='bbox 119 2104 238 2140; x_wconf 82' lang='lat' dir='ltr'>Rom.</span> <span class='ocrx_word' id='word_1_180' title='bbox 262 2094 395 2139; x_wconf 80' lang='lat' dir='ltr'>&#39;Patris</span> <span class='ocrx_word' id='word_1_181' title='bbox 417 2102 554 2153; x_wconf 87' lang='lat' dir='ltr'>fragm.</span> <span class='ocrx_word' id='word_1_182' title='bbox 577 2105 707 2141; x_wconf 82' lang='lat' dir='ltr'>Vatic.</span> <span class='ocrx_word' id='word_1_183' title='bbox 739 2116 759 2139; x_wconf 89' lang='lat' dir='ltr'>a</span> <span class='ocrx_word' id='word_1_184' title='bbox 783 2118 836 2142; x_wconf 89' lang='lat' dir='ltr'>m.</span> 
     </span>
     <span class='ocr_line' id='line_1_35' title="bbox 119 2161 839 2211; baseline 0.004 -16"><span class='ocrx_word' id='word_1_185' title='bbox 119 2173 179 2208; x_wconf 89' lang='lat' dir='ltr'>pr.</span> <span class='ocrx_word' id='word_1_186' title='bbox 201 2161 453 2209; x_wconf 77' lang='lat' dir='ltr'>Suspendetzt</span> <span class='ocrx_word' id='word_1_187' title='bbox 461 2162 491 2197; x_wconf 95' lang='lat' dir='ltr'>F</span> <span class='ocrx_word' id='word_1_188' title='bbox 496 2174 601 2198; x_wconf 86' lang='lat' dir='ltr'>rane.</span> <span class='ocrx_word' id='word_1_189' title='bbox 616 2164 748 2211; x_wconf 81' lang='lat' dir='ltr'>Rapta</span> <span class='ocrx_word' id='word_1_190' title='bbox 760 2175 839 2198; x_wconf 91' lang='lat' dir='ltr'>ma-</span> 
     </span>
     <span class='ocr_line' id='line_1_36' title="bbox 119 2216 836 2268; baseline 0.006 -16"><span class='ocrx_word' id='word_1_191' title='bbox 119 2216 224 2253; x_wconf 87' lang='lat' dir='ltr'>lebat</span> <span class='ocrx_word' id='word_1_192' title='bbox 243 2217 468 2255; x_wconf 85' lang='lat' dir='ltr'>Markland.</span> <span class='ocrx_word' id='word_1_193' title='bbox 490 2217 537 2254; x_wconf 87' lang='lat' dir='ltr'>ad</span> <span class='ocrx_word' id='word_1_194' title='bbox 553 2221 647 2256; x_wconf 81' lang='lat' dir='ltr'>Stat.</span> <span class='ocrx_word' id='word_1_195' title='bbox 668 2233 707 2268; x_wconf 90' lang='lat' dir='ltr'>p.</span> <span class='ocrx_word' id='word_1_196' title='bbox 731 2231 808 2265; x_wconf 82' lang='lat'>277</span> <span class='ocrx_word' id='word_1_197' title='bbox 826 2248 836 2265; x_wconf 95' lang='lat'><strong>‚</strong></span> 
     </span>
     <span class='ocr_line' id='line_1_37' title="bbox 120 2276 838 2326; baseline 0.006 -17"><span class='ocrx_word' id='word_1_198' title='bbox 120 2282 166 2309; x_wconf 91' lang='lat' dir='ltr'>ut</span> <span class='ocrx_word' id='word_1_199' title='bbox 198 2276 275 2322; x_wconf 87' lang='lat' dir='ltr'>jam</span> <span class='ocrx_word' id='word_1_200' title='bbox 310 2277 545 2312; x_wconf 82' lang='lat' dir='ltr'>Passeratius</span> <span class='ocrx_word' id='word_1_201' title='bbox 574 2276 683 2326; x_wconf 80' lang='lat' dir='ltr'>apud</span> <span class='ocrx_word' id='word_1_202' title='bbox 719 2277 838 2313; x_wconf 84' lang='lat' dir='ltr'>Guel-</span> 
     </span>
     <span class='ocr_line' id='line_1_38' title="bbox 119 2330 837 2384; baseline 0.008 -18"><span class='ocrx_word' id='word_1_203' title='bbox 119 2330 240 2377; x_wconf 91' lang='lat' dir='ltr'>lium;</span> <span class='ocrx_word' id='word_1_204' title='bbox 275 2333 330 2368; x_wconf 90' lang='lat' dir='ltr'>sic</span> <span class='ocrx_word' id='word_1_205' title='bbox 367 2334 512 2384; x_wconf 84' lang='lat' dir='ltr'>Georg.</span> <span class='ocrx_word' id='word_1_206' title='bbox 545 2333 615 2370; x_wconf 82' lang='lat' dir='ltr'>lib.</span> <span class='ocrx_word' id='word_1_207' title='bbox 651 2335 732 2378; x_wconf 90' lang='lat' dir='ltr'><strong>III,</strong></span> <span class='ocrx_word' id='word_1_208' title='bbox 771 2335 837 2372; x_wconf 81' lang='lat'>32.</span> 
     </span>
     <span class='ocr_line' id='line_1_39' title="bbox 121 2387 840 2429; baseline 0.003 -3"><span class='ocrx_word' id='word_1_209' title='bbox 121 2387 196 2426; x_wconf 91' lang='lat' dir='ltr'>Sed</span> <span class='ocrx_word' id='word_1_210' title='bbox 209 2401 282 2424; x_wconf 88' lang='lat' dir='ltr'>nec</span> <span class='ocrx_word' id='word_1_211' title='bbox 302 2390 434 2427; x_wconf 84' lang='lat' dir='ltr'>minus</span> <span class='ocrx_word' id='word_1_212' title='bbox 454 2391 621 2427; x_wconf 89' lang='lat' dir='ltr'>alterum</span> <span class='ocrx_word' id='word_1_213' title='bbox 639 2390 741 2429; x_wconf 88' lang='lat' dir='ltr'>bene</span> <span class='ocrx_word' id='word_1_214' title='bbox 760 2390 840 2428; x_wconf 84' lang='lat' dir='ltr'>dic·</span> 
     </span>
     <span class='ocr_line' id='line_1_40' title="bbox 123 2453 221 2482; baseline 0 0"><span class='ocrx_word' id='word_1_215' title='bbox 123 2453 221 2482; x_wconf 77' lang='lat' dir='ltr'>tum.</span> 
     </span>
     <span class='ocr_line' id='line_1_41' title="bbox 79 2503 839 2550; baseline 0.008 -12"><span class='ocrx_word' id='word_1_216' title='bbox 79 2508 86 2511; x_wconf 71' lang='grc'><em>“</em></span> <span class='ocrx_word' id='word_1_217' title='bbox 181 2503 259 2539; x_wconf 82' lang='lat'>861</span> <span class='ocrx_word' id='word_1_218' title='bbox 275 2524 334 2530; x_wconf 93' lang='lat'>—-</span> <span class='ocrx_word' id='word_1_219' title='bbox 347 2504 442 2550; x_wconf 75' lang='lat'>867.</span> <span class='ocrx_word' id='word_1_220' title='bbox 461 2506 727 2543; x_wconf 86' lang='lat' dir='ltr'>Imitationem</span> <span class='ocrx_word' id='word_1_221' title='bbox 749 2506 839 2544; x_wconf 79' lang='lat' dir='ltr'>vide</span> 
     </span>
     <span class='ocr_line' id='line_1_42' title="bbox 122 2560 837 2613; baseline 0.007 -16"><span class='ocrx_word' id='word_1_222' title='bbox 122 2560 227 2611; x_wconf 80' lang='lat' dir='ltr'>apud</span> <span class='ocrx_word' id='word_1_223' title='bbox 253 2560 392 2598; x_wconf 91' lang='lat' dir='ltr'>Silium</span> <span class='ocrx_word' id='word_1_224' title='bbox 431 2563 552 2608; x_wconf 83' lang='lat' dir='ltr'><strong>XIII,</strong></span> <span class='ocrx_word' id='word_1_225' title='bbox 591 2564 670 2609; x_wconf 83' lang='lat'>778</span> <span class='ocrx_word' id='word_1_226' title='bbox 704 2577 837 2613; x_wconf 86' lang='lat' dir='ltr'>seqq.,</span> 
     </span>
     <span class='ocr_line' id='line_1_43' title="bbox 121 2617 838 2670; baseline 0.006 -16"><span class='ocrx_word' id='word_1_227' title='bbox 121 2618 194 2655; x_wconf 87' lang='lat' dir='ltr'>ubi</span> <span class='ocrx_word' id='word_1_228' title='bbox 213 2617 261 2654; x_wconf 91' lang='lat' dir='ltr'>de</span> <span class='ocrx_word' id='word_1_229' title='bbox 286 2618 453 2654; x_wconf 84' lang='lat' dir='ltr'>Homeri</span> <span class='ocrx_word' id='word_1_230' title='bbox 480 2619 636 2656; x_wconf 90' lang='lat' dir='ltr'>umbra.</span> <span class='ocrx_word' id='word_1_231' title='bbox 668 2620 838 2670; x_wconf 88' lang='lat' dir='ltr'>Compa-</span> 
     </span>
     <span class='ocr_line' id='line_1_44' title="bbox 122 2676 838 2726; baseline 0.004 -15"><span class='ocrx_word' id='word_1_232' title='bbox 122 2676 200 2712; x_wconf 86' lang='lat' dir='ltr'>rari</span> <span class='ocrx_word' id='word_1_233' title='bbox 227 2687 386 2726; x_wconf 86' lang='lat' dir='ltr'>quoque</span> <span class='ocrx_word' id='word_1_234' title='bbox 417 2683 546 2724; x_wconf 89' lang='lat' dir='ltr'>potest</span> <span class='ocrx_word' id='word_1_235' title='bbox 572 2689 756 2713; x_wconf 84' lang='lat' dir='ltr'>recensus</span> <span class='ocrx_word' id='word_1_236' title='bbox 787 2679 838 2714; x_wconf 88' lang='lat' dir='ltr'>si-</span> 
     </span>
     <span class='ocr_line' id='line_1_45' title="bbox 122 2727 838 2784; baseline 0.003 -14"><span class='ocrx_word' id='word_1_237' title='bbox 122 2732 225 2770; x_wconf 87' lang='lat' dir='ltr'>milis</span> <span class='ocrx_word' id='word_1_238' title='bbox 254 2727 362 2784; x_wconf 78' lang='lat' dir='ltr'>apud</span> <span class='ocrx_word' id='word_1_239' title='bbox 388 2733 524 2784; x_wconf 86' lang='lat' dir='ltr'>Eurip.</span> <span class='ocrx_word' id='word_1_240' title='bbox 544 2732 734 2772; x_wconf 78' lang='lat' dir='ltr'>Phoeniss,</span> <span class='ocrx_word' id='word_1_241' title='bbox 761 2747 838 2772; x_wconf 87' lang='lat'>120</span> 
     </span>
    </p>
   </div>
   <div class='ocr_carea' id='block_1_7' title="bbox 1561 560 1623 591">
    <p class='ocr_par' dir='ltr' id='par_1_8' title="bbox 1561 560 1623 591">
     <span class='ocr_line' id='line_1_46' title="bbox 1561 560 1623 591; baseline -0.016 0"><span class='ocrx_word' id='word_1_242' title='bbox 1561 560 1623 591; x_wconf 83' lang='lat'>865</span> 
     </span>
    </p>
   </div>
   <div class='ocr_carea' id='block_1_8' title="bbox 903 721 1629 2777">
    <p class='ocr_par' dir='ltr' id='par_1_9' title="bbox 903 721 1629 2777">
     <span class='ocr_line' id='line_1_47' title="bbox 908 721 1620 771; baseline 0.007 -16"><span class='ocrx_word' id='word_1_243' title='bbox 908 732 992 769; x_wconf 84' lang='lat' dir='ltr'>sqq.</span> <span class='ocrx_word' id='word_1_244' title='bbox 1022 726 1095 766; x_wconf 78' lang='lat'>147</span> <span class='ocrx_word' id='word_1_245' title='bbox 1129 733 1186 770; x_wconf 90' lang='lat' dir='ltr'>sq.</span> <span class='ocrx_word' id='word_1_246' title='bbox 1216 722 1374 758; x_wconf 88' lang='lat' dir='ltr'>Summa</span> <span class='ocrx_word' id='word_1_247' title='bbox 1405 721 1546 771; x_wconf 89' lang='lat' dir='ltr'>populi</span> <span class='ocrx_word' id='word_1_248' title='bbox 1571 724 1620 760; x_wconf 88' lang='lat' dir='ltr'>R.</span> 
     </span>
     <span class='ocr_line' id='line_1_48' title="bbox 910 777 1621 830; baseline 0.004 -17"><span class='ocrx_word' id='word_1_249' title='bbox 910 777 958 813; x_wconf 91' lang='lat' dir='ltr'>de</span> <span class='ocrx_word' id='word_1_250' title='bbox 982 778 1041 815; x_wconf 89' lang='lat' dir='ltr'>M.</span> <span class='ocrx_word' id='word_1_251' title='bbox 1062 777 1265 823; x_wconf 88' lang='lat' dir='ltr'>Marcelli,</span> <span class='ocrx_word' id='word_1_252' title='bbox 1287 780 1472 830; x_wconf 85' lang='lat' dir='ltr'>Augusto</span> <span class='ocrx_word' id='word_1_253' title='bbox 1492 792 1543 815; x_wconf 86' lang='lat' dir='ltr'>ex</span> <span class='ocrx_word' id='word_1_254' title='bbox 1557 791 1621 816; x_wconf 90' lang='lat' dir='ltr'>so-</span> 
     </span>
     <span class='ocr_line' id='line_1_49' title="bbox 908 836 1623 885; baseline 0.004 -15"><span class='ocrx_word' id='word_1_255' title='bbox 908 847 998 871; x_wconf 84' lang='lat' dir='ltr'>rore</span> <span class='ocrx_word' id='word_1_256' title='bbox 1014 837 1191 885; x_wconf 86' lang='lat' dir='ltr'>nepotis,</span> <span class='ocrx_word' id='word_1_257' title='bbox 1209 836 1426 872; x_wconf 89' lang='lat' dir='ltr'>virtutibus</span> <span class='ocrx_word' id='word_1_258' title='bbox 1443 845 1623 885; x_wconf 80' lang='lat' dir='ltr'>suscepta</span> 
     </span>
     <span class='ocr_line' id='line_1_50' title="bbox 909 892 1622 942; baseline 0.006 -14"><span class='ocrx_word' id='word_1_259' title='bbox 909 901 991 929; x_wconf 87' lang='lat' dir='ltr'>erat</span> <span class='ocrx_word' id='word_1_260' title='bbox 1004 895 1258 942; x_wconf 79' lang='lat' dir='ltr'>exspectatio.</span> <span class='ocrx_word' id='word_1_261' title='bbox 1279 906 1317 930; x_wconf 80' lang='lat' dir='ltr'>V.</span> <span class='ocrx_word' id='word_1_262' title='bbox 1330 895 1408 931; x_wconf 91' lang='lat' dir='ltr'>Dio</span> <span class='ocrx_word' id='word_1_263' title='bbox 1426 894 1530 932; x_wconf 88' lang='lat' dir='ltr'>Cass.</span> <span class='ocrx_word' id='word_1_264' title='bbox 1547 892 1622 932; x_wconf 85' lang='lat' dir='ltr'>lib.</span> 
     </span>
     <span class='ocr_line' id='line_1_51' title="bbox 909 950 1624 1001; baseline 0.004 -16"><span class='ocrx_word' id='word_1_265' title='bbox 909 951 982 997; x_wconf 87' lang='lat' dir='ltr'><strong>III,</strong></span> <span class='ocrx_word' id='word_1_266' title='bbox 1000 951 1065 987; x_wconf 82' lang='lat'>30.</span> <span class='ocrx_word' id='word_1_267' title='bbox 1087 951 1283 997; x_wconf 87' lang='lat' dir='ltr'>Estidem,</span> <span class='ocrx_word' id='word_1_268' title='bbox 1302 950 1351 988; x_wconf 92' lang='lat' dir='ltr'>de</span> <span class='ocrx_word' id='word_1_269' title='bbox 1362 963 1442 1001; x_wconf 87' lang='lat' dir='ltr'>quo</span> <span class='ocrx_word' id='word_1_270' title='bbox 1458 953 1596 989; x_wconf 87' lang='lat' dir='ltr'>Horat.</span> <span class='ocrx_word' id='word_1_271' title='bbox 1613 962 1624 988; x_wconf 88' lang='lat'><strong>:</strong></span> 
     </span>
     <span class='ocr_line' id='line_1_52' title="bbox 913 1007 1624 1046; baseline 0 -2"><span class='ocrx_word' id='word_1_272' title='bbox 913 1007 1063 1045; x_wconf 76' lang='lat' dir='ltr'>Crescit</span> <span class='ocrx_word' id='word_1_273' title='bbox 1084 1009 1236 1046; x_wconf 79' lang='lat' dir='ltr'>occulto</span> <span class='ocrx_word' id='word_1_274' title='bbox 1265 1009 1383 1046; x_wconf 82' lang='lat' dir='ltr'>velut</span> <span class='ocrx_word' id='word_1_275' title='bbox 1400 1008 1518 1045; x_wconf 86' lang='lat' dir='ltr'>arbor</span> <span class='ocrx_word' id='word_1_276' title='bbox 1541 1021 1624 1046; x_wconf 82' lang='lat' dir='ltr'>oevo</span> 
     </span>
     <span class='ocr_line' id='line_1_53' title="bbox 908 1066 1623 1117; baseline 0.006 -17"><span class='ocrx_word' id='word_1_277' title='bbox 908 1066 1039 1102; x_wconf 79' lang='lat' dir='ltr'>Fama</span> <span class='ocrx_word' id='word_1_278' title='bbox 1072 1067 1271 1105; x_wconf 64' lang='lat' dir='ltr'>Illarcelli.</span> <span class='ocrx_word' id='word_1_279' title='bbox 1294 1067 1432 1117; x_wconf 86' lang='lat' dir='ltr'>Elogia</span> <span class='ocrx_word' id='word_1_280' title='bbox 1455 1066 1527 1103; x_wconf 85' lang='lat' dir='ltr'>alia</span> <span class='ocrx_word' id='word_1_281' title='bbox 1556 1068 1623 1104; x_wconf 87' lang='lat' dir='ltr'>In-</span> 
     </span>
     <span class='ocr_line' id='line_1_54' title="bbox 907 1123 1623 1173; baseline 0.006 -16"><span class='ocrx_word' id='word_1_282' title='bbox 907 1130 1036 1173; x_wconf 92' lang='lat' dir='ltr'>terpp.</span> <span class='ocrx_word' id='word_1_283' title='bbox 1069 1133 1261 1161; x_wconf 89' lang='lat' dir='ltr'>notarunt</span> <span class='ocrx_word' id='word_1_284' title='bbox 1290 1138 1341 1161; x_wconf 81' lang='lat' dir='ltr'>ex</span> <span class='ocrx_word' id='word_1_285' title='bbox 1377 1123 1532 1161; x_wconf 84' lang='lat' dir='ltr'>Velleio</span> <span class='ocrx_word' id='word_1_286' title='bbox 1559 1125 1623 1167; x_wconf 89' lang='grc' dir='ltr'>ΙΙ,</span> 
     </span>
     <span class='ocr_line' id='line_1_55' title="bbox 907 1180 1622 1228; baseline 0.004 -13"><span class='ocrx_word' id='word_1_287' title='bbox 907 1181 987 1228; x_wconf 78' lang='grc'>93;</span> <span class='ocrx_word' id='word_1_288' title='bbox 1008 1189 1046 1217; x_wconf 90' lang='lat' dir='ltr'>et</span> <span class='ocrx_word' id='word_1_289' title='bbox 1076 1183 1221 1219; x_wconf 88' lang='lat' dir='ltr'>Seneca</span> <span class='ocrx_word' id='word_1_290' title='bbox 1254 1181 1414 1220; x_wconf 89' lang='lat' dir='ltr'>Consol.</span> <span class='ocrx_word' id='word_1_291' title='bbox 1442 1180 1491 1218; x_wconf 87' lang='lat' dir='ltr'>ad</span> <span class='ocrx_word' id='word_1_292' title='bbox 1513 1183 1622 1218; x_wconf 86' lang='lat' dir='ltr'>Mar-</span> 
     </span>
     <span class='ocr_line' id='line_1_56' title="bbox 905 1238 1622 1288; baseline 0.004 -16"><span class='ocrx_word' id='word_1_293' title='bbox 905 1238 1005 1274; x_wconf 89' lang='lat' dir='ltr'>ciam</span> <span class='ocrx_word' id='word_1_294' title='bbox 1036 1251 1070 1275; x_wconf 90' lang='lat' dir='ltr'>c.</span> <span class='ocrx_word' id='word_1_295' title='bbox 1103 1252 1141 1275; x_wconf 90' lang='lat'>2.</span> <span class='ocrx_word' id='word_1_296' title='bbox 1173 1241 1299 1276; x_wconf 83' lang='lat' dir='ltr'>Frons</span> <span class='ocrx_word' id='word_1_297' title='bbox 1337 1239 1431 1276; x_wconf 81' lang='lat' dir='ltr'>loeca</span> <span class='ocrx_word' id='word_1_298' title='bbox 1453 1251 1622 1288; x_wconf 84' lang='lat' dir='ltr'>parum,</span> 
     </span>
     <span class='ocr_line' id='line_1_57' title="bbox 906 1296 1625 1334; baseline 0.006 -4"><span class='ocrx_word' id='word_1_299' title='bbox 906 1307 1025 1331; x_wconf 85' lang='lat' dir='ltr'>omen</span> <span class='ocrx_word' id='word_1_300' title='bbox 1060 1298 1199 1333; x_wconf 86' lang='lat' dir='ltr'>mortis</span> <span class='ocrx_word' id='word_1_301' title='bbox 1235 1297 1470 1334; x_wconf 82' lang='lat' dir='ltr'>immaturae.</span> <span class='ocrx_word' id='word_1_302' title='bbox 1503 1296 1625 1334; x_wconf 87' lang='lat' dir='ltr'>Vole-</span> 
     </span>
     <span class='ocr_line' id='line_1_58' title="bbox 905 1353 1623 1392; baseline 0.003 -2"><span class='ocrx_word' id='word_1_303' title='bbox 905 1353 1002 1390; x_wconf 87' lang='lat' dir='ltr'>bant</span> <span class='ocrx_word' id='word_1_304' title='bbox 1028 1363 1160 1390; x_wconf 87' lang='lat' dir='ltr'>tamen</span> <span class='ocrx_word' id='word_1_305' title='bbox 1195 1355 1273 1390; x_wconf 79' lang='lat' dir='ltr'>viri</span> <span class='ocrx_word' id='word_1_306' title='bbox 1310 1354 1417 1392; x_wconf 87' lang='lat' dir='ltr'>docti</span> <span class='ocrx_word' id='word_1_307' title='bbox 1451 1354 1623 1392; x_wconf 88' lang='lat' dir='ltr'>frontem</span> 
     </span>
     <span class='ocr_line' id='line_1_59' title="bbox 905 1411 1623 1464; baseline 0.003 -18"><span class='ocrx_word' id='word_1_308' title='bbox 905 1411 1086 1448; x_wconf 88' lang='lat' dir='ltr'>Marcelli</span> <span class='ocrx_word' id='word_1_309' title='bbox 1125 1413 1276 1448; x_wconf 79' lang='lat' dir='ltr'>tristem</span> <span class='ocrx_word' id='word_1_310' title='bbox 1325 1424 1536 1464; x_wconf 86' lang='lat' dir='ltr'>agnoscere</span> <span class='ocrx_word' id='word_1_311' title='bbox 1579 1413 1623 1448; x_wconf 87' lang='lat' dir='ltr'>in</span> 
     </span>
     <span class='ocr_line' id='line_1_60' title="bbox 906 1466 1623 1520; baseline 0.004 -17"><span class='ocrx_word' id='word_1_312' title='bbox 906 1481 1056 1518; x_wconf 85' lang='lat' dir='ltr'>gemma</span> <span class='ocrx_word' id='word_1_313' title='bbox 1077 1466 1236 1504; x_wconf 83' lang='lat' dir='ltr'>artificis</span> <span class='ocrx_word' id='word_1_314' title='bbox 1260 1468 1530 1520; x_wconf 77' lang='lat' dir='ltr'>Epitynchani</span> <span class='ocrx_word' id='word_1_315' title='bbox 1547 1481 1623 1506; x_wconf 90' lang='lat' dir='ltr'>no-</span> 
     </span>
     <span class='ocr_line' id='line_1_61' title="bbox 907 1524 1623 1576; baseline 0.003 -16"><span class='ocrx_word' id='word_1_316' title='bbox 907 1526 1012 1561; x_wconf 91' lang='lat' dir='ltr'>mine</span> <span class='ocrx_word' id='word_1_317' title='bbox 1033 1538 1104 1575; x_wconf 89' lang='lat' dir='ltr'>per</span> <span class='ocrx_word' id='word_1_318' title='bbox 1132 1524 1332 1572; x_wconf 84' lang='lat' dir='ltr'>fraudem,</span> <span class='ocrx_word' id='word_1_319' title='bbox 1361 1525 1471 1576; x_wconf 87' lang='lat' dir='ltr'>quod</span> <span class='ocrx_word' id='word_1_320' title='bbox 1496 1527 1623 1576; x_wconf 86' lang='lat' dir='ltr'>suspi-</span> 
     </span>
     <span class='ocr_line' id='line_1_62' title="bbox 908 1582 1622 1633; baseline 0.004 -15"><span class='ocrx_word' id='word_1_321' title='bbox 908 1596 978 1619; x_wconf 91' lang='lat' dir='ltr'>cor</span> <span class='ocrx_word' id='word_1_322' title='bbox 987 1610 996 1627; x_wconf 96' lang='lat'>,</span> <span class='ocrx_word' id='word_1_323' title='bbox 1010 1584 1198 1632; x_wconf 88' lang='lat' dir='ltr'>inscripta</span> <span class='ocrx_word' id='word_1_324' title='bbox 1210 1582 1314 1632; x_wconf 86' lang='lat' dir='ltr'>apud</span> <span class='ocrx_word' id='word_1_325' title='bbox 1326 1585 1459 1621; x_wconf 89' lang='lat' dir='ltr'>Ursin.</span> <span class='ocrx_word' id='word_1_326' title='bbox 1475 1584 1622 1633; x_wconf 87' lang='lat' dir='ltr'>Imagg.</span> 
     </span>
     <span class='ocr_line' id='line_1_63' title="bbox 907 1639 1623 1686; baseline 0 -9"><span class='ocrx_word' id='word_1_327' title='bbox 907 1653 948 1677; x_wconf 90' lang='lat' dir='ltr'>u.</span> <span class='ocrx_word' id='word_1_328' title='bbox 971 1640 1019 1686; x_wconf 89' lang='lat'>87</span> <span class='ocrx_word' id='word_1_329' title='bbox 1036 1667 1045 1685; x_wconf 89' lang='lat'>,</span> <span class='ocrx_word' id='word_1_330' title='bbox 1069 1639 1141 1676; x_wconf 87' lang='lat' dir='ltr'>ubi</span> <span class='ocrx_word' id='word_1_331' title='bbox 1161 1639 1241 1678; x_wconf 87' lang='lat' dir='ltr'>vid&#39;.</span> <span class='ocrx_word' id='word_1_332' title='bbox 1267 1642 1331 1678; x_wconf 90' lang='lat' dir='ltr'>J0.</span> <span class='ocrx_word' id='word_1_333' title='bbox 1363 1640 1480 1678; x_wconf 88' lang='lat' dir='ltr'>Fabri</span> <span class='ocrx_word' id='word_1_334' title='bbox 1506 1641 1623 1678; x_wconf 88' lang='lat' dir='ltr'>Com-</span> 
     </span>
     <span class='ocr_line' id='line_1_64' title="bbox 908 1696 1623 1745; baseline 0 -11"><span class='ocrx_word' id='word_1_335' title='bbox 908 1705 1055 1742; x_wconf 86' lang='lat' dir='ltr'>ment.‚</span> <span class='ocrx_word' id='word_1_336' title='bbox 1088 1696 1138 1734; x_wconf 79' lang='lat' dir='ltr'>ad</span> <span class='ocrx_word' id='word_1_337' title='bbox 1167 1699 1280 1745; x_wconf 86' lang='lat' dir='ltr'>cujus</span> <span class='ocrx_word' id='word_1_338' title='bbox 1320 1697 1623 1734; x_wconf 87' lang='lat' dir='ltr'>similitudinem</span> 
     </span>
     <span class='ocr_line' id='line_1_65' title="bbox 906 1755 1624 1806; baseline 0 -15"><span class='ocrx_word' id='word_1_339' title='bbox 906 1755 1041 1804; x_wconf 90' lang='lat' dir='ltr'>plures</span> <span class='ocrx_word' id='word_1_340' title='bbox 1074 1768 1246 1806; x_wconf 86' lang='lat' dir='ltr'>gemmas</span> <span class='ocrx_word' id='word_1_341' title='bbox 1281 1757 1425 1805; x_wconf 81' lang='lat' dir='ltr'>passim</span> <span class='ocrx_word' id='word_1_342' title='bbox 1452 1757 1496 1792; x_wconf 89' lang='lat' dir='ltr'>in</span> <span class='ocrx_word' id='word_1_343' title='bbox 1515 1755 1624 1791; x_wconf 88' lang='lat' dir='ltr'>idem</span> 
     </span>
     <span class='ocr_line' id='line_1_66' title="bbox 906 1814 1626 1862; baseline 0.001 -14"><span class='ocrx_word' id='word_1_344' title='bbox 906 1824 1054 1850; x_wconf 88' lang='lat' dir='ltr'>nomen</span> <span class='ocrx_word' id='word_1_345' title='bbox 1089 1814 1336 1862; x_wconf 88' lang='lat' dir='ltr'>interpretati</span> <span class='ocrx_word' id='word_1_346' title='bbox 1374 1820 1468 1850; x_wconf 87' lang='lat' dir='ltr'>sunt</span> <span class='ocrx_word' id='word_1_347' title='bbox 1499 1824 1510 1850; x_wconf 71' lang='grc' dir='ltr'><strong><em>ε</em></strong></span> <span class='ocrx_word' id='word_1_348' title='bbox 1547 1820 1626 1849; x_wconf 82' lang='lat' dir='ltr'>tres</span> 
     </span>
     <span class='ocr_line' id='line_1_67' title="bbox 907 1869 1626 1922; baseline 0.003 -17"><span class='ocrx_word' id='word_1_349' title='bbox 907 1870 1013 1920; x_wconf 90' lang='lat' dir='ltr'>apud</span> <span class='ocrx_word' id='word_1_350' title='bbox 1035 1871 1210 1920; x_wconf 89' lang='lat' dir='ltr'>Lippert.</span> <span class='ocrx_word' id='word_1_351' title='bbox 1234 1869 1392 1922; x_wconf 81' lang='lat' dir='ltr'>Dactyl.</span> <span class='ocrx_word' id='word_1_352' title='bbox 1420 1878 1459 1907; x_wconf 91' lang='lat' dir='ltr'>et</span> <span class='ocrx_word' id='word_1_353' title='bbox 1488 1870 1626 1921; x_wconf 85' lang='lat' dir='ltr'>Capita</span> 
     </span>
     <span class='ocr_line' id='line_1_68' title="bbox 905 1928 1625 1979; baseline 0 -15"><span class='ocrx_word' id='word_1_354' title='bbox 905 1928 1079 1978; x_wconf 84' lang='lat' dir='ltr'>Augusti</span> <span class='ocrx_word' id='word_1_355' title='bbox 1098 1936 1136 1964; x_wconf 89' lang='lat' dir='ltr'>et</span> <span class='ocrx_word' id='word_1_356' title='bbox 1154 1928 1334 1965; x_wconf 84' lang='lat' dir='ltr'>Marcelli</span> <span class='ocrx_word' id='word_1_357' title='bbox 1348 1929 1481 1979; x_wconf 84' lang='lat' dir='ltr'>jugata</span> <span class='ocrx_word' id='word_1_358' title='bbox 1504 1936 1542 1964; x_wconf 88' lang='lat' dir='ltr'>et</span> <span class='ocrx_word' id='word_1_359' title='bbox 1559 1940 1625 1964; x_wconf 91' lang='lat' dir='ltr'>ve-</span> 
     </span>
     <span class='ocr_line' id='line_1_69' title="bbox 903 1984 1629 2037; baseline -0.001 -15"><span class='ocrx_word' id='word_1_360' title='bbox 903 1985 980 2022; x_wconf 85' lang='lat' dir='ltr'>lata</span> <span class='ocrx_word' id='word_1_361' title='bbox 1019 1987 1049 2022; x_wconf 91' lang='lat' dir='ltr'>F</span> <span class='ocrx_word' id='word_1_362' title='bbox 1052 1987 1255 2023; x_wconf 87' lang='lat' dir='ltr'>icoronius</span> <span class='ocrx_word' id='word_1_363' title='bbox 1294 1985 1417 2022; x_wconf 82' lang='lat' dir='ltr'>edidit</span> <span class='ocrx_word' id='word_1_364' title='bbox 1450 1985 1514 2037; x_wconf 92' lang='lat' dir='ltr'>(V</span> <span class='ocrx_word' id='word_1_365' title='bbox 1512 1984 1629 2036; x_wconf 81' lang='lat' dir='ltr'>estigi</span> 
     </span>
     <span class='ocr_line' id='line_1_70' title="bbox 905 2041 1623 2094; baseline 0.004 -16"><span class='ocrx_word' id='word_1_366' title='bbox 905 2042 949 2078; x_wconf 78' lang='lat' dir='ltr'>di</span> <span class='ocrx_word' id='word_1_367' title='bbox 975 2045 1105 2080; x_wconf 83' lang='lat' dir='ltr'>Roma</span> <span class='ocrx_word' id='word_1_368' title='bbox 1131 2043 1294 2087; x_wconf 82' lang='lat' dir='ltr'>antica,</span> <span class='ocrx_word' id='word_1_369' title='bbox 1318 2043 1366 2080; x_wconf 87' lang='lat' dir='ltr'>ad</span> <span class='ocrx_word' id='word_1_370' title='bbox 1387 2056 1474 2094; x_wconf 83' lang='lat' dir='ltr'>pag.</span> <span class='ocrx_word' id='word_1_371' title='bbox 1502 2043 1580 2087; x_wconf 76' lang='lat'>145</span> <span class='ocrx_word' id='word_1_372' title='bbox 1594 2041 1623 2093; x_wconf 90' lang='lat'>).</span> 
     </span>
     <span class='ocr_line' id='line_1_71' title="bbox 904 2100 1626 2138; baseline -0.001 -1"><span class='ocrx_word' id='word_1_373' title='bbox 904 2103 1196 2138; x_wconf 89' lang='lat' dir='ltr'>Auctoritatem</span> <span class='ocrx_word' id='word_1_374' title='bbox 1208 2110 1338 2138; x_wconf 89' lang='lat' dir='ltr'>tamen</span> <span class='ocrx_word' id='word_1_375' title='bbox 1346 2101 1529 2138; x_wconf 88' lang='lat' dir='ltr'>idoneam</span> <span class='ocrx_word' id='word_1_376' title='bbox 1536 2100 1626 2137; x_wconf 86' lang='lat' dir='ltr'>ubi·</span> 
     </span>
     <span class='ocr_line' id='line_1_72' title="bbox 905 2157 1624 2209; baseline 0 -15"><span class='ocrx_word' id='word_1_377' title='bbox 905 2171 982 2208; x_wconf 84' lang='lat' dir='ltr'>que</span> <span class='ocrx_word' id='word_1_378' title='bbox 1000 2158 1193 2196; x_wconf 90' lang='lat' dir='ltr'>desidero.</span> <span class='ocrx_word' id='word_1_379' title='bbox 1208 2157 1514 2209; x_wconf 86' lang='lat' dir='ltr'>Deprehendere</span> <span class='ocrx_word' id='word_1_380' title='bbox 1525 2169 1624 2207; x_wconf 88' lang='lat' dir='ltr'>quo-</span> 
     </span>
     <span class='ocr_line' id='line_1_73' title="bbox 905 2214 1624 2265; baseline -0.003 -13"><span class='ocrx_word' id='word_1_381' title='bbox 905 2229 983 2265; x_wconf 90' lang='lat' dir='ltr'>que</span> <span class='ocrx_word' id='word_1_382' title='bbox 1001 2217 1238 2254; x_wconf 87' lang='lat' dir='ltr'>Marcellum</span> <span class='ocrx_word' id='word_1_383' title='bbox 1253 2217 1331 2254; x_wconf 89' lang='lat' dir='ltr'>sibi</span> <span class='ocrx_word' id='word_1_384' title='bbox 1346 2217 1420 2253; x_wconf 88' lang='lat' dir='ltr'>visi</span> <span class='ocrx_word' id='word_1_385' title='bbox 1437 2222 1530 2252; x_wconf 83' lang='lat' dir='ltr'>sunt</span> <span class='ocrx_word' id='word_1_386' title='bbox 1547 2214 1624 2250; x_wconf 88' lang='lat' dir='ltr'>viri</span> 
     </span>
     <span class='ocr_line' id='line_1_74' title="bbox 905 2272 1622 2317; baseline -0.001 -8"><span class='ocrx_word' id='word_1_387' title='bbox 905 2273 1016 2310; x_wconf 90' lang='lat' dir='ltr'>docti</span> <span class='ocrx_word' id='word_1_388' title='bbox 1034 2275 1077 2311; x_wconf 89' lang='lat' dir='ltr'>in</span> <span class='ocrx_word' id='word_1_389' title='bbox 1095 2274 1245 2311; x_wconf 84' lang='lat' dir='ltr'>Achate</span> <span class='ocrx_word' id='word_1_390' title='bbox 1270 2275 1480 2312; x_wconf 82' lang='lat' dir='ltr'>Tiberiana</span> <span class='ocrx_word' id='word_1_391' title='bbox 1492 2299 1502 2317; x_wconf 92' lang='lat'>‚</span> <span class='ocrx_word' id='word_1_392' title='bbox 1521 2279 1560 2307; x_wconf 89' lang='lat' dir='ltr'>et</span> <span class='ocrx_word' id='word_1_393' title='bbox 1578 2272 1622 2308; x_wconf 91' lang='lat' dir='ltr'>in</span> 
     </span>
     <span class='ocr_line' id='line_1_75' title="bbox 905 2328 1622 2382; baseline -0.003 -15"><span class='ocrx_word' id='word_1_394' title='bbox 905 2344 1030 2369; x_wconf 90' lang='lat' dir='ltr'>numo</span> <span class='ocrx_word' id='word_1_395' title='bbox 1057 2333 1242 2382; x_wconf 84' lang='lat' dir='ltr'>Seguini,</span> <span class='ocrx_word' id='word_1_396' title='bbox 1267 2335 1382 2368; x_wconf 88' lang='lat' dir='ltr'>etiam</span> <span class='ocrx_word' id='word_1_397' title='bbox 1405 2342 1427 2365; x_wconf 82' lang='lat' dir='ltr'>a</span> <span class='ocrx_word' id='word_1_398' title='bbox 1449 2328 1622 2377; x_wconf 87' lang='lat' dir='ltr'>Spanhe·</span> 
     </span>
     <span class='ocr_line' id='line_1_76' title="bbox 906 2385 1619 2439; baseline -0.001 -15"><span class='ocrx_word' id='word_1_399' title='bbox 906 2389 986 2425; x_wconf 88' lang='lat' dir='ltr'>mio</span> <span class='ocrx_word' id='word_1_400' title='bbox 1014 2391 1183 2439; x_wconf 90' lang='lat' dir='ltr'>repetito</span> <span class='ocrx_word' id='word_1_401' title='bbox 1223 2389 1271 2425; x_wconf 88' lang='lat' dir='ltr'>de</span> <span class='ocrx_word' id='word_1_402' title='bbox 1315 2389 1402 2425; x_wconf 85' lang='lat' dir='ltr'>Usu</span> <span class='ocrx_word' id='word_1_403' title='bbox 1423 2385 1619 2423; x_wconf 85' lang='lat' dir='ltr'>Numism.</span> 
     </span>
     <span class='ocr_line' id='line_1_77' title="bbox 909 2445 1620 2496; baseline -0.004 -14"><span class='ocrx_word' id='word_1_404' title='bbox 909 2453 1003 2483; x_wconf 91' lang='lat' dir='ltr'>tom.</span> <span class='ocrx_word' id='word_1_405' title='bbox 1034 2448 1096 2493; x_wconf 89' lang='grc' dir='ltr'>ΙΙ,</span> <span class='ocrx_word' id='word_1_406' title='bbox 1127 2460 1166 2496; x_wconf 90' lang='lat' dir='ltr'>p.</span> <span class='ocrx_word' id='word_1_407' title='bbox 1197 2446 1302 2489; x_wconf 84' lang='lat'>316,</span> <span class='ocrx_word' id='word_1_408' title='bbox 1324 2445 1367 2479; x_wconf 89' lang='lat' dir='ltr'>in</span> <span class='ocrx_word' id='word_1_409' title='bbox 1387 2454 1467 2492; x_wconf 82' lang='lat' dir='ltr'>quo</span> <span class='ocrx_word' id='word_1_410' title='bbox 1490 2449 1620 2479; x_wconf 87' lang='lat' dir='ltr'>tamen</span> 
     </span>
     <span class='ocr_line' id='line_1_78' title="bbox 907 2500 1621 2553; baseline -0.004 -13"><span class='ocrx_word' id='word_1_411' title='bbox 907 2512 1026 2553; x_wconf 83' lang='lat' dir='ltr'>caput</span> <span class='ocrx_word' id='word_1_412' title='bbox 1046 2502 1222 2550; x_wconf 86' lang='lat' dir='ltr'>juvenile</span> <span class='ocrx_word' id='word_1_413' title='bbox 1248 2500 1360 2537; x_wconf 89' lang='lat' dir='ltr'>nullo</span> <span class='ocrx_word' id='word_1_414' title='bbox 1393 2511 1486 2535; x_wconf 87' lang='lat' dir='ltr'>cum</span> <span class='ocrx_word' id='word_1_415' title='bbox 1508 2512 1621 2551; x_wconf 85' lang='lat' dir='ltr'>argu-</span> 
     </span>
     <span class='ocr_line' id='line_1_79' title="bbox 906 2555 1621 2596; baseline -0.003 0"><span class='ocrx_word' id='word_1_416' title='bbox 906 2568 1042 2596; x_wconf 88' lang='lat' dir='ltr'>mento</span> <span class='ocrx_word' id='word_1_417' title='bbox 1050 2559 1097 2595; x_wconf 87' lang='lat' dir='ltr'>ad</span> <span class='ocrx_word' id='word_1_418' title='bbox 1109 2557 1342 2596; x_wconf 89' lang='lat' dir='ltr'>Marcellum</span> <span class='ocrx_word' id='word_1_419' title='bbox 1353 2555 1456 2593; x_wconf 87' lang='lat' dir='ltr'>trahi</span> <span class='ocrx_word' id='word_1_420' title='bbox 1467 2555 1621 2594; x_wconf 86' lang='lat' dir='ltr'>dudum</span> 
     </span>
     <span class='ocr_line' id='line_1_80' title="bbox 906 2614 1621 2662; baseline -0.003 -9"><span class='ocrx_word' id='word_1_421' title='bbox 906 2616 1078 2653; x_wconf 87' lang='lat' dir='ltr'>docuere</span> <span class='ocrx_word' id='word_1_422' title='bbox 1096 2616 1171 2651; x_wconf 91' lang='lat' dir='ltr'>viri</span> <span class='ocrx_word' id='word_1_423' title='bbox 1187 2614 1318 2659; x_wconf 86' lang='lat' dir='ltr'>docti,</span> <span class='ocrx_word' id='word_1_424' title='bbox 1337 2622 1376 2650; x_wconf 87' lang='lat' dir='ltr'>et</span> <span class='ocrx_word' id='word_1_425' title='bbox 1391 2626 1520 2662; x_wconf 88' lang='lat' dir='ltr'>nuper</span> <span class='ocrx_word' id='word_1_426' title='bbox 1537 2627 1621 2652; x_wconf 93' lang='lat' dir='ltr'>mo—</span> 
     </span>
     <span class='ocr_line' id='line_1_81' title="bbox 906 2671 1619 2710; baseline 0 0"><span class='ocrx_word' id='word_1_427' title='bbox 906 2675 996 2710; x_wconf 82' lang='lat' dir='ltr'>nuit</span> <span class='ocrx_word' id='word_1_428' title='bbox 1029 2671 1189 2710; x_wconf 87' lang='lat' dir='ltr'>Eckhel.</span> <span class='ocrx_word' id='word_1_429' title='bbox 1231 2671 1351 2710; x_wconf 90' lang='lat' dir='ltr'>Catal.</span> <span class='ocrx_word' id='word_1_430' title='bbox 1383 2671 1491 2709; x_wconf 89' lang='lat' dir='ltr'>Mus.</span> <span class='ocrx_word' id='word_1_431' title='bbox 1522 2673 1619 2710; x_wconf 82' lang='lat' dir='ltr'>Caes.</span> 
     </span>
     <span class='ocr_line' id='line_1_82' title="bbox 907 2730 1621 2777; baseline -0.001 -9"><span class='ocrx_word' id='word_1_432' title='bbox 907 2730 1083 2769; x_wconf 77' lang='lat' dir='ltr'>Vindob.</span> <span class='ocrx_word' id='word_1_433' title='bbox 1106 2731 1148 2768; x_wconf 88' lang='grc' dir='ltr'>Ρ.</span> <span class='ocrx_word' id='word_1_434' title='bbox 1170 2731 1209 2766; x_wconf 96' lang='lat' dir='ltr'>II</span> <span class='ocrx_word' id='word_1_435' title='bbox 1224 2756 1233 2774; x_wconf 88' lang='lat'><strong>‚</strong></span> <span class='ocrx_word' id='word_1_436' title='bbox 1251 2741 1339 2777; x_wconf 62' lang='lat' dir='ltr'>paen</span> <span class='ocrx_word' id='word_1_437' title='bbox 1360 2735 1434 2770; x_wconf 66' lang='grc' dir='ltr'>[ιτς</span> <span class='ocrx_word' id='word_1_438' title='bbox 1454 2737 1493 2766; x_wconf 90' lang='lat' dir='ltr'>et</span> <span class='ocrx_word' id='word_1_439' title='bbox 1511 2742 1621 2769; x_wconf 88' lang='lat' dir='ltr'>nunc</span> 
     </span>
    </p>
   </div>
  </div>
 </body>
</html>
