<?xml version="1.0" encoding="UTF-8"?>
<!DOCTYPE html PUBLIC "-//W3C//DTD XHTML 1.0 Transitional//EN"
    "http://www.w3.org/TR/xhtml1/DTD/xhtml1-transitional.dtd">
<html xmlns="http://www.w3.org/1999/xhtml" xml:lang="en" lang="en">
 <head>
  <title>
</title>
<meta http-equiv="Content-Type" content="text/html;charset=utf-8" />
  <meta name='ocr-system' content='tesseract 3.04.00' />
  <meta name='ocr-capabilities' content='ocr_page ocr_carea ocr_par ocr_line ocrx_word'/>
</head>
<body>
  <div class='ocr_page' id='page_1' title='image "./operahey03virguoft_0414.png"; bbox 0 0 1767 3054; ppageno 0'>
   <div class='ocr_carea' id='block_1_1' title="bbox 176 179 1379 232">
    <p class='ocr_par' dir='ltr' id='par_1_1' title="bbox 176 179 1379 232">
     <span class='ocr_line' id='line_1_1' title="bbox 176 179 1379 232; baseline -0.002 -8"><span class='ocrx_word' id='word_1_1' title='bbox 176 194 255 232; x_wconf 72' lang='lat'><strong>402</strong></span> <span class='ocrx_word' id='word_1_2' title='bbox 512 181 789 224; x_wconf 75' lang='lat' dir='ltr'><strong>Exctmsus</strong></span> <span class='ocrx_word' id='word_1_3' title='bbox 818 182 859 220; x_wconf 93' lang='lat' dir='ltr'><strong>II</strong></span> <span class='ocrx_word' id='word_1_4' title='bbox 888 179 964 220; x_wconf 85' lang='lat' dir='ltr'><strong>AD</strong></span> <span class='ocrx_word' id='word_1_5' title='bbox 995 181 1202 222; x_wconf 83' lang='lat' dir='ltr'><strong>LIBRUM</strong></span> <span class='ocrx_word' id='word_1_6' title='bbox 1231 182 1327 221; x_wconf 75' lang='lat' dir='ltr'><strong>vn.</strong></span> <span class='ocrx_word' id='word_1_7' title='bbox 1370 213 1379 221; x_wconf 91' lang='lat'><em>.</em></span> 
     </span>
    </p>
   </div>
   <div class='ocr_carea' id='block_1_2' title="bbox 174 251 1692 1864">
    <p class='ocr_par' dir='ltr' id='par_1_2' title="bbox 174 251 1686 583">
     <span class='ocr_line' id='line_1_2' title="bbox 174 251 1681 311; baseline -0.001 -13"><span class='ocrx_word' id='word_1_8' title='bbox 174 269 378 298; x_wconf 85' lang='lat' dir='ltr'><strong>sacrorum</strong></span> <span class='ocrx_word' id='word_1_9' title='bbox 394 251 564 311; x_wconf 82' lang='lat' dir='ltr'><strong>origines</strong></span> <span class='ocrx_word' id='word_1_10' title='bbox 582 257 637 296; x_wconf 89' lang='lat' dir='ltr'><strong>sic</strong></span> <span class='ocrx_word' id='word_1_11' title='bbox 649 269 862 309; x_wconf 84' lang='lat' dir='ltr'>corrupere</span> <span class='ocrx_word' id='word_1_12' title='bbox 874 257 1069 303; x_wconf 88' lang='lat' dir='ltr'><strong>Romani,</strong></span> <span class='ocrx_word' id='word_1_13' title='bbox 1095 264 1141 294; x_wconf 90' lang='lat' dir='ltr'><strong>ut</strong></span> <span class='ocrx_word' id='word_1_14' title='bbox 1157 254 1450 308; x_wconf 86' lang='lat' dir='ltr'><strong>Lupercalium.</strong></span> <span class='ocrx_word' id='word_1_15' title='bbox 1462 256 1525 296; x_wconf 80' lang='lat' dir='ltr'><strong>De</strong></span> <span class='ocrx_word' id='word_1_16' title='bbox 1539 257 1681 297; x_wconf 85' lang='lat' dir='ltr'><strong>Fauno</strong></span> 
     </span>
     <span class='ocr_line' id='line_1_3' title="bbox 177 324 1682 378; baseline 0.001 -13"><span class='ocrx_word' id='word_1_17' title='bbox 177 342 220 367; x_wconf 81' lang='lat' dir='ltr'><strong>v.</strong></span> <span class='ocrx_word' id='word_1_18' title='bbox 239 325 439 366; x_wconf 83' lang='lat' dir='ltr'><strong>Plutarch.</strong></span> <span class='ocrx_word' id='word_1_19' title='bbox 462 326 640 367; x_wconf 86' lang='lat' dir='ltr'><strong>Parallel.</strong></span> <span class='ocrx_word' id='word_1_20' title='bbox 660 340 702 378; x_wconf 89' lang='lat' dir='ltr'><strong>p.</strong></span> <span class='ocrx_word' id='word_1_21' title='bbox 729 326 750 363; x_wconf 83' lang='lat'>3</span> <span class='ocrx_word' id='word_1_22' title='bbox 762 325 810 363; x_wconf 82' lang='lat'><strong>15</strong></span> <span class='ocrx_word' id='word_1_23' title='bbox 837 324 881 364; x_wconf 89' lang='lat' dir='ltr'><strong>C.</strong></span> <span class='ocrx_word' id='word_1_24' title='bbox 901 326 1002 376; x_wconf 86' lang='lat' dir='ltr'><strong>Quae</strong></span> <span class='ocrx_word' id='word_1_25' title='bbox 1025 325 1158 364; x_wconf 86' lang='lat' dir='ltr'><strong>omnia</strong></span> <span class='ocrx_word' id='word_1_26' title='bbox 1174 327 1207 363; x_wconf 93' lang='lat' dir='ltr'><strong>si</strong></span> <span class='ocrx_word' id='word_1_27' title='bbox 1222 326 1340 364; x_wconf 92' lang='lat' dir='ltr'><strong>semel</strong></span> <span class='ocrx_word' id='word_1_28' title='bbox 1356 325 1626 366; x_wconf 84' lang='lat' dir='ltr'><strong>animadversa</strong></span> <span class='ocrx_word' id='word_1_29' title='bbox 1643 336 1682 366; x_wconf 88' lang='lat' dir='ltr'><strong>et</strong></span> 
     </span>
     <span class='ocr_line' id='line_1_4' title="bbox 177 393 1684 449; baseline 0.001 -15"><span class='ocrx_word' id='word_1_30' title='bbox 177 404 383 449; x_wconf 83' lang='lat' dir='ltr'><strong>perspecta</strong></span> <span class='ocrx_word' id='word_1_31' title='bbox 408 395 618 443; x_wconf 85' lang='lat' dir='ltr'><strong>habueris,</strong></span> <span class='ocrx_word' id='word_1_32' title='bbox 646 394 764 432; x_wconf 90' lang='lat' dir='ltr'><strong>ducta</strong></span> <span class='ocrx_word' id='word_1_33' title='bbox 785 393 853 431; x_wconf 84' lang='lat' dir='ltr'><strong>illa</strong></span> <span class='ocrx_word' id='word_1_34' title='bbox 876 406 927 431; x_wconf 84' lang='lat' dir='ltr'><strong>ex</strong></span> <span class='ocrx_word' id='word_1_35' title='bbox 949 407 1069 445; x_wconf 83' lang='lat' dir='ltr'><strong>prava</strong></span> <span class='ocrx_word' id='word_1_36' title='bbox 1093 394 1305 446; x_wconf 85' lang='lat' dir='ltr'><strong>opinione,</strong></span> <span class='ocrx_word' id='word_1_37' title='bbox 1327 394 1396 434; x_wconf 88' lang='lat' dir='ltr'><strong>sed</strong></span> <span class='ocrx_word' id='word_1_38' title='bbox 1418 409 1510 434; x_wconf 87' lang='lat' dir='ltr'><strong>cum</strong></span> <span class='ocrx_word' id='word_1_39' title='bbox 1528 397 1684 435; x_wconf 87' lang='lat' dir='ltr'><strong>ratione</strong></span> 
     </span>
     <span class='ocr_line' id='line_1_5' title="bbox 179 459 1686 510; baseline 0 -8"><span class='ocrx_word' id='word_1_40' title='bbox 179 471 288 503; x_wconf 85' lang='lat' dir='ltr'><strong>certa</strong></span> <span class='ocrx_word' id='word_1_41' title='bbox 303 491 315 510; x_wconf 86' lang='lat'>‚</span> <span class='ocrx_word' id='word_1_42' title='bbox 333 464 548 501; x_wconf 76' lang='lat' dir='ltr'><strong>multarum</strong></span> <span class='ocrx_word' id='word_1_43' title='bbox 568 462 857 499; x_wconf 83' lang='lat' dir='ltr'><strong>obscuritatum</strong></span> <span class='ocrx_word' id='word_1_44' title='bbox 875 469 915 499; x_wconf 85' lang='lat' dir='ltr'><strong>et</strong></span> <span class='ocrx_word' id='word_1_45' title='bbox 932 459 1218 501; x_wconf 80' lang='lat' dir='ltr'><strong>difficultatum</strong></span> <span class='ocrx_word' id='word_1_46' title='bbox 1234 463 1385 503; x_wconf 78' lang='lat' dir='ltr'><strong>&#39;nubem</strong></span> <span class='ocrx_word' id='word_1_47' title='bbox 1400 477 1451 504; x_wconf 84' lang='lat' dir='ltr'><strong>ex</strong></span> <span class='ocrx_word' id='word_1_48' title='bbox 1460 472 1594 503; x_wconf 82' lang='lat' dir='ltr'><strong>vetere</strong></span> <span class='ocrx_word' id='word_1_49' title='bbox 1607 463 1686 502; x_wconf 86' lang='lat' dir='ltr'><strong>bis-</strong></span> 
     </span>
     <span class='ocr_line' id='line_1_6' title="bbox 179 529 973 583; baseline -0.005 -11"><span class='ocrx_word' id='word_1_50' title='bbox 179 532 283 572; x_wconf 82' lang='lat' dir='ltr'><strong>toria</strong></span> <span class='ocrx_word' id='word_1_51' title='bbox 301 531 412 570; x_wconf 87' lang='lat' dir='ltr'><strong>facile</strong></span> <span class='ocrx_word' id='word_1_52' title='bbox 433 530 646 583; x_wconf 87' lang='lat' dir='ltr'><strong>dispulsam</strong></span> <span class='ocrx_word' id='word_1_53' title='bbox 666 543 748 568; x_wconf 90' lang='lat' dir='ltr'><strong>esse</strong></span> <span class='ocrx_word' id='word_1_54' title='bbox 764 529 973 582; x_wconf 84' lang='lat' dir='ltr'><strong>intelligeS.</strong></span> 
     </span>
    </p>

    <p class='ocr_par' dir='ltr' id='par_1_3' title="bbox 181 593 1692 1582">
     <span class='ocr_line' id='line_1_7' title="bbox 241 593 1687 650; baseline 0.002 -15"><span class='ocrx_word' id='word_1_55' title='bbox 241 598 351 649; x_wconf 90' lang='lat' dir='ltr'><strong>Quid</strong></span> <span class='ocrx_word' id='word_1_56' title='bbox 374 596 484 649; x_wconf 91' lang='lat' dir='ltr'><strong>quod</strong></span> <span class='ocrx_word' id='word_1_57' title='bbox 499 597 589 634; x_wconf 86' lang='lat' dir='ltr'><strong>satis</strong></span> <span class='ocrx_word' id='word_1_58' title='bbox 607 595 814 648; x_wconf 84' lang='lat' dir='ltr'>probabile</span> <span class='ocrx_word' id='word_1_59' title='bbox 836 595 935 633; x_wconf 86' lang='lat' dir='ltr'><strong>mihi</strong></span> <span class='ocrx_word' id='word_1_60' title='bbox 951 593 998 633; x_wconf 88' lang='lat' dir='ltr'><strong>fit</strong></span> <span class='ocrx_word' id='word_1_61' title='bbox 1011 623 1022 642; x_wconf 92' lang='lat'><strong>‚</strong></span> <span class='ocrx_word' id='word_1_62' title='bbox 1042 595 1114 634; x_wconf 86' lang='lat' dir='ltr'><strong>etsi</strong></span> <span class='ocrx_word' id='word_1_63' title='bbox 1131 594 1280 647; x_wconf 84' lang='lat' dir='ltr'><strong>aliquid</strong></span> <span class='ocrx_word' id='word_1_64' title='bbox 1299 609 1374 649; x_wconf 91' lang='lat' dir='ltr'><strong>pro</strong></span> <span class='ocrx_word' id='word_1_65' title='bbox 1391 596 1545 650; x_wconf 86' lang='lat' dir='ltr'><strong>liquido</strong></span> <span class='ocrx_word' id='word_1_66' title='bbox 1564 607 1604 638; x_wconf 87' lang='lat' dir='ltr'><strong>et</strong></span> <span class='ocrx_word' id='word_1_67' title='bbox 1622 613 1687 638; x_wconf 87' lang='lat' dir='ltr'><strong>ex-</strong></span> 
     </span>
     <span class='ocr_line' id='line_1_8' title="bbox 181 661 1687 718; baseline 0.003 -16"><span class='ocrx_word' id='word_1_68' title='bbox 181 665 339 717; x_wconf 89' lang='lat' dir='ltr'><strong>plorato</strong></span> <span class='ocrx_word' id='word_1_69' title='bbox 358 665 401 702; x_wconf 90' lang='lat' dir='ltr'><strong>in</strong></span> <span class='ocrx_word' id='word_1_70' title='bbox 419 664 504 711; x_wconf 82' lang='lat' dir='ltr'><strong>his,</strong></span> <span class='ocrx_word' id='word_1_71' title='bbox 533 677 708 715; x_wconf 90' lang='lat' dir='ltr'><strong>quorum</strong></span> <span class='ocrx_word' id='word_1_72' title='bbox 729 663 842 701; x_wconf 87' lang='lat' dir='ltr'><strong>nulla</strong></span> <span class='ocrx_word' id='word_1_73' title='bbox 866 661 964 701; x_wconf 84' lang='lat' dir='ltr'><strong>fides</strong></span> <span class='ocrx_word' id='word_1_74' title='bbox 983 662 1170 702; x_wconf 87' lang='lat' dir='ltr'><strong>historica</strong></span> <span class='ocrx_word' id='word_1_75' title='bbox 1189 673 1247 702; x_wconf 84' lang='lat' dir='ltr'><strong>est</strong></span> <span class='ocrx_word' id='word_1_76' title='bbox 1259 692 1270 711; x_wconf 90' lang='lat'><strong><em>‚</em></strong></span> <span class='ocrx_word' id='word_1_77' title='bbox 1290 663 1443 703; x_wconf 84' lang='lat' dir='ltr'><strong>tradere</strong></span> <span class='ocrx_word' id='word_1_78' title='bbox 1456 667 1558 705; x_wconf 86' lang='lat' dir='ltr'><strong>velle</strong></span> <span class='ocrx_word' id='word_1_79' title='bbox 1575 667 1687 718; x_wconf 79' lang='lat' dir='ltr'><strong>inep-</strong></span> 
     </span>
     <span class='ocr_line' id='line_1_9' title="bbox 184 729 1691 783; baseline 0 -13"><span class='ocrx_word' id='word_1_80' title='bbox 184 740 272 770; x_wconf 83' lang='lat' dir='ltr'><strong>tum</strong></span> <span class='ocrx_word' id='word_1_81' title='bbox 290 732 362 778; x_wconf 88' lang='lat' dir='ltr'><strong>sit,</strong></span> <span class='ocrx_word' id='word_1_82' title='bbox 381 732 509 783; x_wconf 89' lang='lat' dir='ltr'>ipsam</span> <span class='ocrx_word' id='word_1_83' title='bbox 531 730 709 769; x_wconf 81' lang='lat' dir='ltr'><strong>fabulam</strong></span> <span class='ocrx_word' id='word_1_84' title='bbox 732 729 781 768; x_wconf 89' lang='lat' dir='ltr'><strong>de</strong></span> <span class='ocrx_word' id='word_1_85' title='bbox 800 730 974 769; x_wconf 88' lang='lat' dir='ltr'><strong>Romulo</strong></span> <span class='ocrx_word' id='word_1_86' title='bbox 992 738 1031 769; x_wconf 92' lang='lat' dir='ltr'><strong>et</strong></span> <span class='ocrx_word' id='word_1_87' title='bbox 1050 733 1176 770; x_wconf 86' lang='lat' dir='ltr'><strong>Remo</strong></span> <span class='ocrx_word' id='word_1_88' title='bbox 1199 744 1219 768; x_wconf 88' lang='lat' dir='ltr'><strong>a</strong></span> <span class='ocrx_word' id='word_1_89' title='bbox 1237 731 1332 783; x_wconf 89' lang='lat' dir='ltr'><strong>lupa</strong></span> <span class='ocrx_word' id='word_1_90' title='bbox 1349 732 1504 770; x_wconf 86' lang='lat' dir='ltr'><strong>lactatis</strong></span> <span class='ocrx_word' id='word_1_91' title='bbox 1519 745 1541 771; x_wconf 91' lang='lat' dir='ltr'><strong>a</strong></span> <span class='ocrx_word' id='word_1_92' title='bbox 1560 734 1691 772; x_wconf 86' lang='lat' dir='ltr'><strong>nomi-</strong></span> 
     </span>
     <span class='ocr_line' id='line_1_10' title="bbox 182 798 1690 851; baseline 0 -13"><span class='ocrx_word' id='word_1_93' title='bbox 182 799 247 838; x_wconf 87' lang='lat' dir='ltr'><strong>nis</strong></span> <span class='ocrx_word' id='word_1_94' title='bbox 274 799 601 850; x_wconf 84' lang='lat' dir='ltr'><strong>interpretatione</strong></span> <span class='ocrx_word' id='word_1_95' title='bbox 632 811 713 836; x_wconf 84' lang='lat' dir='ltr'><strong>esse</strong></span> <span class='ocrx_word' id='word_1_96' title='bbox 741 798 958 850; x_wconf 87' lang='lat' dir='ltr'><strong>profectam</strong></span> <span class='ocrx_word' id='word_1_97' title='bbox 978 809 1100 837; x_wconf 85' lang='lat' dir='ltr'><strong>:nam</strong></span> <span class='ocrx_word' id='word_1_98' title='bbox 1123 811 1143 836; x_wconf 90' lang='lat' dir='ltr'><strong>a</strong></span> <span class='ocrx_word' id='word_1_99' title='bbox 1162 812 1303 846; x_wconf 86' lang='lat' dir='ltr'><strong>ruma,</strong></span> <span class='ocrx_word' id='word_1_100' title='bbox 1332 813 1403 837; x_wconf 89' lang='lat' dir='ltr'><strong>seu</strong></span> <span class='ocrx_word' id='word_1_101' title='bbox 1427 798 1554 846; x_wconf 79' lang='lat' dir='ltr'><strong>rami,</strong></span> <span class='ocrx_word' id='word_1_102' title='bbox 1581 800 1690 851; x_wconf 86' lang='lat' dir='ltr'><strong>quod</strong></span> 
     </span>
     <span class='ocr_line' id='line_1_11' title="bbox 182 864 1692 914; baseline 0.001 -10"><span class='ocrx_word' id='word_1_103' title='bbox 182 874 301 905; x_wconf 84' lang='lat' dir='ltr'><strong>vetus</strong></span> <span class='ocrx_word' id='word_1_104' title='bbox 323 878 502 904; x_wconf 88' lang='lat' dir='ltr'><strong>mammae</strong></span> <span class='ocrx_word' id='word_1_105' title='bbox 525 879 674 904; x_wconf 89' lang='lat' dir='ltr'><strong>nomen</strong></span> <span class='ocrx_word' id='word_1_106' title='bbox 697 875 778 914; x_wconf 88' lang='lat' dir='ltr'><strong>est,</strong></span> <span class='ocrx_word' id='word_1_107' title='bbox 810 868 949 905; x_wconf 87' lang='lat' dir='ltr'><strong>Romae</strong></span> <span class='ocrx_word' id='word_1_108' title='bbox 975 878 1124 904; x_wconf 88' lang='lat' dir='ltr'><strong>nomen</strong></span> <span class='ocrx_word' id='word_1_109' title='bbox 1150 864 1361 905; x_wconf 82' lang='lat' dir='ltr'><strong>deduxisse</strong></span> <span class='ocrx_word' id='word_1_110' title='bbox 1386 867 1605 906; x_wconf 86' lang='lat' dir='ltr'><strong>nonnullos</strong></span> <span class='ocrx_word' id='word_1_111' title='bbox 1637 869 1692 905; x_wconf 85' lang='lat' dir='ltr'><strong>vi-</strong></span> 
     </span>
     <span class='ocr_line' id='line_1_12' title="bbox 186 932 1692 990; baseline -0.001 -16"><span class='ocrx_word' id='word_1_112' title='bbox 186 934 352 981; x_wconf 81' lang='lat' dir='ltr'><strong>demus3</strong></span> <span class='ocrx_word' id='word_1_113' title='bbox 379 942 425 972; x_wconf 90' lang='lat' dir='ltr'><strong>ut</strong></span> <span class='ocrx_word' id='word_1_114' title='bbox 460 935 556 972; x_wconf 90' lang='lat' dir='ltr'><strong>alios</strong></span> <span class='ocrx_word' id='word_1_115' title='bbox 580 947 601 972; x_wconf 91' lang='lat' dir='ltr'><strong>a</strong></span> <span class='ocrx_word' id='word_1_116' title='bbox 628 933 779 973; x_wconf 79' lang='lat' dir='ltr'><strong>virtute</strong></span> <span class='ocrx_word' id='word_1_117' title='bbox 798 947 843 971; x_wconf 91' lang='lat' dir='ltr'><strong>ac</strong></span> <span class='ocrx_word' id='word_1_118' title='bbox 865 933 1004 971; x_wconf 88' lang='lat' dir='ltr'><strong>robore</strong></span> <span class='ocrx_word' id='word_1_119' title='bbox 1026 932 1076 970; x_wconf 85' lang='lat' dir='ltr'><strong>ad</strong></span> <span class='ocrx_word' id='word_1_120' title='bbox 1102 946 1267 986; x_wconf 85' lang='lat' dir='ltr'><strong>graecam</strong></span> <span class='ocrx_word' id='word_1_121' title='bbox 1293 947 1434 973; x_wconf 84' lang='lat' dir='ltr'><strong>vocem</strong></span> <span class='ocrx_word' id='word_1_122' title='bbox 1458 932 1601 990; x_wconf 75' lang='grc' dir='ltr'><strong>ῥώμην.</strong></span> <span class='ocrx_word' id='word_1_123' title='bbox 1629 936 1692 987; x_wconf 86' lang='lat' dir='ltr'><strong>Ig-</strong></span> 
     </span>
     <span class='ocr_line' id='line_1_13' title="bbox 185 1000 1692 1054; baseline -0.001 -14"><span class='ocrx_word' id='word_1_124' title='bbox 185 1003 343 1041; x_wconf 84' lang='lat' dir='ltr'><strong>noratio</strong></span> <span class='ocrx_word' id='word_1_125' title='bbox 377 1002 566 1054; x_wconf 84' lang='lat' dir='ltr'><strong>originis,</strong></span> <span class='ocrx_word' id='word_1_126' title='bbox 598 1014 620 1039; x_wconf 93' lang='lat' dir='ltr'><strong>a</strong></span> <span class='ocrx_word' id='word_1_127' title='bbox 655 1013 735 1053; x_wconf 87' lang='lat' dir='ltr'><strong>qua</strong></span> <span class='ocrx_word' id='word_1_128' title='bbox 773 1014 924 1040; x_wconf 89' lang='lat' dir='ltr'><strong>nomen</strong></span> <span class='ocrx_word' id='word_1_129' title='bbox 958 1000 1070 1039; x_wconf 85' lang='lat' dir='ltr'><strong>urbis</strong></span> <span class='ocrx_word' id='word_1_130' title='bbox 1109 1000 1278 1040; x_wconf 88' lang='lat' dir='ltr'><strong>ductum</strong></span> <span class='ocrx_word' id='word_1_131' title='bbox 1319 1011 1444 1050; x_wconf 84' lang='lat' dir='ltr'><strong>esset,</strong></span> <span class='ocrx_word' id='word_1_132' title='bbox 1482 1001 1692 1041; x_wconf 88' lang='lat' dir='ltr'><strong>hominum</strong></span> 
     </span>
     <span class='ocr_line' id='line_1_14' title="bbox 187 1068 1692 1121; baseline 0 -13"><span class='ocrx_word' id='word_1_133' title='bbox 187 1070 341 1108; x_wconf 85' lang='lat' dir='ltr'><strong>animos</strong></span> <span class='ocrx_word' id='word_1_134' title='bbox 374 1068 423 1107; x_wconf 90' lang='lat' dir='ltr'><strong>ad</strong></span> <span class='ocrx_word' id='word_1_135' title='bbox 455 1071 705 1119; x_wconf 85' lang='lat' dir='ltr'><strong>conjecturas</strong></span> <span class='ocrx_word' id='word_1_136' title='bbox 738 1070 937 1108; x_wconf 84' lang='lat' dir='ltr'><strong>convertit</strong></span> <span class='ocrx_word' id='word_1_137' title='bbox 955 1098 965 1117; x_wconf 90' lang='lat'>,</span> <span class='ocrx_word' id='word_1_138' title='bbox 989 1082 1079 1121; x_wconf 85' lang='lat' dir='ltr'><strong>quae</strong></span> <span class='ocrx_word' id='word_1_139' title='bbox 1107 1078 1244 1121; x_wconf 88' lang='lat' dir='ltr'><strong>postea</strong></span> <span class='ocrx_word' id='word_1_140' title='bbox 1274 1071 1320 1110; x_wconf 89' lang='lat' dir='ltr'><strong>in</strong></span> <span class='ocrx_word' id='word_1_141' title='bbox 1344 1072 1590 1110; x_wconf 80' lang='lat' dir='ltr'><strong>narrationes</strong></span> <span class='ocrx_word' id='word_1_142' title='bbox 1626 1071 1692 1108; x_wconf 87' lang='lat' dir='ltr'><strong>ab·</strong></span> 
     </span>
     <span class='ocr_line' id='line_1_15' title="bbox 186 1136 1692 1191; baseline 0.001 -15"><span class='ocrx_word' id='word_1_143' title='bbox 186 1139 330 1176; x_wconf 87' lang='lat' dir='ltr'><strong>ierant.</strong></span> <span class='ocrx_word' id='word_1_144' title='bbox 355 1136 479 1190; x_wconf 88' lang='lat' dir='ltr'><strong>Quod</strong></span> <span class='ocrx_word' id='word_1_145' title='bbox 515 1138 548 1175; x_wconf 88' lang='lat' dir='ltr'><strong>si</strong></span> <span class='ocrx_word' id='word_1_146' title='bbox 588 1151 729 1176; x_wconf 80' lang='lat' dir='ltr'><strong>verum</strong></span> <span class='ocrx_word' id='word_1_147' title='bbox 763 1146 843 1185; x_wconf 86' lang='lat' dir='ltr'><strong>est,</strong></span> <span class='ocrx_word' id='word_1_148' title='bbox 877 1146 917 1175; x_wconf 92' lang='lat' dir='ltr'><strong>et</strong></span> <span class='ocrx_word' id='word_1_149' title='bbox 948 1151 999 1175; x_wconf 83' lang='lat' dir='ltr'><strong>ex</strong></span> <span class='ocrx_word' id='word_1_150' title='bbox 1028 1138 1322 1190; x_wconf 89' lang='lat' dir='ltr'><strong>antiquioribus</strong></span> <span class='ocrx_word' id='word_1_151' title='bbox 1354 1148 1554 1185; x_wconf 86' lang='lat' dir='ltr'><strong>sumtum,</strong></span> <span class='ocrx_word' id='word_1_152' title='bbox 1581 1139 1692 1191; x_wconf 87' lang='lat' dir='ltr'><strong>quod</strong></span> 
     </span>
     <span class='ocr_line' id='line_1_16' title="bbox 185 1204 1692 1258; baseline 0 -13"><span class='ocrx_word' id='word_1_153' title='bbox 185 1206 348 1245; x_wconf 82' lang='lat' dir='ltr'><strong>servius</strong></span> <span class='ocrx_word' id='word_1_154' title='bbox 367 1205 419 1243; x_wconf 91' lang='lat' dir='ltr'><strong>ad</strong></span> <span class='ocrx_word' id='word_1_155' title='bbox 436 1205 509 1244; x_wconf 79' lang='lat' dir='ltr'><strong>lib.</strong></span> <span class='ocrx_word' id='word_1_156' title='bbox 529 1207 652 1253; x_wconf 85' lang='lat' dir='ltr'>VIII,</span> <span class='ocrx_word' id='word_1_157' title='bbox 674 1219 729 1256; x_wconf 85' lang='lat'><strong>90</strong></span> <span class='ocrx_word' id='word_1_158' title='bbox 760 1214 798 1243; x_wconf 91' lang='lat' dir='ltr'><strong>et</strong></span> <span class='ocrx_word' id='word_1_159' title='bbox 821 1204 918 1243; x_wconf 87' lang='lat' dir='ltr'><strong>alibi</strong></span> <span class='ocrx_word' id='word_1_160' title='bbox 946 1204 1087 1253; x_wconf 86' lang='lat' dir='ltr'><strong>habet,</strong></span> <span class='ocrx_word' id='word_1_161' title='bbox 1111 1213 1158 1243; x_wconf 89' lang='lat' dir='ltr'><strong>ut</strong></span> <span class='ocrx_word' id='word_1_162' title='bbox 1176 1206 1331 1244; x_wconf 87' lang='lat' dir='ltr'><strong>Tiberis</strong></span> <span class='ocrx_word' id='word_1_163' title='bbox 1344 1208 1523 1258; x_wconf 85' lang='lat' dir='ltr'><strong>priscum</strong></span> <span class='ocrx_word' id='word_1_164' title='bbox 1544 1219 1692 1245; x_wconf 87' lang='lat' dir='ltr'><strong>nomen</strong></span> 
     </span>
     <span class='ocr_line' id='line_1_17' title="bbox 186 1273 1691 1327; baseline 0 -14"><span class='ocrx_word' id='word_1_165' title='bbox 186 1275 345 1313; x_wconf 76' lang='lat' dir='ltr'><strong>Rumon</strong></span> <span class='ocrx_word' id='word_1_166' title='bbox 369 1274 513 1322; x_wconf 89' lang='lat' dir='ltr'><strong>fuerit,</strong></span> <span class='ocrx_word' id='word_1_167' title='bbox 535 1274 690 1327; x_wconf 81' lang='lat' dir='ltr'><strong>(neque</strong></span> <span class='ocrx_word' id='word_1_168' title='bbox 714 1273 814 1312; x_wconf 85' lang='lat' dir='ltr'><strong>illud</strong></span> <span class='ocrx_word' id='word_1_169' title='bbox 845 1273 942 1312; x_wconf 89' lang='lat' dir='ltr'><strong>adeo</strong></span> <span class='ocrx_word' id='word_1_170' title='bbox 965 1273 1183 1312; x_wconf 88' lang='lat' dir='ltr'><strong>abhorrens</strong></span> <span class='ocrx_word' id='word_1_171' title='bbox 1205 1273 1254 1311; x_wconf 89' lang='lat' dir='ltr'><strong>ab</strong></span> <span class='ocrx_word' id='word_1_172' title='bbox 1278 1275 1554 1326; x_wconf 78' lang='lat' dir='ltr'><strong>antiquissimo</strong></span> <span class='ocrx_word' id='word_1_173' title='bbox 1571 1287 1691 1326; x_wconf 87' lang='lat' dir='ltr'><strong>aqua-</strong></span> 
     </span>
     <span class='ocr_line' id='line_1_18' title="bbox 188 1340 1688 1393; baseline 0.001 -16"><span class='ocrx_word' id='word_1_174' title='bbox 188 1352 282 1377; x_wconf 82' lang='lat' dir='ltr'><strong>rum</strong></span> <span class='ocrx_word' id='word_1_175' title='bbox 303 1347 342 1377; x_wconf 91' lang='lat' dir='ltr'><strong>et</strong></span> <span class='ocrx_word' id='word_1_176' title='bbox 365 1342 543 1378; x_wconf 79' lang='lat' dir='ltr'><strong>amnium</strong></span> <span class='ocrx_word' id='word_1_177' title='bbox 570 1341 733 1379; x_wconf 90' lang='lat' dir='ltr'><strong>nomine</strong></span> <span class='ocrx_word' id='word_1_178' title='bbox 752 1355 825 1392; x_wconf 89' lang='lat' dir='ltr'><strong>per</strong></span> <span class='ocrx_word' id='word_1_179' title='bbox 846 1342 973 1379; x_wconf 88' lang='lat' dir='ltr'><strong>Celtas</strong></span> <span class='ocrx_word' id='word_1_180' title='bbox 989 1350 1028 1378; x_wconf 93' lang='lat' dir='ltr'><strong>et</strong></span> <span class='ocrx_word' id='word_1_181' title='bbox 1046 1342 1206 1378; x_wconf 86' lang='lat' dir='ltr'><strong>Graeeos</strong></span> <span class='ocrx_word' id='word_1_182' title='bbox 1222 1341 1385 1393; x_wconf 87' lang='lat' dir='ltr'><strong>vulgato</strong></span> <span class='ocrx_word' id='word_1_183' title='bbox 1403 1353 1414 1379; x_wconf 90' lang='lat'><strong>:</strong></span> <span class='ocrx_word' id='word_1_184' title='bbox 1439 1340 1552 1388; x_wconf 78' lang='lat' dir='ltr'><strong>Rha,</strong></span> <span class='ocrx_word' id='word_1_185' title='bbox 1578 1340 1665 1380; x_wconf 77' lang='lat' dir='ltr'><strong>Rho</strong></span> <span class='ocrx_word' id='word_1_186' title='bbox 1679 1371 1688 1385; x_wconf 83' lang='lat'><strong>‚</strong></span> 
     </span>
     <span class='ocr_line' id='line_1_19' title="bbox 190 1405 1692 1462; baseline 0.001 -18"><span class='ocrx_word' id='word_1_187' title='bbox 190 1405 302 1452; x_wconf 76' lang='lat' dir='ltr'><strong>Rha,</strong></span> <span class='ocrx_word' id='word_1_188' title='bbox 330 1405 458 1452; x_wconf 83' lang='lat' dir='ltr'><strong>Rlziu,</strong></span> <span class='ocrx_word' id='word_1_189' title='bbox 490 1406 628 1453; x_wconf 75' lang='lat' dir='ltr'><em>Rhiw,</em></span> <span class='ocrx_word' id='word_1_190' title='bbox 653 1407 755 1446; x_wconf 76' lang='lat' dir='ltr'><strong>Rhei</strong></span> <span class='ocrx_word' id='word_1_191' title='bbox 772 1408 785 1458; x_wconf 95' lang='lat'>[</span> <span class='ocrx_word' id='word_1_192' title='bbox 800 1406 871 1461; x_wconf 68' lang='grc' dir='ltr'><strong>ρέω</strong></span> <span class='ocrx_word' id='word_1_193' title='bbox 888 1436 899 1455; x_wconf 87' lang='grc'><em>,</em></span> <span class='ocrx_word' id='word_1_194' title='bbox 925 1405 1033 1462; x_wconf 69' lang='grc' dir='ltr'><strong>ῥόος]</strong></span> <span class='ocrx_word' id='word_1_195' title='bbox 1060 1415 1144 1446; x_wconf 82' lang='lat' dir='ltr'><strong>non</strong></span> <span class='ocrx_word' id='word_1_196' title='bbox 1180 1407 1445 1459; x_wconf 85' lang='lat' dir='ltr'><strong>improbabile</strong></span> <span class='ocrx_word' id='word_1_197' title='bbox 1481 1407 1556 1456; x_wconf 85' lang='lat' dir='ltr'><strong>fit,</strong></span> <span class='ocrx_word' id='word_1_198' title='bbox 1580 1407 1692 1446; x_wconf 86' lang='lat' dir='ltr'><strong>urbis</strong></span> 
     </span>
     <span class='ocr_line' id='line_1_20' title="bbox 188 1472 1690 1527; baseline 0.003 -18"><span class='ocrx_word' id='word_1_199' title='bbox 188 1484 337 1510; x_wconf 88' lang='lat' dir='ltr'><strong>nomen</strong></span> <span class='ocrx_word' id='word_1_200' title='bbox 356 1485 378 1509; x_wconf 92' lang='lat' dir='ltr'><strong>a</strong></span> <span class='ocrx_word' id='word_1_201' title='bbox 393 1472 560 1512; x_wconf 83' lang='lat' dir='ltr'><strong>flumine</strong></span> <span class='ocrx_word' id='word_1_202' title='bbox 583 1487 664 1512; x_wconf 86' lang='lat' dir='ltr'><strong>esse</strong></span> <span class='ocrx_word' id='word_1_203' title='bbox 688 1474 854 1513; x_wconf 85' lang='lat' dir='ltr'><strong>ductum</strong></span> <span class='ocrx_word' id='word_1_204' title='bbox 868 1504 878 1523; x_wconf 91' lang='lat'>‚</span> <span class='ocrx_word' id='word_1_205' title='bbox 899 1484 939 1513; x_wconf 91' lang='lat' dir='ltr'><strong>et</strong></span> <span class='ocrx_word' id='word_1_206' title='bbox 970 1477 1102 1513; x_wconf 85' lang='lat' dir='ltr'><strong>omnia</strong></span> <span class='ocrx_word' id='word_1_207' title='bbox 1132 1475 1228 1523; x_wconf 85' lang='lat' dir='ltr'><strong>alia,</strong></span> <span class='ocrx_word' id='word_1_208' title='bbox 1241 1488 1332 1527; x_wconf 88' lang='lat' dir='ltr'><strong>quae</strong></span> <span class='ocrx_word' id='word_1_209' title='bbox 1360 1484 1596 1524; x_wconf 87' lang='lat' dir='ltr'><strong>narrantur,</strong></span> <span class='ocrx_word' id='word_1_210' title='bbox 1616 1489 1690 1527; x_wconf 90' lang='lat' dir='ltr'><strong>pro</strong></span> 
     </span>
     <span class='ocr_line' id='line_1_21' title="bbox 188 1542 1133 1582; baseline 0.004 -5"><span class='ocrx_word' id='word_1_211' title='bbox 188 1542 425 1578; x_wconf 84' lang='lat' dir='ltr'><strong>commentis</strong></span> <span class='ocrx_word' id='word_1_212' title='bbox 444 1542 641 1579; x_wconf 87' lang='lat' dir='ltr'><strong>seriorum</strong></span> <span class='ocrx_word' id='word_1_213' title='bbox 658 1550 819 1580; x_wconf 85' lang='lat' dir='ltr'><strong>aetatum</strong></span> <span class='ocrx_word' id='word_1_214' title='bbox 839 1557 920 1581; x_wconf 90' lang='lat' dir='ltr'><strong>esse</strong></span> <span class='ocrx_word' id='word_1_215' title='bbox 938 1543 1133 1582; x_wconf 84' lang='lat' dir='ltr'><strong>habenda.</strong></span> 
     </span>
    </p>

    <p class='ocr_par' dir='ltr' id='par_1_4' title="bbox 183 1606 1688 1864">
     <span class='ocr_line' id='line_1_22' title="bbox 243 1606 1687 1660; baseline 0.002 -13"><span class='ocrx_word' id='word_1_216' title='bbox 243 1607 321 1647; x_wconf 86' lang='lat' dir='ltr'><strong>Sed</strong></span> <span class='ocrx_word' id='word_1_217' title='bbox 336 1606 385 1644; x_wconf 91' lang='lat' dir='ltr'><strong>de</strong></span> <span class='ocrx_word' id='word_1_218' title='bbox 405 1607 466 1645; x_wconf 87' lang='lat' dir='ltr'><strong>his</strong></span> <span class='ocrx_word' id='word_1_219' title='bbox 484 1609 608 1646; x_wconf 88' lang='lat' dir='ltr'><strong>nolim</strong></span> <span class='ocrx_word' id='word_1_220' title='bbox 628 1622 719 1646; x_wconf 89' lang='lat' dir='ltr'><strong>cum</strong></span> <span class='ocrx_word' id='word_1_221' title='bbox 743 1622 947 1660; x_wconf 88' lang='lat' dir='ltr'><strong>quoquam</strong></span> <span class='ocrx_word' id='word_1_222' title='bbox 961 1639 971 1656; x_wconf 96' lang='lat'>‚</span> <span class='ocrx_word' id='word_1_223' title='bbox 994 1611 1059 1648; x_wconf 86' lang='lat' dir='ltr'><strong>cui</strong></span> <span class='ocrx_word' id='word_1_224' title='bbox 1075 1611 1188 1648; x_wconf 84' lang='lat' dir='ltr'><strong>aliter</strong></span> <span class='ocrx_word' id='word_1_225' title='bbox 1205 1610 1389 1650; x_wconf 77' lang='lat' dir='ltr'><strong>videatur</strong></span> <span class='ocrx_word' id='word_1_226' title='bbox 1401 1640 1414 1660; x_wconf 92' lang='lat'>‚</span> <span class='ocrx_word' id='word_1_227' title='bbox 1434 1611 1687 1650; x_wconf 82' lang='lat' dir='ltr'><strong>contendere.</strong></span> 
     </span>
     <span class='ocr_line' id='line_1_23' title="bbox 183 1674 1688 1732; baseline 0.002 -18"><span class='ocrx_word' id='word_1_228' title='bbox 183 1674 290 1714; x_wconf 81' lang='lat' dir='ltr'><strong>Mjhi</strong></span> <span class='ocrx_word' id='word_1_229' title='bbox 308 1676 399 1713; x_wconf 80' lang='lat' dir='ltr'><strong>satis</strong></span> <span class='ocrx_word' id='word_1_230' title='bbox 416 1684 475 1713; x_wconf 88' lang='lat' dir='ltr'><strong>est</strong></span> <span class='ocrx_word' id='word_1_231' title='bbox 491 1675 666 1714; x_wconf 89' lang='lat' dir='ltr'><strong>dilucide</strong></span> <span class='ocrx_word' id='word_1_232' title='bbox 681 1677 771 1713; x_wconf 84' lang='lat' dir='ltr'><strong>satis</strong></span> <span class='ocrx_word' id='word_1_233' title='bbox 791 1678 1018 1728; x_wconf 81' lang='lat' dir='ltr'><strong>exposuisse</strong></span> <span class='ocrx_word' id='word_1_234' title='bbox 1045 1686 1228 1715; x_wconf 89' lang='lat' dir='ltr'><strong>naturam</strong></span> <span class='ocrx_word' id='word_1_235' title='bbox 1253 1686 1292 1716; x_wconf 89' lang='lat' dir='ltr'><strong>et</strong></span> <span class='ocrx_word' id='word_1_236' title='bbox 1315 1692 1468 1717; x_wconf 84' lang='lat' dir='ltr'><strong>caussas</strong></span> <span class='ocrx_word' id='word_1_237' title='bbox 1483 1689 1688 1732; x_wconf 83' lang='lat' dir='ltr'><strong>corrupta-</strong></span> 
     </span>
     <span class='ocr_line' id='line_1_24' title="bbox 184 1742 1687 1799; baseline 0.005 -20"><span class='ocrx_word' id='word_1_238' title='bbox 184 1755 277 1780; x_wconf 87' lang='lat' dir='ltr'><strong>rum</strong></span> <span class='ocrx_word' id='word_1_239' title='bbox 299 1742 526 1781; x_wconf 85' lang='lat' dir='ltr'><strong>fabularum</strong></span> <span class='ocrx_word' id='word_1_240' title='bbox 551 1744 694 1780; x_wconf 85' lang='lat' dir='ltr'><strong>veteris</strong></span> <span class='ocrx_word' id='word_1_241' title='bbox 715 1744 861 1791; x_wconf 78' lang='lat' dir='ltr'><strong>Italiae,</strong></span> <span class='ocrx_word' id='word_1_242' title='bbox 879 1753 926 1782; x_wconf 89' lang='lat' dir='ltr'><strong>ut</strong></span> <span class='ocrx_word' id='word_1_243' title='bbox 946 1744 1046 1782; x_wconf 83' lang='lat' dir='ltr'><strong>mihi</strong></span> <span class='ocrx_word' id='word_1_244' title='bbox 1073 1746 1136 1782; x_wconf 82' lang='lat' dir='ltr'><strong>via</strong></span> <span class='ocrx_word' id='word_1_245' title='bbox 1166 1758 1212 1784; x_wconf 89' lang='lat' dir='ltr'><strong>ac</strong></span> <span class='ocrx_word' id='word_1_246' title='bbox 1238 1747 1339 1786; x_wconf 85' lang='lat' dir='ltr'><strong>ratio</strong></span> <span class='ocrx_word' id='word_1_247' title='bbox 1366 1745 1590 1799; x_wconf 85' lang='lat' dir='ltr'><strong>expeditior</strong></span> <span class='ocrx_word' id='word_1_248' title='bbox 1613 1750 1663 1786; x_wconf 87' lang='lat' dir='ltr'><strong>sit</strong></span> <span class='ocrx_word' id='word_1_249' title='bbox 1677 1778 1687 1796; x_wconf 89' lang='lat'>‚</span> 
     </span>
     <span class='ocr_line' id='line_1_25' title="bbox 187 1808 1136 1864; baseline 0.002 -14"><span class='ocrx_word' id='word_1_250' title='bbox 187 1808 236 1849; x_wconf 82' lang='lat' dir='ltr'><strong>ad</strong></span> <span class='ocrx_word' id='word_1_251' title='bbox 254 1823 297 1851; x_wconf 86' lang='lat' dir='ltr'><strong>ea</strong></span> <span class='ocrx_word' id='word_1_252' title='bbox 315 1839 326 1861; x_wconf 90' lang='lat'><strong>,</strong></span> <span class='ocrx_word' id='word_1_253' title='bbox 346 1824 435 1864; x_wconf 85' lang='lat' dir='ltr'><strong>quae</strong></span> <span class='ocrx_word' id='word_1_254' title='bbox 452 1812 498 1850; x_wconf 88' lang='lat' dir='ltr'><strong>in</strong></span> <span class='ocrx_word' id='word_1_255' title='bbox 515 1811 775 1864; x_wconf 82' lang='lat' dir='ltr'><strong>sequentibus</strong></span> <span class='ocrx_word' id='word_1_256' title='bbox 791 1821 909 1852; x_wconf 90' lang='lat' dir='ltr'><strong>erunt</strong></span> <span class='ocrx_word' id='word_1_257' title='bbox 934 1811 1136 1852; x_wconf 87' lang='lat' dir='ltr'><strong>tradenda.</strong></span> 
     </span>
    </p>
   </div>
  </div>
 </body>
</html>
