1767 3054
730 143 884 182 LIBER
915 145 1010 182 vn.

125 215 397 260 Tartaream
421 212 622 260 intendit
645 229 836 273 vocem;
856 231 951 277 qua
970 226 1199 278 protenus
1227 232 1363 262 omne

124 287 416 333 Contremuit
441 304 631 345 nemus,
654 299 702 335 et
725 289 853 336 silvae
877 289 1129 336 intonuere
1155 290 1422 353 profundae.
1567 305 1626 333 515

124 361 286 408 Audiit
311 372 358 407 et
381 361 556 408 Triviae
574 362 714 426 longe
734 364 887 424 lacus,
908 364 1058 411 audiit
1084 365 1233 412 amnis

122 437 340 482 sulfurea
359 439 459 483 Nar
481 437 616 485 albus
641 455 787 501 aqua,
814 440 1062 502 fontesque
1084 439 1263 498 Velini3

120 515 177 557 Et
202 511 398 574 trepidae
421 525 595 561 matres
619 532 836 578 pressere
861 516 919 562 ad
944 527 1139 578 pectora
1162 527 1312 561 natos.

120 590 241 634 Tum
264 603 380 634 vero
404 588 464 635 ad
488 607 655 637 vocem
679 592 879 652 celeres,
901 608 995 655 qua
1018 591 1220 638 buccina
1244 591 1429 654 signum

120 763 330 810 ruricolas,
359 766 570 816 repentino
596 766 730 818 aliquo
761 782 841 806 me-

119 831 163 858 tu
181 850 192 867 ,
224 822 405 872 periculo
435 824 499 861 vel
520 826 700 864 incursu.
729 827 838 865 Idem

119 893 204 917 mos
227 881 267 916 in
286 882 424 931 priscis
445 883 685 923 civitatibus.
703 886 842 936 Itaque

120 941 257 976 Romae
288 940 426 989 primis
458 941 639 978 aetatihus
670 944 840 982 Comitia

119 998 172 1032 ita
196 999 408 1034 convocari
431 997 612 1036 solebant
631 1011 641 1037 :
667 1003 746 1038 Per
760 1016 840 1040 cor-

119 1053 290 1091 nicinem
309 1056 535 1093 centuriata
547 1070 609 1108 ap.
628 1057 731 1097 Gell.
745 1063 838 1108 XV,

119 1126 186 1161 27.
205 1112 381 1152 Subuata
398 1122 527 1154 autem
541 1117 700 1154 Maroni
712 1119 840 1156 Furiae

117 1170 288 1208 buccina
313 1186 363 1210 ex
384 1173 516 1212 Eridis
533 1173 737 1214 horrendo
761 1177 838 1214 cla-

118 1243 228 1267 more
263 1231 378 1270 Iliad.
408 1236 454 1279 λ,
480 1235 571 1271 5-
590 1245 654 1272 ῐῐ.
680 1237 728 1271 In
756 1236 838 1280 514

117 1287 165 1325 ad
194 1288 274 1326 518
307 1291 546 1329 imitatorem
565 1291 678 1329 facile
698 1307 838 1345 agnos-

117 1360 181 1383 cas
215 1346 278 1383 vel
300 1362 350 1385 ex
381 1352 641 1400 exquisitiore
673 1360 837 1388 ornatus

115 1404 262 1443 studio.
310 1408 530 1459 Expressus
571 1409 586 1459 (
603 1421 694 1446 nam
732 1411 837 1447 inter

114 1462 239 1502 multa
263 1478 282 1501 a
312 1466 438 1504 Cerda
467 1475 505 1504 et
529 1466 615 1504 aliis
651 1476 837 1519 congesta

110 1522 187 1559 hoc
212 1537 341 1562 unum
360 1523 608 1576 tenendum)
627 1526 837 1576 Apollonii

111 1580 224 1619 locus
237 1611 248 1630 ‚
261 1583 436 1634 primum
447 1583 610 1634 quidem
622 1586 684 1621 111
694 1613 705 1631 ,
724 1597 739 1620 1
751 1598 772 1621 2
784 1598 799 1621 1
811 1598 830 1632 7

114 1641 279 1678 Hecates
314 1655 459 1679 cauum
494 1642 638 1680 latratu
663 1655 673 1681 :
709 1640 834 1680 Πίσεα.

112 1694 150 1736 δ’
171 1697 306 1753 ἔτρεμε
327 1698 486 1747 πάντας
512 1709 550 1738 et
567 1701 695 1739 multo
712 1703 835 1753 magis

112 1758 297 1795 draconis
314 1759 433 1797 sibilo
450 1762 524 1806 IV,
544 1771 638 1811 129,
664 1760 741 1797 138
759 1757 834 1814 ἀμ-

114 1812 154 1866 φὶ
172 1810 216 1852 δὲ
236 1813 388 1869 μακραὶ
405 1809 535 1861 indm
550 1818 746 1871 ποταμοῖο
766 1814 834 1856 καὶ

115 1869 283 1912 ἄσπετον
319 1871 429 1924 ἴαχεν
462 1873 592 1919 ἄλσες·
623 1867 770 1914 Exim
800 1874 835 1914 οἳ

112 1927 179 1968 καὶ
213 1932 356 1969 πολλὸν
383 1929 474 1976 ἑκὰς
502 1941 575 1971 ete.
607 1931 768 1985 Δείμας-ι
796 1929 834 1971 δ’

113 1986 312 2043 ἐξέγροντο
326 1986 513 2039 λεχωίδες
524 2017 535 2035 ,
550 1987 650 2042 ἀμφὶ
665 1987 708 2028 δὲ
721 1988 834 2029 παισὶ

113 2045 352 2096 Νηπιοίχοις,
367 2047 401 2086 οἳ
412 2047 456 2085 τέ
467 2061 552 2098 σφιν
576 2047 643 2085 ὑπ’
665 2046 832 2103 ἀγκαλί-

112 2101 238 2142 δεσσιν
270 2103 376 2143 ἴαυεν
392 2135 403 2153 ,
422 2096 542 2160 ῥοίζῳ
573 2105 831 2160 παλλομένοις

111 2163 242 2217 χεῖρας
263 2162 382 2212 βάλεν
418 2162 697 2215 ἀσχα).ο’ωσοιι;
723 2166 832 2203 unde

109 2231 244 2260 noster
263 2235 272 2261 :
297 2222 353 2260 Et
378 2223 544 2274 trepida:
561 2232 709 2260 matres
723 2237 833 2274 pres-

109 2294 194 2318 sere
215 2280 274 2317 ad
282 2292 450 2333 pectora
479 2291 596 2319 natos
608 2295 625 2326 ;
645 2295 727 2319 non
752 2291 831 2319 tam

108 2347 261 2385 ornate,
274 2340 344 2378 sed
356 2341 518 2378 meliore
527 2339 693 2388 judicio;
705 2353 797 2377 uam
810 2353 831 2377 a

109 2399 227 2435 Furia
237 2398 413 2436 inflatam
426 2399 637 2436 buccinam
651 2407 729 2436 tam
741 2398 831 2436 hor-

108 2455 276 2494 rendum
306 2458 483 2495 sonitum
520 2456 707 2503 edidisse,
742 2470 833 2508 pro·

108 2512 280 2553 habilius
306 2524 364 2552 est
388 2515 559 2563 dictum,
582 2528 703 2566 quam
739 2515 829 2552 dra-

109 2574 219 2610 conis
241 2574 402 2611 sibilum
425 2582 501 2612 tam
521 2574 640 2624 longe
661 2587 743 2611 esse
760 2586 829 2610 au-

109 2628 251 2670 ditum.
270 2633 428 2683 Virgilii
448 2633 686 2671 imitatorem
709 2631 830 2669 habes

109 2689 277 2726 Statium
293 2691 312 2727 1
328 2690 455 2729 Theb.
481 2704 497 2728 1
510 2703 525 2727 1
536 2691 557 2727 8
577 2690 625 2727 de
641 2692 829 2743 anguium

108 2743 344 2797 Tisiphones
360 2748 479 2787 sibilo
500 2761 510 2787 :
531 2748 678 2788 Audiit
691 2758 731 2786 et
753 2760 831 2785 me-

107 2800 195 2838 dius
232 2805 325 2842 coeli
359 2809 584 2846 Parnassus
620 2815 723 2855 etc.,
757 2805 829 2844 ubi

905 769 1039 806 omnia
1071 767 1201 805 multo
1240 767 1363 817 magis
1397 773 1627 816 portentosa

905 826 1072 864 videbis.
1083 848 1142 855 —-
1152 826 1201 862 51
1211 825 1248 863 5.
1264 823 1478 861 Insonuice
1491 823 1629 860 Gram-

906 886 1058 921 maticis
1075 883 1211 922 laudat
1238 884 1376 921 Heius.
1401 881 1631 920 Concuticur

904 955 966 993 pr.
997 942 1188 980 Rottend.
1208 943 1424 978 Insonuere
1442 942 1560 978 Rom.
1590 948 1631 976 et

906 1001 973 1037 alii
994 1000 1093 1037 Pier.
1124 1008 1162 1037 et
1189 1000 1328 1036 Heius.
1354 1000 1530 1035 Sonuere
1554 997 1627 1035 Ed.

904 1058 1059 1096 Medio]
1075 1066 1113 1094 et
1132 1057 1262 1095 Schol.
1282 1058 1394 1095 Statii
1413 1069 1505 1093 curn
1522 1055 1629 1092 binis

907 1116 1029 1154 Goth.
1045 1137 1102 1144 —-
1114 1114 1334 1167 Profundoe
1350 1127 1441 1151 cum
1465 1113 1627 1150 dilectu.

906 1177 954 1212 In
977 1176 1128 1212 intimis
1156 1186 1309 1224 inagnae
1331 1172 1441 1210 silvae
1467 1172 1628 1209 recessi—

905 1233 981 1270 bus
1009 1232 1246 1270 audiebatur
1281 1244 1375 1268 vox.
1388 1252 1446 1259 —
1461 1230 1557 1267 516.
1580 1231 1629 1266 In

904 1291 1039 1328 multis
1078 1290 1196 1327 audit
1232 1289 1442 1335 scribitur,
1465 1296 1503 1324 et
1531 1287 1627 1324 hinc

903 1350 1093 1386 inseritur
1108 1349 1150 1385 iu
1167 1347 1376 1385 nonnullis
1386 1355 1425 1383 et
1435 1354 1525 1383 aute
1543 1359 1631 1382 arn-

904 1407 980 1445 nis.
1012 1408 1172 1457 Menag.
1205 1419 1267 1456 pr.
1304 1403 1438 1441 audiit
1475 1403 1623 1447 omnis,

903 1465 1015 1516 quod
1042 1465 1171 1515 placet
1197 1465 1442 1501 Burmanuo.
1462 1483 1520 1491 --
1543 1461 1629 1499 Tri-

903 1523 975 1560 viae
994 1524 1106 1560 lacus
1124 1532 1183 1560 est
1200 1523 1313 1559 lacus
1328 1523 1518 1560 Aricinus
1535 1533 1629 1557 cum

901 1595 1066 1620 nemore
1095 1590 1134 1619 et
1161 1580 1311 1631 templo
1341 1581 1479 1618 Dianae
1512 1577 1629 1618 nobi-

899 1640 1074 1686 lissim03
1092 1639 1198 1678 conf.
1229 1638 1301 1677 inf.
1323 1652 1363 1676 v.
1390 1639 1486 1686 761.
1506 1640 1628 1677 Nune

902 1701 1015 1751 Lago
1033 1699 1079 1736 di
1095 1698 1240 1741 Nemi,
1257 1710 1340 1734 non
1360 1697 1479 1748 longe
1500 1696 1551 1734 ab
1570 1697 1629 1732 vi-

903 1771 951 1794 co
977 1758 1181 1796 Gensano.
1207 1755 1346 1794 Paullo
1363 1756 1554 1792 remotior
1579 1753 1627 1790 ab

901 1815 963 1852 his
974 1816 1073 1853 locis
1092 1828 1230 1852 versus
1245 1813 1557 1863 septentrionem
1570 1820 1629 1849 est

901 1875 1014 1918 Nar,
1038 1875 1108 1923 qui
1137 1874 1242 1908 inter
1275 1870 1443 1909 Sabinos
1472 1878 1511 1907 et
1534 1871 1628 1908 Um-

901 1931 996 1968 bros
1020 1931 1071 1968 ad
1090 1929 1269 1968 Tiberim
1293 1926 1522 1975 deseendit,
1546 1928 1626 1965 sul-

890 1988 1024 2040 fiereis
1040 1988 1157 2038 aquis
1184 1989 1276 2024 satis
1296 1994 1438 2031 notus,
1466 1985 1516 2023 de
1541 1999 1624 2036 quo

895 2048 974 2094 jam
992 2047 1113 2084 Ennii
1131 2058 1269 2082 versus
1288 2046 1347 2082 VI
1366 2043 1514 2082 Annal.
1536 2043 1624 2081 Su!-

890 2104 1033 2155 Jitreas
1066 2102 1202 2153 posuit
1233 2101 1459 2152 spiramina
1500 2101 1626 2140 Naris

898 2162 958 2198 ad
977 2162 1109 2199 undas
1139 2161 1205 2212 (v,
1239 2160 1400 2199 Cluver.
1431 2174 1471 2211 p.
1512 2159 1624 2212 705)

898 2233 1068 2270 quarum
1097 2228 1239 2257 natura
1267 2219 1485 2256 candorem
1513 2219 1621 2257 facit.

899 2281 949 2316 In
966 2279 1153 2329 proximo
1177 2280 1305 2315 Lacus
1326 2276 1512 2322 Velinus,
1540 2290 1621 2314 am-

897 2349 948 2373 ne
977 2337 1125 2375 Velino
1156 2337 1263 2374 inter
1297 2336 1495 2373 montium
1526 2336 1621 2388 juga

896 2407 1016 2445 super
1034 2398 1155 2434 Reate
1169 2402 1397 2447 stagnante:
1414 2395 1458 2432 in
1473 2396 1619 2433 Narem

896 2453 963 2490 ille
992 2467 1152 2504 quoque
1180 2452 1397 2504 aliquando
1418 2467 1439 2490 a
1458 2454 1517 2490 M.
1540 2453 1618 2491 Cu-

897 2512 958 2548 rio
972 2540 983 2558 ,
1004 2514 1138 2549 exciso
1157 2521 1293 2550 monte
1305 2540 1317 2558 ‚
1337 2512 1514 2550 emissus.
1534 2511 1617 2549 Cic.

898 2571 957 2608 IV
971 2568 1019 2607 ad
1031 2571 1116 2608 Att.
1136 2571 1199 2609 15.
1221 2584 1257 2609 e.
1275 2570 1377 2608 Plin.
1392 2572 1452 2608 III
1465 2598 1477 2618 ,
1502 2583 1566 2616 12,
1586 2583 1617 2607 ε.

903 2643 918 2666 1
930 2640 966 2675 7.
987 2630 1111 2680 Egere
1132 2628 1181 2667 de
1199 2629 1278 2667 hoc
1290 2656 1301 2675 ,
1319 2630 1390 2680 qui
1405 2629 1492 2667 loca
1514 2628 1617 2666 adie-

897 2702 963 2734 re,
987 2688 1092 2724 iuter
1113 2701 1214 2739 quos
1243 2690 1360 2726 etiam
1379 2687 1617 2726 Erdmanns-

898 2745 1015 2784 dorfs.
1038 2744 1117 2784 vid.
1136 2747 1221 2794 ejus
1239 2748 1374 2794 vitam,
1397 2744 1509 2788 Rode
1530 2757 1617 2780 auc-

897 2813 995 2850 tore,
1014 2817 1053 2854 p.
1078 2806 1171 2843 108.
