1767 3054
87 180 138 216 92
712 167 954 206 AExssmos

87 237 340 299 Pasiphae,
360 237 654 300 mixtumque
680 252 849 299 genus,
876 237 1127 300 prolesque
1149 237 1363 285 biformis
1546 246 1584 278 2⁵

89 313 390 359 Minotaurus
409 313 552 370 inest,

578 317 619 358 V
623 314 776 359 0110115
800 323 1104 376 monumenta
1125 314 1354 360 nefandae.

90 389 180 434 Hic
205 387 341 434 labor
362 389 439 434 ille
460 388 651 444 domus,
672 398 719 433 et
743 369 1082 432 inextricabilis
1106 403 1262 433 erroi·
1251 424 1264 446 ,

89 466 316 526 Magnum
335 464 510 526 reginae
531 463 614 510 sed
639 462 763 507 enim
787 461 1034 508 miseratus
1056 463 1265 508 amorem

89 540 332 597 Daedalus,
355 540 454 601 ipse
477 538 610 585 dolos
632 538 746 584 tecti
770 536 1085 602 ambagesque
1107 536 1323 596 resolvit,

89 742 189 775 nus,
204 731 364 769 nimius.
380 730 715 782 Suppostafitrto‚
728 744 803 782 pro

89 790 291 838 supposita
342 798 457 828 tauro
498 790 696 836 adultero,
728 803 807 839 per

76 844 256 897 furtum,
281 860 326 884 >22
331 844 417 899 υφίῦ
423 845 604 902 ςγσὶμει,
591 861 710 902 μ.γε
712 847 802 894 ἶσαι,

89 916 141 940 ex
160 913 253 942 nota
279 907 424 942 Musaei
457 878 641 943 formula.
670 906 805 944 Nolim

91 970 220 999 tamen
237 971 398 1012 putare,
415 965 538 1013 ipsam
558 976 717 999 vaccam
736 963 808 1014 lig-

89 1033 203 1056 neam
218 1022 429 1071 ipsumque
447 1021 641 1072 flagitium
653 1033 808 1071 expres-

91 1091 179 1114 sum
210 1078 329 1115 fuisse
354 1091 364 1116 :
388 1078 457 1115 sed
486 1079 674 1129 Pasiphae
697 1092 735 1116 v.
770 1092 804 1116 c.

90 1135 318 1173 demulcens
356 1145 515 1174 taurum
563 1136 687 1183 inest,
723 1143 807 1173 tan-

91 1206 209 1243 quam
238 1206 328 1244 pars
359 1196 584 1245 argumenti
608 1207 803 1245 expressa.

93 1252 257 1289 Veneris
277 1251 470 1304 nefandae
483 1282 493 1299 ,
518 1253 679 1290 nefandi
696 1265 805 1290 amo-

90 1310 155 1348 ris.
184 1313 277 1349 Non
302 1311 426 1348 aliter.
453 1313 557 1350 Nota
575 1320 632 1348 est
659 1311 708 1348 de
726 1312 805 1348 Mi-

90 1376 261 1406 notauro
287 1368 442 1416 fabula,
471 1370 516 1408 in
551 1370 664 1417 cujus
685 1370 806 1406 inter-

88 1429 309 1477 pretatione
327 1435 560 1478 argutantur
580 1428 722 1478 passim
740 1441 808 1466 ve-

90 1493 190 1521 teres
204 1513 214 1530 ,
234 1486 350 1522 etiam
374 1485 423 1522 ad
441 1485 482 1524 h.
512 1485 539 1524 l.
559 1484 730 1523 Videtur
751 1486 806 1522 fa-

90 1542 187 1579 bula
237 1544 470 1594 simpliciter
522 1557 572 1582 ex
619 1544 805 1595 symbolo

90 1600 224 1651 aliquo
255 1603 475 1652 antiquitus
501 1603 546 1640 in
574 1602 691 1640 Creta
734 1603 805 1640 ob-

89 1659 157 1695 vio
192 1658 329 1706 ducta,
373 1659 481 1711 quod
525 1658 693 1712 figuram
727 1661 802 1698 hu-

89 1729 246 1754 manam
275 1731 369 1755 cum
405 1719 531 1768 capite
567 1720 669 1756 tauri
693 1718 804 1756 exhi-

89 1773 228 1822 bebat3
251 1784 334 1813 erat
365 1775 474 1813 aliud
506 1776 736 1827 symbolum
761 1779 804 1814 in

89 1833 232 1870 Siciliae
258 1842 299 1871 et
323 1834 445 1871 Italiae
464 1835 596 1870 numis
617 1834 802 1884 frequen-

90 1898 238 1936 tatum,
264 1905 430 1942 corpore
465 1893 571 1928 tauri
602 1893 646 1928 111
684 1901 803 1942 caput

87 1950 163 1985 viri
194 1948 348 1986 barbati
385 1958 581 1995 exeunte,
605 1949 714 1999 quod
738 1951 802 1987 alii

87 2006 231 2043 Bacchi
258 2020 328 2045 seu
357 2008 531 2052 Ebonis,
560 2008 599 2044 h.
627 2021 661 2045 e.
683 2008 801 2055 solis,

88 2064 156 2101 alii
171 2067 288 2115 patrii
307 2064 423 2102 flun'i
436 2094 446 2112 ‚
470 2066 536 2102 alii
562 2067 746 2103 arationis
765 2075 804 2103 et

88 2121 297 2161 fertilitatis
345 2136 530 2175 agrorum
575 2123 804 2174 symbolum

88 2192 170 2216 esse
198 2181 374 2218 voluere.
404 2181 509 2218 Mihi
538 2179 719 2218 nondum
756 2182 804 2218 li-

88 2246 207 2286 quet;
229 2237 434 2276 obscurata
448 2267 457 2283 ‚
478 2248 602 2289 puto,
618 2240 697 2286 jam
731 2238 803 2276 du-

88 2294 184 2331 dum
203 2296 279 2332 fuit
296 2309 387 2332 vera
405 2297 579 2346 symboli
595 2299 800 2336 sententia.

88 2352 192 2390 conf.
212 2352 261 2389 ad
286 2353 476 2404 Apollod.
503 2357 615 2392 Notae
636 2367 676 2404 p.
704 2355 800 2402 537.

89 2411 190 2447 Nam
213 2411 337 2448 multa
357 2411 406 2448 de
425 2411 486 2448 his
507 2414 688 2450 virorum
711 2412 802 2450 doc-

89 2475 222 2505 torum
240 2468 437 2518 disputata
456 2472 600 2519 passim
622 2478 796 2516 exstant,

87 2525 270 2576 inprimis
286 2527 391 2563 inter
409 2527 528 2566 Italos
547 2528 747 2566 Mazochii
763 2539 801 2565 et

89 2585 280 2633 Ignarrae3
303 2584 426 2620 multa
459 2599 619 2636 quoque
648 2587 692 2622 in
724 2599 801 2623 nu-

88 2653 247 2678 morum
294 2641 496 2688 doctrina3
535 2644 716 2693 inprimis
750 2643 799 2680 ab

87 2697 251 2737 Eckhel.
293 2707 385 2750 post
415 2700 639 2737 Neumann.
659 2714 798 2748 -27.

87 2756 355 2807 Labyrinthus
372 2758 523 2795 Daedali
531 2771 632 2808 opus
645 2786 655 2803 ‚
670 2759 713 2794 in
731 2761 801 2796 Pa-

86 2814 241 2864 siphaes
277 2817 440 2867 gratiam
479 2824 725 2867 susceptum,
756 2825 801 2853 ut

871 731 1150 770 Minotaurum
1175 729 1219 766 in
1245 741 1293 767 eo
1314 726 1584 767 absconderet.

872 791 934 828 Sic
947 788 1175 827 Ovid.V111
1190 788 1289 825 Met.
1319 788 1369 824 15
1375 800 1413 834 73
1433 788 1584 838 Hygin.

874 847 901 884 f.
941 854 993 891 40
1011 860 1021 893 ;
1043 845 1163 884 Diod.
1183 848 1263 892 IV,
1297 858 1371 893 773
1396 843 1585 895 Apollod.

872 906 957 951 111,
985 917 1027 950 1,
1051 912 1099 951 4,
1127 903 1201 949 15,
1225 904 1266 942 8.
1291 901 1418 953 Apud
1439 903 1587 940 Home-

870 976 964 1000 rum
986 975 1081 999 vero
1114 961 1301 999 Daedalus
1329 963 1375 998 in
1401 959 1588 998 Ariadnae

872 1023 1035 1071 gratiam
1047 1048 1057 1065 ,
1072 1020 1239 1057 chorum
1255 1032 1325 1056 seu
1340 1018 1587 1056 saltationem

873 1075 1126 1128 Labyrintho'
1172 1077 1341 1114 similem
1387 1074 1588 1114 effinxisse

874 1143 1081 1181 narratur,
1106 1133 1220 1171 Iliad.
1245 1147 1288 1181 σ,
1310 1148 1348 1173 v.
1376 1135 1454 1185 591
1479 1146 1586 1184 seqq.

874 1193 1018 1232 Habita
1039 1201 1172 1230 tamen
1187 1205 1279 1229 vere
1310 1192 1380 1230 1113
1406 1204 1489 1229 0550
1509 1203 1583 1242 po-

874 1254 974 1298 tuit,
998 1260 1036 1288 et
1064 1263 1198 1288 annuo
1227 1250 1410 1288 sollenni-
1427 1249 1588 1296 iterari,

874 1309 923 1348 ad
942 1309 1216 1347 celebrandam
1249 1309 1411 1346 scilieet*
1426 1307 1590 1359 publica

873 1368 1068 1405 hilaritate
1106 1367 1261 1405 felicem
1289 1380 1312 1404 e
1339 1365 1588 1417 Labyrintho

873 1428 1007 1477 fugam
1030 1439 1041 1473 3
1067 1438 1249 1477 expressa
1266 1433 1403 1475 postea
1423 1423 1474 1461 ab
1497 1426 1589 1462 arti-

873 1483 948 1522 fice
971 1497 1090 1534 opere
1111 1483 1363 1535 anaglypho:
1380 1481 1492 1534 quod
1506 1482 1589 1530 jam

873 1543 1062 1589 Homeri,
1083 1541 1220 1579 saltem
1248 1550 1377 1592 poetae
1391 1569 1401 1588 ,
1422 1541 1491 1579 cui
1520 1539 1588 1577 illa

874 1601 1057 1638 carminis
1075 1613 1167 1651 pars
1183 1598 1371 1647 debetur,
1387 1606 1499 1637 aetate
1517 1611 1587 1636 cx-

872 1662 983 1697 stitit.
1010 1658 1144 1697 Simile
1161 1657 1431 1710 anaglyphum
1451 1655 1588 1694 candi-

873 1718 924 1756 do
957 1729 1171 1763 marmore,
1194 1715 1308 1766 quod
1340 1715 1587 1752 saltationem

871 1775 1065 1813 Ariadnes
1081 1773 1317 1820 exhibebat,
1341 1786 1416 1824 pro
1434 1772 1588 1810 Daedali

871 1848 989 1885 opere
1002 1846 1022 1869 3
1035 1833 1209 1871 Cnossiis
1222 1839 1477 1878 ostentatum,
1489 1833 1587 1869 Pau-

869 1893 1055 1936 san.1x‚
1083 1897 1154 1936 40,
1172 1903 1212 1940 p.
1238 1890 1317 1940 793
1334 1897 1480 1927 narrat.
1502 1890 1587 1927 Ho-

869 1951 969 1987 meri
987 1950 1124 1986 locum
1146 1949 1307 1998 respicit
1327 1947 1521 1998 Virgilius
1539 1945 1582 1985 h.

869 2008 897 2045 l.
923 2017 961 2045 et
986 2020 1073 2057 sup.
1093 2008 1155 2053 V,
1183 2006 1263 2043 588
1285 2019 1398 2056 sqq.;
1421 2013 1460 2042 at
1477 2003 1583 2042 idem

871 2074 1005 2103 noster
1023 2078 1108 2101 rem
1124 2063 1318 2102 hactenus
1334 2062 1519 2109 variavit,
1537 2071 1585 2099 ut

870 2136 982 2160 nunc
1001 2122 1211 2160 Daedalum
1230 2123 1387 2167 narret,
1407 2121 1452 2157 in
1485 2119 1585 2171 regi-

870 2194 934 2217 πα»
945 2209 957 2226 ,
983 2182 1084 2232 regis
1099 2181 1249 2217 Minois
1267 2177 1360 2215 filiae
1373 2206 1383 2225 ,
1398 2177 1585 2215 Ariadnae

870 2240 1054 2289 gratiam,
1076 2237 1229 2276 Theseo
1255 2237 1331 2281 iter
1351 2249 1425 2286 per
1452 2235 1582 2285 Laby-

869 2296 1049 2334 rintbum
1072 2294 1142 2332 filo
1158 2294 1453 2338 monstravisse,
1473 2290 1583 2342 quod

868 2356 1078 2391 inventum
1105 2352 1171 2390 3111
1198 2360 1326 2403 poetae
1346 2349 1581 2400 simpliciter

870 2411 918 2448 ad
946 2411 1135 2449 Ariadnae
1154 2410 1366 2448 sollertiam
1385 2406 1578 2446 referunt.

868 2491 926 2498 —
948 2469 1080 2506 Labor
1103 2467 1243 2505 domus
1267 2464 1490 2502 declaratur
1510 2477 1580 2515 per

868 2527 1037 2564 alterum
1050 2555 1062 2573 ,
1109 2521 1399 2561 inextricabilis
1445 2535 1575 2568 error,

866 2584 980 2622 labor
1037 2595 1156 2633 quem
1198 2583 1282 2631 ipse
1326 2579 1581 2632 labyrinthus

867 2642 961 2678 facit
983 2642 1135 2677 exitum
1165 2638 1450 2689 quaerentibus.
1482 2637 1582 2675 Doli

867 2708 907 2736 et
923 2698 1113 2750 ambages
1128 2725 1140 2741 ‚
1167 2696 1297 2734 flexus
1319 2697 1394 2734 viae
1414 2704 1455 2733 et
1472 2707 1579 2732 erro-

866 2770 928 2794 res
949 2754 1199 2807 Labyrinthi.
1235 2755 1285 2792 cf.
1319 2753 1456 2792 Cerda.
1493 2754 1579 2790 Hos

865 2814 1023 2852 resolvit
1034 2843 1044 2862 ,
1066 2812 1196 2851 reditu
1216 2822 1255 2851 et
1270 2824 1429 2863 egressu
1444 2822 1579 2849 mons-
