1767 3054
199 97 250 134 36
721 93 965 132 AENEIDOS
996 94 1090 131 LIB.
1123 94 1174 131 V.

191 183 281 206 rum
316 168 496 220 pugilatu
536 179 681 204 nomen
722 166 908 205 habebat.

193 229 372 265 Catroeus
409 225 570 277 quidem
613 224 728 262 valde
770 234 908 261 acutus

190 286 267 323 sibi
310 283 520 322 videbatur
566 285 609 321 in
650 283 753 329 hoc,
800 282 908 333 quod

190 345 344 395 primus
393 343 579 389 vidisset,
624 340 672 378 ad
708 340 826 378 ludos
864 342 908 377 in

191 403 352 441 Caesaris
398 401 593 439 honorem
631 399 681 436 ab
723 400 908 450 Augusto

189 460 346 497 habitos
402 459 616 508 Virgilium
675 456 906 505 respexisse.

190 520 343 555 Verum
368 524 407 553 et
439 515 545 552 idem
577 511 679 550 illud
712 525 912 549 commen-

191 584 278 612 tum
308 575 388 621 jam
424 585 446 609 a
482 569 685 609 veteribus
710 582 911 607 commen-

192 631 388 670 tatoribus
428 629 505 667 fuit
539 628 725 676 allatum,
769 636 809 664 et
842 640 912 664 seu

194 688 417 728 affirmandi
451 701 520 725 seu
550 686 724 738 negandi
761 698 912 723 caussas

192 748 354 787 idoneas
387 746 509 785 habet
544 745 686 783 nullas.
726 745 911 783 Enimve-

193 820 239 845 ro
272 806 322 844 ab
350 808 528 844 Homero
563 803 656 841 inde
693 802 827 840 nullus
860 801 913 839 fa-

193 866 266 902 cile
294 864 369 901 fuit
401 871 540 915 poeta,
583 862 653 913 qui
681 875 766 899 non
798 873 909 911 argu-

194 931 374 960 mentum
421 921 498 958 hoc
540 920 589 957 ad
629 921 799 957 istorum
838 918 911 956 ho—

194 982 372 1027 minum,
425 980 658 1016 Graecorum
704 977 909 1028 inprimis,

196 1040 347 1076 animos
390 1050 433 1074 ac
484 1050 622 1074 sensus
669 1034 910 1084 jucundissi-

195 1109 307 1134 mum
329 1125 341 1141 ‚
396 1097 617 1147 attingeret.
665 1096 713 1130 In
762 1094 910 1130 Graeeis

196 1153 358 1204 quidem
386 1155 515 1205 poetis
552 1151 766 1204 deperditis
793 1151 910 1203 plura

195 1212 427 1261 hujusmodi
447 1213 671 1256 certamina,
687 1210 793 1247 ludis
807 1222 909 1260 prae-

198 1272 314 1321 cipue
352 1270 612 1316 funebribus,
658 1268 777 1306 fuisse
813 1276 912 1305 trac-

196 1337 299 1373 tata,
333 1329 397 1365 vel
429 1342 479 1366 ex
505 1329 668 1380 Hygino
701 1326 850 1372 discas,
883 1325 909 1363 f.

197 1388 449 1426 CCLXXIII.
493 1386 678 1437 Inprimis
715 1384 802 1422 ludi
848 1383 911 1420 fu-

197 1444 339 1481 nebres
380 1445 423 1480 in
455 1443 623 1481 Achillis
656 1443 852 1480 honorem
890 1453 912 1478 a

197 1500 363 1539 Thetide
390 1503 563 1539 instituti
592 1501 727 1540 nobile
751 1501 914 1538 fuerunt

196 1568 502 1611 argumentum,
548 1560 628 1599 vid.
673 1558 818 1610 Odyss.
854 1571 910 1604 ω,

198 1632 236 1655 v,
270 1618 324 1655 85
353 1626 390 1654 et
413 1631 544 1670 seqq.,
570 1616 679 1670 quod
703 1617 914 1668 repetitum

975 168 1107 205 videas
1148 181 1169 204 a
1203 163 1356 218 Quinto
1388 166 1470 206 Cal.
1491 169 1572 215 IV,
1612 182 1690 207 110

974 240 1107 277 seqq.‚
1146 239 1248 276 saepe
1282 224 1390 261 idem
1428 235 1690 266 memoratum

974 285 1017 321 in
1045 286 1233 337 Tragicis.
1259 284 1583 335 Argonautarum
1609 298 1692 322 cer-

975 342 1123 379 tamina
1165 341 1256 380 vide
1296 343 1339 379 in
1381 341 1566 393 Orphicis
1609 343 1688 390 575

975 411 1055 451 seq.
1077 401 1182 438 Hinc
1196 429 1206 448 ‚
1230 401 1467 438 Graecorum
1483 409 1692 452 poetarum

976 458 1160 508 exemplo
1173 487 1184 505 ‚
1215 460 1386 497 Romani
1403 471 1564 510 quoque
1582 458 1692 496 hunc

978 517 1238 553 certaminum
1269 516 1408 554 locum
1438 517 1582 567 passim
1611 529 1694 554 car-

978 573 1153 610 minibus
1179 575 1258 619 suis
1284 575 1570 622 intexuerunt,
1603 576 1694 612 Vir-

980 630 1064 680 gnii
1093 631 1263 668 maxime
1294 630 1470 680 judici03
1512 633 1693 684 inprimis

980 688 1098 726 Silius
1126 690 1252 736 XVI,
1284 697 1365 740 249
1389 703 1522 741 seqq.‚
1556 700 1594 728 et
1613 693 1694 729 Sta-

980 746 1058 782 tius
1088 744 1215 784 Theb.
1247 746 1318 785 lib.
1350 749 1434 794 VI,
1465 761 1566 798 quos
1602 761 1693 786 cum

979 804 1150 856 Virgilio
1181 806 1437 856 Homeroque
1474 819 1694 858 comparas-

979 875 1019 899 se
1048 876 1130 900 non
1155 863 1388 914 poenitebit,
1417 864 1536 902 simul
1559 873 1606 903 ut
1636 866 1695 902 in-

980 920 1128 972 telligas
1149 949 1160 967 ,
1216 930 1303 959 tum
1321 950 1331 968 ‚
1376 933 1496 972 quam
1553 935 1694 974 parum

977 980 1021 1015 in
1060 987 1176 1029 poeta
1209 992 1271 1016 ars
1311 981 1395 1017 sine
1428 980 1590 1032 ingenio
1628 993 1695 1018 va-

977 1036 1078 1084 leat,
1122 1046 1233 1085 tum,
1269 1049 1388 1088 quam
1434 1039 1572 1089 iniqua
1609 1039 1693 1086 ejus

977 1108 1061 1132 sors
1093 1096 1167 1142 sit,
1201 1096 1296 1145 qui,
1328 1108 1419 1133 cum
1454 1096 1540 1134 aliis
1581 1105 1693 1135 aetate

976 1153 1243 1190 anterioribus
1289 1153 1495 1200 succedat,
1540 1154 1585 1193 in
1625 1167 1694 1191 an-

977 1219 1136 1262 gustum
1177 1211 1408 1249 imitationis
1450 1212 1588 1250 orbem
1631 1225 1691 1249 se-

979 1269 1057 1307 mel
1082 1283 1122 1307 se
1151 1270 1369 1308 immiserit.
1397 1272 1446 1307 In
1464 1283 1617 1308 summa
1635 1282 1693 1307 re-

979 1341 1069 1364 rum
1112 1329 1226 1379 copia
1264 1340 1416 1378 pauper
1457 1337 1497 1366 et
1530 1329 1691 1377 jejunus

979 1394 1037 1423 est
1070 1387 1227 1424 Statius.
1257 1387 1450 1436 Spiritum
1488 1388 1692 1437 poeticum

979 1444 1110 1481 atterit
1141 1445 1185 1481 in
1218 1443 1392 1482 exilibus
1425 1445 1692 1490 ornamentis3
1754 1480 1759 1487 ,

979 1515 1091 1552 quae,
1141 1502 1212 1539 etsi
1249 1510 1288 1539 et
1321 1503 1405 1552 ipsa
1447 1502 1694 1553 voluptatem

980 1559 1171 1605 afferunt,
1192 1568 1322 1599 tamen
1341 1561 1524 1598 carminis
1542 1572 1694 1603 summa

979 1630 1120 1668 parum
1143 1618 1321 1656 delectat.
