1767 3054
222 148 300 190 340

837 145 1079 183 AENEIDOS

215 219 340 261 Dum
363 227 430 272 te,
452 231 558 261 care
581 230 720 277 puer,
743 230 846 259 mea
870 231 974 261 sera
997 227 1041 260 et
1065 215 1163 259 sola
1184 215 1422 277 voluptas,

217 290 460 352 Conplexu
486 302 641 345 tene03
668 289 857 349 gravior
881 305 938 334 ne.
964 288 1155 334 nuntius
1179 290 1302 335 auris

216 364 451 410 Volneret.
479 385 498 404 ι)
523 368 635 409 Haec
659 363 841 424 genitor
865 361 1076 422 digressu
1100 362 1225 408 dicta
1248 379 1467 424 supremo

215 438 482 495 Fundebat3
510 437 670 481 famuli
694 436 965 496 conlapsum
990 436 1038 479 in
1063 446 1184 481 tecta
1208 436 1434 482 ferebant.

280 517 478 573 Jamque
504 511 621 555 adeo
646 510 825 554 exierat
846 509 994 570 portis
1016 509 1258 569 equitatus
1276 511 1473 572 apertis;
1642 523 1701 552 585
1731 508 1734 511 ’

218 588 384 630 AEneas
407 586 528 629 inter
551 584 750 645 primos,
776 592 821 627 et
844 582 964 627 fidus
985 582 1209 640 Achates;

215 659 329 703 Inde
354 658 431 702 alii
455 658 607 719 Trojae
631 672 866 718 proceres.
892 660 998 718 Ipse
1022 656 1205 717 agmine
1229 655 1375 703 Pallas

216 738 272 779 In
297 732 473 788 medio,
499 731 744 791 chlamyde
767 742 813 777 et
836 730 973 793 pictis
998 741 1276 792 conspectus
1298 731 1348 776 in
1372 733 1509 778 armis
1537 751 1545 776 :

217 806 401 862 Qualis,
426 805 509 850 ubi
533 805 710 850 Oceani
735 805 951 867 perfusus
975 806 1166 850 Lucifer
1188 805 1336 863 unda,

216 883 369 937 Quem
393 884 550 925 Venus
576 889 681 924 ante
707 880 820 926 alios
845 891 1079 926 astrorum
1103 881 1254 942 diligit
1278 880 1420 942 ignis,
1639 892 1698 932 590

212 954 391 1000 Extulit
415 971 465 1000 os
488 971 671 1000 sacrum
695 955 834 1013 coelo,
860 955 1171 1018 tenebrasque
1193 957 1399 1002 resolvit.

216 1032 351 1075 Stant
374 1029 556 1091 pavidae
581 1029 628 1074 in
649 1030 796 1076 muris
819 1042 1013 1088 matres,
1039 1031 1279 1093 oculisque
1301 1040 1562 1093 sequuntur

213 1105 487 1149 Pulveream
508 1104 709 1163 nubem,
735 1117 781 1152 et
805 1106 1024 1170 fulgentis
1048 1122 1139 1152 aere
1163 1117 1386 1152 catervas.

220 1278 295 1323 327
313 1303 323 1322 ,
351 1276 421 1313 ubi
444 1290 465 1313 a
486 1290 523 1313 v.
552 1278 632 1314 323
659 1279 819 1328 vestigia
839 1280 925 1316 Ma-

214 1334 322 1370 ronis
353 1333 478 1383 legit3
506 1333 574 1370 Sin
606 1334 723 1371 aliud
752 1337 924 1372 Fortuna

208 1399 355 1438 parat:
370 1390 553 1427 miserere
563 1401 795 1440 parentum,
813 1392 923 1428 Blors

216 1446 333 1489 bona,
353 1446 445 1481 dum
459 1455 584 1483 metus
597 1456 677 1490 est,
701 1461 774 1483 nec
791 1447 923 1484 adlzuc

215 1503 338 1539 dolor.
359 1524 415 1530 —
440 1503 536 1541 581.
570 1506 690 1547 Sera;
722 1517 814 1554 ergo
843 1513 925 1540 erat

215 1557 420 1611 τηλύγετος
435 1585 445 1602 ,
478 1559 522 1593 in
560 1568 760 1594 senectute
804 1562 925 1609 patris

215 1624 345 1653 natus,
359 1614 462 1651 conf.
478 1614 609 1651 Guell.
623 1636 682 1641 —
697 1615 791 1651 582.
816 1616 926 1652 Com-

207 1673 354 1722 plexus
367 1675 483 1709 Rom.
496 1671 643 1709 Medic.
659 1681 696 1708 et
709 1671 771 1708 alii
788 1673 922 1710 Heins.

214 1729 408 1778 amplexu
439 1729 615 1766 Parrhas.
646 1730 736 1765 Neu
761 1729 866 1766 Gud.
903 1743 924 1766 a

214 1800 267 1824 m.
282 1799 372 1831 sec.‚
386 1786 495 1835 quod
507 1786 645 1822 maluit
658 1786 921 1836 Cuningham.

215 1845 262 1881 N
258 1843 553 1880 ec-vulnerat
564 1842 786 1880 Markland.
797 1856 923 1880 emen-

212 1901 331 1937 dabat
369 1899 416 1936 ad
447 1903 541 1938 Stat.
572 1902 610 1936 V
639 1900 734 1939 Silv.
766 1913 812 1945 2,
847 1901 897 1937 88
911 1930 921 1948 ,

214 1959 405 1995 sententia
427 1970 588 2007 prorsus
615 1959 659 1994 in
688 1957 809 1994 alium
838 1972 924 1995 sen-

215 2029 303 2052 sum
341 2014 507 2052 detorta.
532 2036 589 2042 —-
610 2016 705 2052 583.
740 2015 926 2052 Verberet

217 2071 338 2109 Goth.
370 2080 485 2117 tert.,
513 2080 551 2107 et
579 2074 635 2108 sic
666 2074 847 2109 Donatus
880 2074 922 2109 in

214 2131 373 2166 Terent.
395 2130 540 2177 Hecyr.
559 2130 629 2175 IV,
646 2137 668 2174 4
683 2156 693 2174 ,
714 2129 823 2177 quod
840 2130 923 2178 pla-

216 2186 330 2222 cebat
354 2187 490 2222 Heius.
507 2212 517 2230 ‚
538 2184 605 2221 sed
635 2188 775 2222 merito
801 2187 922 2232 rejec-

217 2251 299 2278 tum
322 2255 342 2278 a
359 2244 600 2279 Burmanno.
613 2244 724 2280 «Usus
743 2244 809 2280 τοῦ
827 2243 920 2279 vul-

218 2312 377 2345 nerare,
403 2300 473 2349 qui
495 2301 561 2336 τοῦ
583 2302 728 2351 τρῶσκι
751 2312 812 2349 ap.
837 2301 922 2337 Ho-

217 2367 370 2391 merum
397 2368 471 2405 pro
497 2352 659 2406 βλάψαι.

271 2412 366 2448 588.
387 2414 427 2448 It
443 2412 573 2449 medio
618 2412 772 2451 emend.
815 2415 921 2451 Mar-

217 2467 350 2505 kland.
374 2468 420 2503 ad
433 2471 526 2507 Stat.
539 2472 578 2506 V
594 2470 688 2508 silv.
708 2472 727 2506 Ι
740 2499 750 2517 ,
767 2471 862 2514 245.
880 2484 918 2508 v·

216 2525 287 2561 inf.
315 2525 395 2569 675
427 2533 465 2560 et
487 2527 535 2564 al.
558 2547 617 2556 -—-
633 2529 726 2565 Non
749 2540 919 2578 agnosco

214 2580 448 2631 hypallagen
464 2583 553 2626 ;se‹l
562 2583 674 2633 picta
697 2598 813 2621 arma
827 2594 921 2621 sunt

217 2651 314 2674 auro
344 2645 581 2688 argentoque
613 2641 809 2679 distincta.
837 2643 920 2678 Me-

216 2702 422 2731 morantur
455 2704 493 2731 et
528 2696 643 2744 alibi,
683 2700 739 2736 XI
757 2726 768 2745 ‚
810 2698 917 2745 6603

216 2753 294 2791 XII
308 2779 318 2797 ‚
345 2751 393 2787 28
407 2763 420 2788 1
430 2779 438 2788 .

1053 1279 1133 1328 589
1155 1291 1213 1328 sq.
1227 1279 1477 1315 Homericam
1494 1290 1576 1315 esse
1597 1290 1703 1315 com-

991 1338 1234 1385 parationem
1266 1336 1449 1373 Pallantis
1472 1347 1565 1371 cum
1593 1335 1700 1372 stella

991 1395 1158 1428 Veneris
1189 1393 1264 1429 sub
1295 1401 1509 1428 extremam
1538 1400 1696 1428 noctem

989 1457 1093 1494 orta,
1120 1448 1236 1485 multi
1267 1451 1603 1498 pronuntiarunt,
1625 1462 1698 1485 nec

991 1513 1123 1540 tamen
1152 1505 1288 1540 locum
1323 1514 1523 1540 enotatum
1552 1505 1669 1542 video
1689 1533 1698 1550 ‚

992 1561 1060 1608 qui
1101 1560 1305 1597 commode
1349 1561 1439 1596 satis
1480 1564 1698 1610 comparari

991 1617 1140 1664 possit.
1143 1616 1268 1654 Iliad.
1286 1629 1322 1662 ε,
1345 1617 1393 1662 6,
1414 1629 1433 1663 7
1455 1617 1504 1654 de
1521 1618 1697 1656 canicula

992 1673 1132 1722 agitur,
1146 1672 1251 1709 unde
1262 1672 1494 1709 translatum
1505 1681 1562 1710 est
1572 1674 1695 1713 illud:

990 1726 1027 1772 ὃς
1054 1742 1095 1766 τε
1116 1726 1285 1781 μάλιστα
1305 1727 1493 1782 Auum-pov
1516 1730 1698 1784 παμφαί-

989 1799 1071 1836 νῃσν.
1102 1785 1267 1824 7.ε7ευυ,έ
1268 1800 1304 1823 vr
1292 1800 1327 1830 ς
1361 1781 1544 1826 mamete
1567 1802 1577 1835 3
1613 1802 1696 1826 non

989 1844 1111 1894 igitur
1154 1844 1339 1895 perfusus
1390 1844 1545 1882 Oceani
1587 1847 1697 1883 unda

991 1901 1067 1938 alio
1089 1909 1262 1951 spectat,
1285 1914 1403 1951 quam
1425 1901 1474 1939 ad
1494 1911 1626 1940 ortum
1647 1917 1697 1940 ex

990 1958 1102 1996 mari.
1127 1960 1251 2008 Quem
1267 1961 1398 1996 Venus
1415 1967 1489 1996 etc.
1503 1961 1616 2009 ,quia
1639 1969 1697 1997 est

990 2015 1100 2052 stella
1125 2017 1315 2062 Veneris,
1341 2024 1388 2052 nt
1411 2017 1502 2053 satis
1522 2025 1663 2054 notum
1685 2029 1694 2054 :

989 2086 1027 2109 v.
1053 2072 1186 2110 Guell.
1218 2074 1327 2111 Paria
1356 2072 1404 2110 de
1431 2073 1563 2110 eadem
1588 2074 1696 2111 stella

989 2129 1064 2165 snb
1081 2143 1282 2186 vesperam
1299 2139 1398 2176 orta,
1417 2131 1527 2168 Iliad.
1542 2157 1553 2176 ‚
1569 2143 1593 2166 κ
1613 2131 1634 2167 3
1645 2143 1659 2167 1
1671 2144 1690 2178 7

989 2194 1083 2224 est:
1115 2187 1188 2229 οἷος
1222 2182 1259 2223 δ’
1280 2184 1399 2240 ἀστηρ
1427 2200 1454 2224 ε
1449 2200 1495 2224 ,σι
1550 2189 1602 2223 ετ’
1625 2184 1694 2224 ἀσ-

988 2240 1100 2294 τροὶσι
1133 2242 1264 2287 νυκτὸς
1300 2241 1462 2298 &pm-fig)
1528 2255 1690 2295 σπερος,

989 2297 1026 2342 ὅς
1059 2297 1260 2344 mmmm
1294 2300 1329 2338 ἐν
1358 2299 1504 2354 οὐρανῷ
1538 2296 1692 2338 ἵσταται

988 2353 1122 2409 ἀστή.
1153 2357 1274 2408 Apud
1292 2337 1480 2408 Apollon.
1501 2358 1562 2394 111
1571 2383 1582 2402 ,
1608 2359 1688 2405 957

986 2427 1043 2464 sq.
1064 2417 1186 2452 Jason
1207 2416 1250 2452 in
1267 2415 1418 2452 Medeae
1440 2423 1691 2463 conspectum

987 2473 1096 2508 venit
1109 2467 1220 2530 ὑψόσ’
1232 2468 1508 2523 ἀναθρώσκων,
1521 2469 1590 2508 ἅτε
1611 2470 1690 2508 Σει-

988 2541 1089 2594 ριος)
1096 2518 1302 2569 (immoto.
1334 2525 1371 2570 ὅς
1402 2522 1452 2567 ὃτι
1479 2539 1538 2564 το.
1572 2527 1689 2572 >tang

987 2598 1034 2637 με
1019 2581 1132 2635 νάρ.
1124 2580 1242 2627 ,ζηλός
1261 2585 1296 2620 τ’
1315 2578 1517 2622 ἐσιδέσθαι.
1538 2585 1592 2621 At
1605 2586 1682 2635 591

986 2639 1214 2690 splendidus
1230 2653 1365 2677 versus
1384 2639 1432 2677 de
1451 2649 1543 2678 ortu
1559 2642 1601 2678 in
1622 2655 1689 2679 ex-

985 2705 1107 2734 trema
1127 2696 1315 2743 meliora,
1335 2709 1414 2746 qua
1431 2710 1536 2735 mare
1553 2699 1687 2737 ambit.

984 2755 1079 2805 Sup.
1115 2754 1257 2804 Georg.
1288 2755 1359 2800 IV,
1395 2756 1475 2792 232
1515 2757 1689 2807 Taygete
