1767 3054
692 68 846 106 LIBER
874 68 947 105 VI.

1496 78 1574 121 ¹3¹)

73 141 298 200 Lumina,
324 140 709 205 praecipitemque
730 138 922 184 immani
949 136 1138 184 turbine
1163 139 1334 202 adegit.

74 219 174 263 Nec
198 232 292 262 non
312 228 358 262 et
380 215 576 276 Tityon,
593 215 753 259 Terrae
778 212 1116 275 omniparentis
1141 214 1380 262 alumnum
1394 252 1406 275 ,

75 294 280 338 Cernere
301 301 423 348 erat3
450 305 535 352 per
555 300 654 335 tota
673 305 844 336 novem
870 289 946 334 cui
969 289 1137 352 jugera
1161 305 1335 353 corpus

77 368 353 429 Porrigitur,
375 376 625 428 rostroque
646 366 860 412 immanis
880 365 1040 411 voltur
1064 364 1254 412 obunco

77 441 346 489 Immortale
365 441 501 504 jecur
522 440 745 500 tondens,
771 440 1065 503 secundaque
1090 441 1240 504 poenis

74 635 149 673 bus
187 635 485 687 exquisitiorem
517 634 720 685 praelatam
739 637 793 672 vi-

75 693 174 732 des:
200 694 327 731 taedas
358 693 504 730 lumine
530 692 674 744 ficmeo
696 708 709 731 .·
738 693 793 730 Iu-

76 765 168 788 men
190 751 379 803 sinaeum
419 751 633 796 caedarum,
673 762 711 789 et
732 752 791 789 lu-

77 823 166 847 men
176 809 361 861 fitmeum
380 809 503 846 taedis.
529 809 696 847 Turbine
718 823 793 861 pro

77 867 266 912 fulmine,
289 875 336 904 ut
368 867 496 905 solent
527 868 676 913 nimbi,
710 877 793 904 tur—

75 925 208 972 bines,
230 925 414 976 procellae
434 937 526 961 cum
542 938 590 961 eo
612 938 692 961 esse
705 938 795 963 con-

72 984 234 1031 junctae.

136 1041 232 1091 595.
254 1039 550 1091 Omnipoteneis
572 1041 794 1078 Arusianus

77 1106 115 1136 et
131 1099 287 1137 Nonius
298 1127 307 1144 ‚
325 1099 497 1149 librique
514 1098 700 1135 nonnulli
715 1099 795 1135 Pie-

77 1157 126 1193 rii
142 1169 162 1193 a
179 1170 232 1193 m.
257 1169 333 1193 sec.
349 1185 360 1202 ‚
378 1158 481 1192 inter
499 1169 600 1205 quos
620 1159 788 1193 Roman.

77 1226 116 1250 et
143 1215 347 1251 Heinsiani
378 1213 528 1263 aliquot
556 1215 792 1250 recentiores

78 1285 169 1308 cum
188 1271 267 1310 Erf.
281 1300 291 1318 ,
310 1271 377 1308 sed
394 1283 485 1308 cum
502 1271 549 1305 iis
566 1274 696 1306 tam'en
711 1271 792 1306 Me-

78 1329 155 1368 dic.
181 1343 202 1367 a
220 1343 272 1368 m.
294 1343 369 1379 pr.,
392 1331 435 1365 it.
459 1328 594 1378 fragm.
622 1328 749 1363 Vau'c.
772 1339 792 1363 a

78 1402 130 1426 m.
146 1401 206 1439 pr.
231 1400 322 1424 cum
339 1387 443 1423 binis
463 1384 584 1422 Goth.
605 1384 793 1421 Vincitur

78 1447 142 1483 hic
159 1444 274 1483 codd.
296 1456 510 1482 consensus
527 1450 566 1479 et
583 1443 792 1479 auctoritas

75 1503 227 1552 judicio
237 1502 452 1554 elegantiae.
465 1503 515 1538 Et
531 1497 793 1553 Παμμῆτειρα

79 1574 308 1613 expressum
337 1558 463 1599 videri
489 1566 631 1609 potest.
658 1557 794 1596 Omni-

73 1618 254 1670 patentis
270 1619 376 1657 Leid.
392 1626 430 1655 et
447 1616 592 1656 Medic.
611 1631 631 1655 a
644 1631 696 1655 m.
714 1629 791 1654 see.

79 1699 137 1707 —-
163 1677 404 1728 595—600.
431 1677 559 1714 Etiam
579 1677 623 1713 in
651 1676 789 1724 Tityo,

82 1744 128 1772 ut
162 1737 205 1774 in
238 1735 394 1773 Aloidis
418 1763 428 1781 ‚
477 1736 576 1772 vasti
614 1734 790 1784 corporis

83 1794 230 1839 robur,
258 1802 296 1829 et
324 1802 413 1830 nata
434 1792 527 1830 inde
557 1791 789 1837 insolentia,

84 1846 211 1903 skipe,
241 1851 433 1888 declarata
459 1861 479 1884 a
510 1858 629 1888 veter.
650 1850 790 1899 poetis.

83 1911 272 1946 Omnium
291 1910 358 1957 qni
383 1920 549 1957 usquam
568 1907 659 1944 facti
674 1915 767 1942 sunt
781 1934 791 1953 ,

82 1981 269 2004 versuum
296 1965 584 2015 pulcherrimos
613 1978 693 2001 esse
721 1963 794 2000 hos

82 2026 314 2076 pronuntiat
332 2024 405 2059 Vir
427 2022 579 2060 doctus.
608 2025 710 2061 Sunt
735 2034 794 2057 sa-

83 2095 132 2120 ne
163 2082 421 2126 ornatissimi,
450 2080 517 2117 sed
543 2093 615 2117 nec
641 2079 795 2116 inventi

84 2141 166 2177 ulla
199 2142 242 2177 in
276 2142 323 2176 iis
360 2139 445 2175 laus
476 2139 490 2189 (
515 2151 606 2175 nam
640 2137 796 2187 praeivit

83 2200 280 2235 Homerus
302 2198 392 2235 loco
410 2197 536 2234 nobili
551 2224 560 2240 ‚
585 2194 728 2246 OdySS.
745 2198 768 2231 λ
781 2222 792 2240 ,

88 2256 135 2303 57
146 2257 335 2301 5—-580,
365 2263 404 2292 et
424 2256 465 2292 in
485 2254 615 2292 verbis
637 2255 791 2291 Lucret.

85 2315 169 2361 111,
205 2327 284 2365 997
308 2327 392 2364 sqq.
416 2321 455 2350 et
477 2314 612 2350 Attius
631 2312 673 2348 in
701 2314 794 2350 Pro-

84 2371 240 2410 metheo
263 2372 368 2424 apud
389 2371 470 2408 Cic.
489 2374 607 2409 Tusc.
628 2371 707 2419 Qu.
729 2371 767 2406 II
781 2398 791 2416 ,

91 2442 166 2475 103
192 2444 278 2482 quae
306 2431 390 2467 loca
420 2426 681 2479 comparanda
701 2436 795 2465 sunt

85 2489 129 2526 in
143 2489 306 2540 singulis
317 2516 326 2534 ‚
337 2486 405 2525 sed
417 2489 590 2537 aequiore
603 2494 641 2522 et
659 2485 792 2523 melio-

87 2559 128 2583 re
145 2546 298 2594 judicio
311 2575 322 2593 ,
341 2559 460 2596 quam
480 2545 651 2596 Scaliger
664 2571 674 2589 ‚
698 2544 790 2581 Cer-

86 2602 135 2640 da
158 2612 198 2641 et
223 2604 288 2642 alii
316 2605 359 2642 in
378 2606 552 2641 Homero
568 2612 607 2640 et
624 2601 792 2653 Virgilio

88 2659 266 2699 fecerunt
285 2662 299 2714 )
318 2689 328 2708 ‚
352 2674 426 2699 nec
466 2674 526 2698 res
557 2661 794 2711 exponitur,

87 2729 177 2767 quae
208 2718 335 2770 aliqua
368 2732 458 2758 cum
486 2720 675 2757 suavitate
705 2730 796 2769 cog-

857 636 970 673 nosci
999 636 1136 686 possit.
1171 637 1264 675 Non
1299 636 1404 673 enim
1440 635 1574 675 horret

859 695 1014 731 animus
1046 694 1235 746 legentis,
1266 693 1334 731 sed
1373 704 1574 732 aversatur

856 753 970 800 jecur
994 754 1100 790 sanie
1127 751 1326 790 diffluens.
1352 752 1575 789 Almanam

860 811 1049 861 accipiam
1079 824 1153 862 pro
1189 809 1296 857 filio,
1336 819 1381 848 ut
1409 813 1573 848 Homer.

861 865 976 922 γαίης
1003 865 1195 922 ἐρικυδέος
1226 866 1318 906 υἱόν.
1342 868 1495 906 Volunt
1522 877 1575 906 ta-

862 940 954 964 men
994 928 1234 978 Interpretes
1279 933 1436 977 poetam
1484 927 1575 964 alte-

861 996 944 1019 ram
992 986 1257 1021 narrationem
1313 985 1423 1032 sequi
1441 1011 1451 1029 ,
1496 997 1574 1034 qua

862 1054 910 1078 ex
923 1041 1035 1078 Elara
1054 1049 1260 1091 susceptus
1281 1054 1300 1077 a
1317 1040 1477 1078 Tellure
1492 1049 1576 1078 ute-

860 1112 906 1136 ro
926 1098 1001 1135 fuit
1019 1108 1202 1150 gestatus.
1235 1102 1381 1137 Praeter
1405 1098 1577 1148 Apollo-

859 1156 1002 1193 dorum
1040 1156 1159 1207 (143
1190 1159 1207 1194 1
1227 1157 1320 1195 Not.
1350 1171 1390 1208 p.
1423 1154 1503 1206 43)
1532 1170 1570 1194 V.

858 1214 1049 1264 Apollon.
1070 1217 1103 1260 Ι,
1133 1215 1208 1261 761
1232 1227 1316 1264 sqq.
1338 1218 1419 1252 Per
1436 1226 1571 1250 novem

855 1271 999 1322 jugera
1010 1300 1021 1316 ‚
1046 1272 1210 1320 antiquo
1227 1284 1407 1309 sermone
1420 1271 1469 1308 ad
1486 1284 1570 1308 cor-

859 1330 968 1380 poris
989 1329 1089 1365 vasti
1104 1330 1274 1378 speciem
1297 1329 1573 1367 declarandam

859 1386 936 1424 hoc
956 1387 1088 1424 valere
1107 1387 1251 1436 potuit.
1273 1388 1494 1425 Tumulum
1514 1396 1571 1423 ta-

859 1458 953 1482 men
974 1457 1120 1482 novem
1149 1445 1399 1495 plethrorum
1428 1445 1476 1482 ad
1503 1448 1573 1483 Pa-

859 1515 1006 1553 nopeas
1029 1504 1191 1541 Boeotiae
1222 1501 1282 1555 (ci.
1300 1503 1492 1548 Πανεπεῖς
1513 1502 1575 1540 vel

861 1558 879 1597 ὁ
914 1559 1123 1606 naumain
1158 1561 1270 1599 urbis
1301 1575 1449 1600 nomen
1480 1560 1570 1611 est)

861 1627 1124 1657 monstratum
1154 1622 1318 1658 Pausan.
1351 1622 1414 1667 X,
1446 1628 1494 1668 4,
1529 1632 1570 1670 p-

860 1678 942 1716 806
981 1687 1125 1716 narrat.
1165 1701 1224 1707 —-
1261 1679 1356 1728 597.
1398 1679 1570 1716 Adunco

858 1749 939 1788 quo
967 1744 1127 1773 auctore
1151 1738 1195 1774 in
1223 1737 1452 1788 vulgaribus
1479 1735 1569 1774 edd.

858 1795 1081 1846 irrepserit,
1105 1807 1188 1832 non
1220 1804 1330 1832 vacat
1355 1796 1571 1846 inquirere.

858 1854 920 1890 Ex
948 1865 1031 1889 uno
1057 1851 1202 1890 Medic.
1235 1866 1308 1889 suo
1337 1855 1439 1890 Pier.
1469 1852 1571 1889 illud

859 1908 1006 1947 laudat.
1040 1909 1202 1946 obunco
1239 1911 1377 1948 Heius.
1412 1923 1572 1948 revoca-

860 1969 917 2004 vit
940 1980 991 2004 ex
1010 1966 1156 2005 Medic.
1175 1967 1360 2017 aliisque3
1379 1969 1434 2005 sic
1452 1976 1491 2005 et
1506 1968 1573 2004 ha-

860 2024 1009 2062 bebant
1048 2024 1139 2062 edd.
1179 2035 1329 2062 veteres
1352 2054 1362 2072 ,
1414 2025 1573 2064 Aldinae

862 2084 998 2132 utique
1016 2095 1165 2120 omnes.
1197 2085 1253 2121 At
1280 2086 1395 2123 Rom.
1431 2085 1570 2136 fragm.

861 2141 987 2178 Vatic.
1003 2149 1041 2177 et
1060 2140 1125 2178 alii
1138 2169 1148 2187 ,
1167 2141 1335 2180 abunco.
1359 2141 1472 2181 Cous.
1495 2143 1569 2180 inf.

859 2199 919 2235 XI
933 2227 944 2244 ‚
968 2199 1062 2245 755.
1082 2197 1263 2254 Αἰγυπιοὶ
1287 2198 1569 2256 ἀγκυλοχεῖλαι

860 2255 964 2306 apud
981 2257 1141 2295 Hesiod.
1161 2261 1223 2296 Sc.
1243 2261 1294 2297 H.
1325 2260 1407 2304 405
1427 2270 1569 2296 vocem

858 2313 1080 2361 illustrant3
1100 2315 1201 2352 nihil
1219 2317 1400 2367 amplius.
1414 2338 1471 2345 --
1481 2314 1570 2351 Vol-

861 2380 952 2408 tur:
976 2373 1019 2408 in
1044 2374 1220 2411 Homero
1251 2374 1335 2411 duo
1365 2374 1568 2419 vultures,

860 2428 908 2466 ad
934 2437 1123 2467 terrorem
1154 2433 1354 2479 majorem.
1385 2453 1441 2461 -—-
1472 2431 1568 2482 598.

859 2489 978 2524 Jecor
1007 2487 1113 2525 Gud.
1146 2489 1330 2527 Tondens
1357 2489 1457 2527 bene
1488 2497 1570 2526 tue-

861 2551 927 2581 tur
956 2546 1091 2585 Heius.
1119 2547 1197 2586 Sic.
1230 2546 1376 2585 Medic.
1409 2555 1448 2584 et
1479 2547 1565 2592 alii,

861 2615 1075 2653 omnesque
1106 2606 1298 2653 Pieriam,
1337 2607 1454 2642 etiam
1490 2613 1567 2642 tres

863 2659 984 2698 Goth.
1019 2673 1109 2699 cum
1150 2664 1287 2715 stagm.
1330 2665 1459 2701 Vatic.
1485 2663 1565 2700 Alii

863 2717 1033 2757 tundens
1042 2733 1059 2766 ;
1078 2722 1183 2759 etsie
1194 2721 1255 2760 ed.
1268 2720 1389 2760 AJdd.
1403 2723 1565 2772 priores.

1333 2807 1411 2858 13*
