1767 3054
653 195 730 232 AD
761 194 966 233 LIBRUM
998 197 1047 232 V.
1526 200 1606 237 365

99 269 290 309 celebrari
306 270 488 316 solitum,
508 280 663 305 summo
679 267 893 305 haberetur
911 268 1085 313 honore,
1107 268 1331 318 saepiusque
1354 270 1402 306 ab
1424 272 1608 323 Augusto

97 346 199 375 esset
216 336 468 375 exhibitum:
490 335 596 373 conf.
619 337 725 373 Suet.
749 337 854 386 Aug.
878 335 953 381 433
974 336 1095 372 Dion.
1121 336 1313 382 XLVIII,
1339 348 1417 384 20;
1448 341 1574 377 XLIX
1590 369 1601 385 ‚

99 404 151 447 43
164 431 176 452 ‚
194 411 234 441 et
256 403 362 441 viros
382 402 522 441 doctos
542 401 592 440 ad
618 402 684 439 illa
714 402 866 452 aliaque
884 401 985 440 loca.
1007 401 1122 439 Vidit
1140 415 1303 454 quoque
1322 412 1436 441 acute
1454 406 1604 444 Eckhel

95 471 326 509 memoriam
345 471 433 509 talis
450 470 538 508 luch·
554 472 596 508 in
618 484 742 508 numo
759 471 843 509 Caii
863 471 1025 510 Caesaris
1041 472 1212 510 servari:
1231 473 1425 510 Doctrina
1441 486 1603 512 numor.

93 545 171 576 vet.
193 537 272 576 vol.
297 540 377 585 VI,
400 552 441 590 p.
481 551 573 586 ¹70·
607 540 761 575 Ductus
789 539 928 588 utique
956 537 1021 574 ille
1043 537 1091 574 ab
1117 540 1280 589 antiqua
1309 540 1517 579 saltatione
1547 555 1605 579 ax·-

92 614 217 655 mata,
244 605 487 659 pyrrhiche,
512 603 667 660 ὀρχήσει
697 602 867 659 ἐνόπλῳ,
898 607 1010 654 cujus
1040 607 1236 657 originem
1259 621 1308 645 ex
1332 609 1448 647 Creta
1473 619 1607 660 petere

92 674 224 713 solent
246 677 482 728 scriptores;
503 676 576 712 etsi
598 675 665 712 illa
692 675 858 712 omnino
876 676 1018 724 priscae
1035 673 1247 712 hominum
1271 678 1364 714 vitae
1391 679 1435 714 in
1454 678 1606 715 Graecia

94 745 320 782 communis
351 744 471 782 fuisse
488 742 614 780 videri
643 749 787 794 potest.
818 740 939 791 Quod
967 743 1000 778 si
1024 755 1044 778 a
1064 744 1248 790 Trojanis
1271 746 1518 796 temporibus
1537 746 1606 785 de-

91 811 239 850 ductus
254 811 376 850 ludus
395 820 474 859 est,
492 811 632 848 debuit
649 809 829 861 profecto
854 809 902 846 ab
925 809 1042 846 initio
1066 810 1216 847 curulis
1238 825 1334 850 esse.
1353 815 1474 864 Equis
1494 816 1602 853 enim

93 880 207 918 aliter
232 880 300 919 illa
329 888 442 918 aetate
464 880 525 916 uti
555 878 831 924 nesciverunt,
852 886 898 914 ut
916 878 1007 914 satis
1025 890 1075 914 ex
1103 880 1280 916 Homero
1298 879 1437 931 liquet.
1457 882 1609 919 Debuit

96 948 214 984 etiam
237 960 289 985 ex
318 947 404 995 ejus
431 948 622 998 temporis
644 959 756 984 more
779 958 872 983 curn
892 946 1026 997 auriga
1047 946 1226 983 insistere
1256 949 1393 985 currui
1416 945 1606 1002 παραὲοί-

92 1026 180 1061 της,
197 1022 244 1052 ut
262 1026 335 1065 per
356 1021 485 1052 totum
506 1016 727 1052 Homerum
747 1010 835 1050 fleri
863 1012 983 1059 solet3
1014 1011 1122 1050 unde
1140 1012 1218 1051 hoc
1246 1016 1455 1066 aurigandi
1481 1029 1605 1068 genus

90 1078 267 1134 Τρωῖκήν
287 1075 464 1135 διφρείαν
483 1081 696 1133 appellasse
713 1080 915 1132 putandus
930 1080 1163 1131 Xenophon
1183 1081 1333 1132 Cyrop.
1355 1084 1435 1130 VI,
1461 1097 1501 1134 p.
1524 1086 1604 1122 322

93 1149 157 1188 ed.
181 1149 309 1189 Lond.
338 1152 602 1201 Quaecunque
625 1149 783 1187 tandem
810 1163 945 1187 rerum
972 1149 1175 1200 morisque
1203 1150 1438 1189 vicissitudo
1467 1151 1606 1199 fuerit,

93 1216 143 1254 ad
170 1215 314 1255 ludum
343 1227 567 1268 equestrem
591 1218 789 1255 nobilium
819 1230 1040 1268 puerorum
1070 1229 1131 1254 res
1161 1215 1344 1265 deflexit,
1366 1231 1448 1269 quo
1474 1219 1607 1270 primo

92 1284 286 1323 decursus
315 1294 496 1338 equester
523 1286 726 1338 agebatur,
752 1295 838 1323 tum
862 1286 1046 1337 praelium
1066 1295 1248 1337 equestre
1273 1286 1602 1325 adumbrabatur.

92 1356 149 1393 Ut
176 1362 309 1392 autem
331 1362 460 1405 poetae
488 1355 532 1392 in
561 1354 807 1393 inveniendo
832 1353 1047 1392 artificium
1070 1362 1176 1392 recte
1201 1355 1438 1406 assequaris,
1467 1364 1607 1393 tenen-

91 1420 189 1459 dum
206 1430 286 1467 est,
310 1422 527 1474 Virgilium
543 1435 626 1459 rem
646 1424 701 1460 sic
724 1435 909 1470 novasse,
934 1431 971 1459 et
994 1424 1037 1459 in
1055 1421 1214 1459 Ludum
1234 1423 1456 1471 Trojanum
1477 1431 1603 1459 trans-

92 1488 227 1526 tulisse
245 1487 458 1527 decursum
475 1497 720 1527 armatorum
745 1492 849 1528 circa
869 1489 1072 1526 tumulum
1083 1517 1094 1536 ,
1111 1501 1231 1540 quem
1248 1491 1437 1539 antiquus
1454 1488 1605 1526 funeris

95 1556 321 1595 celebrandi
337 1571 423 1596 mos
442 1566 480 1595 et
496 1559 663 1596 Homeri
679 1558 931 1609 exemplum,
949 1557 1095 1608 Odyss.
1115 1570 1160 1603 ω,
1181 1557 1233 1594 68
1253 1570 1338 1607 sqq.
1361 1556 1411 1594 cf.
1431 1556 1544 1594 Iliad.
1563 1553 1604 1606 ψ,

98 1625 146 1663 13
177 1638 263 1676 sqq.
292 1625 533 1676 postulabat.
562 1626 612 1664 cf.
642 1626 713 1664 inf.
748 1628 831 1674 XI,
854 1625 932 1663 188
962 1639 1020 1676 sq.
1051 1626 1145 1663 S'tat.
1166 1627 1225 1662 VI
1248 1624 1375 1663 Theb.
1407 1626 1488 1663 213
1518 1638 1602 1676 sqq.

91 1692 191 1732 adde
210 1705 300 1744 quae
311 1693 526 1746 Vignolius
544 1693 592 1730 ad
612 1695 852 1733 Columnam
869 1694 1070 1731 Antonini
1081 1694 1142 1730 Pii
1154 1692 1373 1744 disputavit
1385 1706 1419 1732 c.
1442 1706 1467 1743 9
1485 1707 1604 1744 super

92 1759 323 1812 anaglypho
352 1760 562 1812 stylobatae
577 1790 589 1809 ,
625 1773 707 1811 quo
741 1760 929 1798 militaris
951 1759 1176 1796 dec-ursatio
1207 1759 1394 1809 equestris
1426 1759 1605 1796 exhibita

92 1837 171 1876 est,
189 1829 301 1877 cujus
322 1837 474 1878 partem
494 1830 541 1866 in
562 1812 670 1866 llzdit.
689 1830 716 1866 J
719 1829 834 1866 ustie.
858 1828 930 1864 lib.
950 1828 1010 1864 111
1033 1826 1188 1864 AEneid.
1214 1827 1441 1864 translatam
1461 1825 1605 1873 video,

94 1896 145 1933 ad
164 1907 284 1946 quam
305 1908 344 1931 v.
362 1895 538 1933 Saxium.
559 1897 682 1932 Hunc
700 1895 833 1944 itaque
863 1906 1022 1930 cursum
1048 1890 1206 1933 ὁπλίτην
1226 1893 1376 1930 sollerti
1402 1894 1534 1931 animo
1554 1894 1603 1931 ad

93 1961 253 2000 Ludum
272 1961 403 2009 Trojae
416 1989 427 2009 ‚
447 1974 601 1998 novum
630 1969 668 1998 et
690 1963 880 1998 intactum
910 1959 960 1995 ab
979 1959 1064 1996 aliis
1085 1961 1213 2009 poetis
1230 1960 1316 1997 ludi
1338 1973 1462 2012 genus
1479 1969 1605 1999 trans-

92 2028 199 2066 tulit.
217 2029 387 2065 Duravit
401 2027 479 2065 hoc
499 2027 681 2065 sollenne
699 2025 830 2064 adhuc
847 2025 1001 2064 saeculis
1018 2027 1092 2072 IV,
1110 2027 1160 2064 V.
1182 2025 1262 2065 vid.
1291 2026 1494 2067 Claudiam.
1518 2028 1577 2065 VI
1590 2055 1600 2073 ‚

93 2095 213 2135 Cous.
236 2095 408 2133 Honorii
429 2094 510 2132 622
533 2107 617 2144 sqq.

1303 2910 1400 2963 31*
