1767 3054
663 171 812 210 LIBER
844 173 934 209 vu.

48 251 285 294 Pei-tentat
308 261 491 300 sensus,
512 254 654 304 atque
678 243 863 289 ossibus
883 243 1077 304 inplicat
1100 244 1279 305 ignem,

1466 180 1544 216 233

1485 261 1544 290 355

51 321 260 366 Necdum
284 319 465 366 animus
489 327 588 362 toto
613 318 827 380 percepit
848 328 1039 380 pectore
1063 318 1299 366 flammam
1321 338 1331 363 :

51 396 259 451 Mollius,
284 405 331 440 et
354 393 492 439 solito
512 405 716 439 matrum
739 393 797 439 de
821 408 976 451 more,
998 394 1154 440 locuta
1173 406 1265 452 est;

52 471 201 515 Multa
225 485 367 531 super
392 479 500 514 nata
523 468 794 525 lacrimans,
818 467 1131 529 Phrygiisque
1154 469 1409 530 hymenaeis
1435 488 1445 514 :

119 566 136 584 α
163 544 479 590 Exsulibusne
503 543 642 588 datur
667 541 880 588 ducenda
902 543 1099 589 Lavinia
1119 545 1339 603 Teucris,

55 619 96 662 Ο
122 617 327 678 genitor,
352 633 438 663 nec
460 630 505 663 te
528 617 716 662 miseret
737 628 977 678 nataeque,
1008 618 1202 678 tuique?
1488 633 1545 662 360

54 695 152 738 Nec
181 693 342 738 matris
366 693 578 749 miseret,
603 707 743 753 quam
765 692 919 754 primo
944 692 1178 754 Aquilone
1199 694 1433 757 relinquet

55 768 286 825 Perfidus,
312 768 404 813 alta
429 779 589 829 petens
613 766 816 813 abducta
842 767 1048 829 virgine,
1070 769 1261 831 praedo?

57 846 116 887 At
137 858 230 887 non
251 843 316 888 sic
341 842 571 903 Phrygius
596 853 810 903 penetrat
833 842 1169 889 Lacedaemona
1192 856 1374 906 pastor,

58 916 368 977 Ledaeamque
391 916 615 962 Helenam
635 917 860 978 Trojanas
880 917 1008 963 vexit
1034 917 1289 980 adburbes?

59 992 186 1049 Quid
214 1004 292 1038 tua
316 1004 475 1039 sancta
499 992 634 1049 fides,
660 993 775 1053 quid
795 1009 908 1038 cura
928 994 1120 1054 antiqua
1140 1003 1354 1050 tuorum,

1490 1007 1549 1037 365

58 1068 115 1112 Et
135 1067 483 1129 consanguineo
506 1067 641 1113 toties
661 1067 769 1113 data
788 1067 982 1113 dextera
1000 1070 1192 1114 Turno?

61 1267 116 1300 ira
138 1272 175 1300 et
192 1263 339 1300 invidia
359 1275 516 1301 accessu
539 1267 581 1302 in
604 1265 774 1303 lamenta

64 1322 189 1358 fertur
223 1323 375 1359 Amata.
406 1324 529 1368 Lues,
566 1331 611 1359 ut
642 1324 771 1369 tabes,

62 1378 218 1422 sanies,
251 1392 325 1429 pro
362 1392 514 1416 veneno
529 1407 540 1426 ‚
574 1379 615 1418 h.
654 1381 681 1418 l.
718 1390 775 1418 est

62 1436 208 1472 halitus
227 1436 292 1473 ille
310 1445 526 1474 venenatus
539 1465 549 1482 ‚
570 1437 675 1473 unde
693 1438 776 1474 lues

64 1493 140 1530 udo
159 1506 342 1539 veneno,
367 1507 448 1544 quo
466 1493 643 1531 afflatum
661 1497 776 1532 Ama-

63 1560 112 1589 tae
123 1559 273 1601 pectus.
287 1554 413 1590 Ornat
422 1552 628 1602 epitheton
641 1553 774 1599 udum,

63 1621 83 1644 a
100 1616 241 1645 natura
257 1610 314 1645 rei
330 1617 518 1654 tractum;
536 1610 637 1647 nihil
653 1611 775 1648 aliud.

65 1664 234 1703 Ovidius
250 1665 372 1703 modo
385 1680 469 1704 non
480 1665 659 1704 dissimili
674 1681 778 1705 scor·

68 1723 178 1773 pium
197 1722 303 1775 nigri
325 1724 530 1761 madidum
548 1725 687 1762 sudore
709 1739 779 1761 ve-

67 1780 162 1816 neni
191 1779 317 1827 dixit,
352 1783 392 1818 11
419 1783 518 1818 Met.
553 1783 657 1831 198,
693 1795 777 1819 non

66 1838 175 1887 quasi
221 1837 412 1875 exsudare
451 1851 543 1875 eum
580 1851 779 1876 venenum

69 1893 303 1940 credideri13
342 1894 410 1930 sed
450 1894 570 1930 sudor
607 1895 776 1938 veneni,

68 1950 236 1996 humor,
257 1960 384 2001 poetae
406 1960 463 1987 est
489 1951 703 2001 elegantior
723 1965 779 1987 ra—

70 2009 126 2044 tio
154 2020 227 2057 pro
264 2020 442 2052 veneno3
491 2007 675 2044 madidus
712 2021 779 2045 au·

70 2074 147 2101 tem
170 2066 334 2101 omnino
351 2064 401 2101 ad
418 2063 683 2114 profluentem
701 2067 780 2101 oris

70 2123 216 2158 saniem
243 2129 414 2171 spectat;
447 2123 622 2158 insinuat
648 2122 714 2160 ille
740 2136 780 2159 se

70 2180 112 2215 in
144 2178 360 2228 praecordia
387 2187 426 2215 et
455 2180 652 2226 animum3
690 2194 781 2230 per·

71 2245 203 2273 tentae
226 2248 384 2279 sensus,
412 2235 542 2283 subit,
575 2246 614 2274 ec
638 2237 783 2274 ossibus

72 2292 252 2343 implicat
269 2293 402 2345 ignem
417 2321 427 2339 ‚
459 2302 654 2344 quatenus
678 2294 783 2332 flam-

72 2363 134 2388 ma
161 2351 511 2397 circumvolvitur3
536 2351 670 2390 eadem
695 2353 782 2390 vul-

73 2410 155 2459 gari
180 2410 357 2446 oratione
379 2408 527 2446 ambire
547 2419 585 2447 et
606 2411 782 2448 involve-

73 2478 116 2503 re
141 2479 225 2503 rem
256 2465 419 2504 dicitur.
442 2489 500 2496 —
532 2468 628 2505 358.
660 2469 784 2518 Super

74 2532 182 2560 natoe
195 2535 247 2560 sc.
264 2523 494 2575 hymenaeis,
510 2525 628 2562 multi
645 2526 780 2565 Heius.

75 2580 208 2618 Bur-m.
225 2581 307 2619 Erf.
327 2590 366 2618 et
383 2582 505 2620 Goth.
521 2583 618 2620 alter
634 2585 751 2621 etiam
770 2596 780 2622 :

78 2645 185 2674 naeoe
217 2637 245 2676 1.
279 2638 480 2691 Turnique
508 2639 548 2679 Ιι.
579 2654 630 2678 ex
657 2642 782 2679 Inter·

75 2693 265 2743 pretibus.
289 2695 395 2735 conf.
418 2698 491 2737 inf.
525 2699 621 2749 398.
647 2698 779 2737 Lacr-i-

78 2748 152 2787 mis
166 2751 329 2791 Mentel.
341 2767 402 2804 pr.

138 2806 232 2858 359.
251 2810 447 2853 Exulibus
464 2812 645 2853 ducenda
663 2814 782 2854 datur

840 1264 904 1301 vel
933 1266 981 1302 E.
999 1264 1235 1302 abducenda
1254 1264 1292 1303 d.
1315 1278 1404 1315 pars
1430 1266 1552 1305 libro-

843 1335 930 1359 rum
950 1324 1048 1386 ξὶετ.
1062 1336 1072 1368 ;
1089 1323 1372 1372 interpolatum
1386 1337 1405 1359 a
1418 1324 1553 1362 Gram-

842 1380 985 1417 matico
999 1407 1009 1426 ,
1031 1381 1101 1430 qui
1120 1381 1286 1429 primam
1316 1381 1360 1417 in
1388 1382 1556 1419 Lavinia

842 1438 988 1487 corripi
1006 1436 1179 1475 nolebat.
1199 1438 1304 1475 conf.
1321 1437 1368 1474 ad
1382 1440 1442 1476 VI
1455 1468 1465 1485 ,
1487 1441 1554 1484 84.

842 1516 899 1523 —-
921 1495 1114 1544 359—37
1125 1495 1162 1532 3.
1195 1496 1332 1533 Oratio
1354 1495 1455 1533 bene
1478 1511 1559 1535 mo—

844 1561 923 1589 rata
942 1560 980 1589 et
999 1553 1239 1602 argumentis
1261 1554 1453 1591 instructa
1470 1569 1561 1606 pro-

844 1609 1043 1647 babilibus
1072 1618 1110 1646 et
1139 1609 1349 1661 gravibus,
1384 1611 1451 1649 sed
1475 1613 1561 1650 bre-

844 1668 945 1704 viter
982 1669 1232 1705 enumeratis.
1274 1668 1376 1706 Cum
1422 1672 1560 1720 primis

844 1738 964 1762 verss.
984 1724 1118 1761 locum
1136 1725 1337 1775 Euripidis
1356 1726 1558 1778 (Supplic.

847 1795 928 1831 219
948 1781 1053 1832 sqq.)
1079 1791 1280 1832 comparat
1299 1783 1437 1821 cerda.
1452 1786 1562 1821 Exu-

846 1838 946 1874 libus
969 1840 1004 1875 T
1002 1838 1126 1875 eucn's
1142 1841 1297 1889 gravius
1321 1853 1438 1889 quam
1457 1843 1560 1879 Teu-

848 1908 937 1940 cro;
960 1903 1004 1930 ut
1022 1908 1110 1945 sup.
1128 1897 1181 1945 98
1202 1896 1376 1933 Externi
1389 1898 1564 1936 veniunt

841 1951 981 2001 generi
1000 1960 1037 1987 et
1064 1952 1148 1989 alia.
1171 1955 1370 2002 Quantam
1390 1955 1470 1991 vim
1489 1955 1560 1993 ha-

846 2009 942 2045 bent
969 2008 1033 2044 illa
1065 2020 1074 2045 :
1111 2022 1183 2045 nec
1213 2010 1351 2046 matris
1375 2010 1557 2057 miseret,

847 2074 885 2101 et
914 2063 1092 2117 Perfidus
1119 2087 1175 2094 -—
1197 2066 1351 2115 praedo.
1375 2089 1434 2098 —-
1462 2071 1559 2109 361.

848 2124 934 2160 ,Nec
962 2123 1099 2159 matris
1123 2123 1278 2160 miserae
1305 2125 1471 2163 malebat
1492 2129 1558 2167 Jo,

847 2179 1087 2220 Schraderus
1120 2183 1163 2218 in
1192 2180 1359 2219 schedis.
1383 2184 1561 2222 Primum

849 2248 926 2275 tres
961 2239 1243 2276 Burmanniani
1257 2267 1267 2285 ,
1310 2248 1349 2276 ct
1387 2242 1470 2280 Erf.
1503 2263 1561 2272 ·—-

852 2297 946 2334 363.
963 2299 1020 2333 At
1037 2309 1118 2333 non
1135 2295 1190 2332 sic
1203 2325 1213 2342 ,
1235 2305 1280 2334 ut
1295 2297 1437 2349 vulgo:
1451 2303 1561 2350 quasi

849 2366 932 2391 non
957 2353 1076 2390 simili
1103 2353 1223 2392 modo
1253 2355 1359 2393 Paris
1389 2364 1464 2395 etc.
1490 2361 1563 2396 Pe-

852 2420 983 2448 netrat
994 2426 1008 2455 ;
1037 2413 1236 2462 praeterita
1252 2425 1313 2450 res
1331 2414 1373 2450 in
1388 2427 1559 2464 praesens

848 2468 992 2506 adduci
1011 2478 1139 2520 potest
1152 2498 1163 2517 ,
1186 2471 1367 2521 inprimis
1386 2484 1406 2507 a
1430 2481 1559 2523 poeta.

850 2528 953 2564 Hinc
976 2527 1149 2580 enallage
1163 2527 1229 2566 illa
1253 2541 1346 2579 pre,
1378 2539 1559 2579 penetra·

848 2585 918 2622 vit.
940 2585 988 2621 In
1007 2598 1046 2623 v.
1070 2586 1166 2633 365,
1189 2586 1270 2624 366
1290 2585 1560 2636 epithetorum

849 2641 980 2680 bonus
991 2650 1048 2681 est
1063 2642 1239 2682 delectus
1255 2644 1394 2682 factus.
1410 2645 1558 2683 Actum

847 2712 929 2738 esse
947 2700 1001 2737 ait
1018 2700 1066 2738 de
1081 2699 1161 2739 fide
1180 2701 1270 2739 data
1286 2703 1447 2750 Turno,
1469 2716 1559 2754 pro-

846 2759 960 2796 missa
979 2759 1015 2796 ei
1033 2761 1206 2798 Lavinia.
1227 2759 1533 2812 Consanguineo
1542 2774 1559 2803 ;

846 2813 954 2854 filius
982 2818 1088 2855 enim
1115 2827 1173 2856 est
1198 2817 1391 2864 Venssiae,
1415 2817 1560 2874 sororis

1342 2897 1363 2914 ἡ

1278 2912 1338 2941 20
