1767 3054
663 120 815 158 LIBER
846 121 938 158 vn.

1475 121 1553 165 243

62 191 235 254 virgea
257 188 523 253 suggeritur
546 188 686 235 costis
707 190 927 237 undantis
952 190 1080 248 aeni,

63 265 404 326 Exsultantque
429 272 545 309 aestu
569 263 750 321 latices3
774 265 887 311 surit
910 263 1034 311 intus
1059 264 1200 326 aquai

62 339 311 396 fumidus,
335 349 477 400 atque
498 338 588 385 alte
613 339 790 401 spumis
815 339 1046 386 exuberat
1066 339 1236 397 amnis;
1497 349 1556 385 465

59 404 160 461 Nee
175 414 272 475 jam
297 430 345 460 se
369 415 495 477 capit
521 414 666 472 unda3
693 415 820 461 volat
838 431 990 478 vapor
1014 427 1114 461 ater
1138 414 1198 460 ad
1223 429 1374 461 auras.

60 491 186 549 Ergo
209 487 300 533 iter
323 487 383 534 ad
403 505 561 551 regem
576 525 588 547 ‚
613 489 793 551 polluta
817 505 952 551 pace,
978 488 1199 535 Latinum

59 561 231 608 Indicit
255 563 418 625 primis
437 564 689 626 juvenum,
717 576 762 611 et
780 564 918 628 jubet
943 580 1073 610 arma
1096 565 1279 627 parari,

60 637 226 684 Tutari
248 638 428 684 Italiam
442 675 453 696 ,
475 639 729 686 detrudere
749 640 919 687 finibus
943 639 1129 687 hostem
1152 657 1162 683 :

63 715 124 758 Se
148 713 257 759 satis
281 713 512 759 ambobus
531 716 821 777 Teucrisque
843 715 1006 761 venire
1030 713 1317 775 Latinisque.
1498 724 1559 763 πο

61 790 175 834 Haec
193 787 279 834 ubi
302 789 428 836 dicta
452 788 605 848 dedit,
629 789 858 852 divosque
880 790 931 836 in
951 799 1064 837 vota
1087 788 1298 846 vocavit,

65 977 200 1018 modo.
227 978 355 1028 Super
373 991 448 1028 pro
462 1007 472 1025 ‚
495 988 675 1029 superest
687 1008 698 1026 ‚
717 993 781 1017 su-

64 1044 175 1086 perat
188 1064 198 1082 ‚
226 1037 405 1072 occurrit
427 1044 465 1073 et
483 1036 579 1074 alibi
606 1036 678 1087 (ut
695 1039 755 1074 111
768 1065 780 1085 ,

68 1093 150 1142 489
166 1092 197 1144 >-

127 1150 391 1196 462—466.
428 1150 591 1188 Fundus
629 1165 782 1201 compa-

68 1209 234 1245 rationis
259 1210 303 1245 in
331 1210 507 1245 Homero
539 1209 586 1246 11.
622 1221 673 1259 φ,
701 1210 779 1246 362

69 1278 204 1315 seqq.‚
239 1266 312 1302 ubi
340 1264 388 1302 de
417 1265 580 1303 Xantho
608 1266 784 1303 Vulcani

69 1322 237 1359 flammis
255 1322 458 1359 submissis
473 1323 686 1360 ebulliente
707 1325 784 1374 agi-

69 1386 159 1424 tur;
190 1378 240 1422 ὡς
259 1374 303 1415 δὲ
329 1374 444 1422 >sem
470 1377 525 1423 ζεῖ
553 1375 659 1416 ἔνδον
684 1378 785 1417 ἐπει-

71 1433 233 1529 ἕόμενος
255 1432 348 1489 πυρὶ
367 1438 500 1488 πολλῷ
516 1464 526 1482 ,
548 1433 679 1488 κνίσσῃ
695 1441 786 1489 μελ-

101 1491 233 1546 όμενσς
279 1491 572 1545 ἁπαλοτρεφέος
613 1492 782 1542 σιάλοιο,

69 1550 257 1589 πάντοθεν
283 1546 515 1604 ἀμῧολοίδην
530 1579 541 1597 ,
563 1549 637 1589 ὑπὸ
658 1547 702 1589 δὲ
729 1549 787 1598 ξύ-

847 980 896 1017 lis
912 988 970 1017 est
985 980 1112 1018 Servii
1125 987 1220 1017 nota
1233 991 1243 1017 ε
1255 995 1275 1010 «
1293 977 1430 1028 aquai:
1445 977 1562 1014 Hanc

848 1036 1046 1073 diaeresim
1075 1039 1204 1073 Tucca
1231 1044 1272 1072 ec
1298 1037 1337 1071 V
1334 1034 1442 1071 arius
1447 1032 1563 1085 sece-

849 1103 941 1131 runt
952 1112 968 1141 ;
990 1107 1085 1130 nam
1109 1092 1299 1144 Virgilius
1319 1091 1376 1128 sic
1395 1090 1564 1141 relique-

848 1161 915 1188 rat
936 1150 1068 1201 :fitric
1096 1150 1200 1187 intus
1227 1162 1339 1200 aquae
1373 1150 1456 1194 vis,
1486 1149 1562 1184 Fu-

851 1208 980 1245 midus
996 1217 1184 1258 atque—
1196 1206 1329 1244 amnis
1341 1221 1357 1251 ;
1379 1204 1490 1256 quod
1505 1217 1569 1240 sa-

852 1266 901 1303 tis
919 1278 1102 1315 asperum
1121 1265 1220 1315 filie.
1242 1281 1262 1296 n
1285 1265 1311 1302 J
1315 1263 1449 1300 udicio
1476 1262 1567 1312 qui·

852 1322 941 1360 dem
959 1323 1112 1370 adjecto
1125 1324 1195 1357 vix
1206 1320 1452 1365 subscribas3
1470 1318 1569 1357 mul—

851 1389 894 1417 to
912 1381 1018 1416 enim
1037 1378 1197 1416 mollior
1216 1377 1335 1413 altera
1350 1376 1436 1414 haec
1452 1375 1567 1412 ratio.

852 1438 940 1475 Nisi
961 1437 1063 1474 forte
1087 1436 1272 1474 Serviana
1291 1434 1404 1471 aliter
1430 1446 1470 1470 se
1501 1431 1570 1469 ha-

853 1492 1003 1531 bebant
1018 1521 1029 1540 ,
1061 1501 1107 1530 ut
1125 1506 1176 1530 ex
1196 1491 1323 1543 glossa
1342 1491 1465 1542 primi
1481 1491 1572 1527 Mo-

854 1559 926 1589 ret.
956 1551 1166 1601 suspiceris
1193 1561 1203 1587 ε
1225 1566 1246 1581 α
1272 1551 1401 1600 Aquae
1423 1549 1483 1585 vis
1503 1560 1571 1597 op-

71 1611 124 1647 λα.
138 1606 327 1663 κάγκανα.
347 1608 487 1646 κεῖται.
508 1608 584 1647 Sed
611 1611 787 1660 primum
847 1608 987 1659 posuit
1006 1611 1160 1652 Tucca,
1188 1606 1286 1658 quia
1311 1606 1432 1643 nimis
1458 1617 1571 1654 aspe-

71 1675 216 1704 0rnatu
250 1666 469 1703 verborum
503 1675 663 1716 superat
695 1669 788 1704 Vir-

71 1723 214 1774 gilius,
247 1733 293 1760 ut
323 1723 437 1761 facile
459 1724 717 1774 exspectabas
736 1724 787 1761 ab

71 1781 268 1818 imitatore
305 1782 486 1818 Marone.
521 1781 573 1819 cf.
604 1782 787 1819 Macrob.

74 1838 231 1876 saturn.
251 1839 314 1882 V,
346 1850 362 1874 1
376 1850 392 1873 1
413 1865 424 1883 ,
454 1845 540 1873 tum
556 1850 653 1874 vero
672 1840 791 1874 etiam

78 1893 187 1930 aliud
206 1901 480 1943 comparatum
499 1893 620 1943 idque
640 1894 792 1944 elegan-

77 1951 177 1996 tius,
200 1952 383 1986 suaviore
406 1957 445 1986 et
468 1950 646 1988 doctiore
669 1959 791 1987 meta-

79 2007 229 2058 phora,
264 2006 492 2054 substituit,
524 2008 698 2044 animum
737 2009 794 2044 ira

81 2072 324 2102 aestuantem.
342 2065 480 2101 costas
496 2064 584 2101 011ae
601 2064 697 2115 (sed
713 2078 795 2115 gra-

82 2123 172 2159 vius
221 2122 445 2159 nominavit
477 2121 656 2173 aenum)
693 2121 797 2159 dixit

82 2188 126 2216 ut
163 2177 335 2234 γάστρην
373 2174 557 2232 τρίποδος
600 2181 796 2217 Homerus

83 2235 227 2288 Odyss.
257 2238 296 2283 θ,
333 2239 441 2285 437ς
477 2245 515 2274 et
543 2249 592 2273 ex
623 2245 796 2286 utroque

82 2293 172 2332 loco
189 2296 366 2345 Quintus
386 2295 466 2333 eal.
496 2293 632 2332 Cerdae
660 2294 796 2331 lauda-

85 2359 148 2389 tus
176 2352 228 2403 (l.
247 2354 311 2398 V,
343 2352 421 2390 381
456 2366 563 2403 seqq.
593 2351 641 2389 de
667 2353 798 2400 Ajacis

84 2409 142 2446 ira
170 2408 199 2460 ).
234 2412 383 2449 Ornate
423 2411 571 2461 reliqua
609 2422 797 2460 quoque:

85 2466 276 2506 Fumidus
305 2468 439 2505 amnis
472 2474 613 2518 aquae,
650 2480 797 2517 vapor,

75 2523 182 2575 fitrie
213 2525 340 2573 intus,
374 2535 498 2577 atque
536 2525 618 2562 ulte
655 2524 802 2574 spumis

88 2582 305 2629 exuberat,
343 2592 514 2634 spumat.
543 2604 599 2612 ·—-
629 2583 725 2628 464.
744 2585 802 2619 A-

88 2639 188 2689 quai
201 2643 334 2680 Heius.
353 2643 519 2678 retraxit
532 2669 543 2686 ‚
559 2654 650 2679 nam
667 2640 799 2691 vulgg.

89 2708 207 2746 aquoe
238 2698 328 2745 vis,
360 2699 472 2749 quod
502 2707 541 2736 et
572 2697 801 2749 Cuningha·

87 2754 191 2792 mins
205 2755 345 2794 maluit
360 2758 543 2795 retinere.
556 2755 801 2799 Memorabi-

854 1679 896 1703 re
911 1665 1041 1703 sonuit
1060 1678 1172 1716 aquae
1191 1665 1317 1701 amnis
1331 1692 1341 1710 ,
1362 1662 1473 1714 quod
1489 1664 1528 1697 V
1526 1661 1573 1698 ir-

851 1723 974 1774 gilius
1001 1723 1116 1773 prius
1147 1721 1203 1758 ibi
1224 1721 1372 1771 posuit.
1402 1739 1421 1753 »ι
1457 1719 1574 1757 Certe

855 1780 946 1827 illa,
987 1780 1115 1830 aquai
1150 1779 1307 1823 amnis,
1344 1779 1437 1814 satis
1473 1776 1572 1812 dure

857 1835 963 1872 dicta
999 1837 1211 1880 videntur3
1256 1835 1329 1870 etsi
1369 1834 1425 1870 sic
1469 1830 1573 1869 rivus

858 1905 976 1942 nquae
1009 1892 1095 1930 Ecl.
1135 1893 1258 1937 VIII,
1303 1891 1379 1937 873
1408 1899 1576 1939 propter

859 1962 979 1999 aquae
997 1948 1119 1985 rivum
1133 1962 1151 1993 ;
1180 1947 1290 1998 quod
1316 1948 1434 1983 etjam
1455 1948 1573 1983 Pom-

860 2007 1006 2056 ponius
1027 2019 1078 2042 ex
1096 2005 1276 2056 pleniore
1304 2004 1441 2042 Servio
1465 2015 1575 2040 com-

860 2071 984 2114 parat.
1016 2062 1091 2100 Sed
1109 2061 1334 2099 defenditur
1352 2060 1438 2097 haec
1456 2060 1576 2097 lectio

862 2119 989 2170 aquai
1029 2129 1129 2158 noto
1165 2119 1287 2157 Probi
1313 2117 1385 2156 lib.
1433 2119 1453 2154 I
1485 2118 1575 2154 Art.

864 2178 1080 2215 Grammat.
1119 2177 1232 2223 loco,
1279 2175 1354 2212 ubi
1402 2182 1577 2224 quatuor

863 2243 1018 2272 tantum
1047 2235 1145 2272 locis
1177 2235 1349 2284 priscam
1379 2232 1488 2269 illam
1518 2244 1576 2269 se-

864 2291 985 2330 cundi
1011 2305 1120 2329 casus
1144 2292 1313 2328 formam
1336 2303 1358 2327 a
1374 2298 1490 2340 poeta
1513 2301 1578 2340 ag-

863 2351 976 2387 nosci
996 2349 1126 2387 docet.

927 2408 1167 2456 467—474.
1193 2405 1354 2444 Polluta
1368 2417 1475 2456 pace
1493 2403 1582 2440 vio-

865 2465 942 2502 lata
969 2467 1049 2514 jam
1085 2478 1105 2502 a
1135 2465 1299 2510 Latino,
1338 2470 1471 2512 erepta
1504 2460 1582 2498 sibi

870 2525 1038 2574 conjuge
1055 2531 1221 2574 sperata.
1243 2520 1390 2558 Venire
1416 2527 1474 2556 est
1497 2529 1582 2569 gra-

868 2582 982 2627 xius,
1001 2593 1123 2632 quam
1156 2592 1238 2618 esse
1260 2591 1270 2617 ε
1300 2587 1348 2616 ut
1375 2576 1472 2615 alibi
1500 2586 1582 2612 mo—

869 2639 1012 2677 nitum.
1050 2660 1109 2668 —-
1147 2645 1244 2686 471·
1279 2635 1401 2673 Divos
1435 2634 1475 2670 in
1509 2644 1584 2669 vo-

869 2704 913 2732 ta
932 2696 1117 2743 vocavit,
1150 2695 1354 2734 invocavit
1379 2691 1509 2729 votis:
1527 2688 1578 2725 cf.

869 2753 919 2792 ad
949 2753 1099 2793 librum
1128 2756 1192 2803 V,
1222 2753 1306 2797 234
1328 2749 1580 2805 fitde'ssetque
