1767 3054
121 87 201 123 204

754 84 997 123 AENEIDOS

120 157 276 209 Quam
302 164 436 215 pater
461 155 721 211 inventam,
747 155 921 217 primas
943 172 1090 217 quum
1115 156 1339 204 conderet
1364 173 1516 217 arces,

118 230 225 289 Ipse
248 228 488 275 serebatur
510 229 688 276 Phoebo
710 246 916 277 sacrasse
936 233 1153 290 Latinus,

120 304 464 366 Laurentisque
486 305 544 351 ab
571 323 626 352 ca
649 322 821 352 nomen
841 307 1053 368 posuisse
1073 309 1265 356 colonis.

121 379 276 442 Hujus
303 397 412 443 apes
439 398 672 428 summum
695 381 850 427 dcnsae
865 416 877 437 ‚
899 381 1115 429 mirabile
1136 384 1289 430 dictu!

123 454 338 501 Stridore
363 457 563 519 ingenti,
591 455 824 518 liquidum
846 468 973 503 trans
994 458 1171 505 aethera
1194 472 1363 519 vectae,
1583 470 1621 501 65

121 529 365 579 Obsedere
393 535 597 596 apice1n3
622 543 689 591 et,
710 532 914 596 pedibus
938 549 1024 595 per
1048 547 1212 582 mutua
1235 539 1390 595 nexis,

121 610 331 654 Examen
355 610 565 656 subitum
585 626 720 655 ramo
742 609 991 656 frondente
1015 611 1256 674 pependit.

122 686 358 731 Continuo
381 698 510 732 vates
536 705 545 732 :
569 708 587 729 «
614 689 875 732 Externum
900 687 1158 745 cernimus,
1182 688 1360 750 inquit,

119 760 390 807 Adventare
415 762 595 819 virum,
622 775 667 809 et
687 762 835 825 partis
859 773 1021 824 petere
1047 778 1214 824 agmen
1238 762 1424 820 easdem

120 835 336 882 Partibus
360 853 413 882 ex
437 837 607 894 isdem,
634 847 680 882 et
704 853 886 882 summa
913 836 1201 883 dominarier
1225 853 1346 884 arce.
1374 858 1393 877 »
1581 859 1619 889 70

120 912 376 968 Praetcrea,
403 912 541 957 castis
563 911 721 957 adolet
742 912 854 958 dum
875 912 1041 957 altaria
1060 911 1216 966 taedis,

117 988 183 1031 Ut
202 987 338 1048 juxta
363 987 626 1049 genitorem
651 986 802 1033 adstat
826 988 1023 1033 Lavinia
1046 988 1205 1049 virgo,

116 1062 254 1119 Visa,
282 1064 432 1108 nefas!
459 1063 609 1123 longis
636 1063 963 1124 conprendere
988 1062 1200 1109 crinibus
1224 1065 1402 1126 ignem,

178 1236 246 1272 63.
278 1238 573 1287 Laurentesque
605 1237 712 1276 Gud.
743 1251 762 1274 a
782 1251 835 1276 m.

117 1306 192 1331 sec.
226 1307 317 1330 cum
344 1296 454 1341 aliis,
488 1295 552 1331 sed
576 1305 766 1343 recentt.;
799 1305 837 1333 et

119 1353 174 1389 sic
211 1354 434 1390 Arusianus
475 1355 657 1391 Messius
697 1357 836 1405 Neque

118 1423 212 1447 vero
235 1410 347 1448 aliter
365 1424 483 1461 quam
503 1420 644 1462 quarto
662 1426 754 1449 casu
771 1426 834 1449 ac-

118 1468 346 1518 cipiendum
383 1470 605 1508 Laurentis.
634 1492 693 1498 —
727 1473 832 1507 Lau-

116 1537 249 1563 rentes
265 1527 361 1563 dicti
383 1527 622 1579 Aborigines
635 1556 645 1573 ,
666 1529 734 1579 qui
749 1527 833 1565 haec

115 1583 204 1621 loca
221 1584 268 1621 ad
287 1586 516 1622 orientalem
534 1585 688 1624 Tiberis
707 1588 832 1636 ripam

116 1642 346 1680 incolebant
359 1672 368 1690 ,
407 1657 497 1694 rege
538 1646 693 1682 Latino.
733 1645 832 1682 Inde

116 1702 376 1747 Laurentum,
393 1704 521 1740 Latini
535 1704 661 1754 regia;
679 1712 718 1740 et
734 1716 835 1754 ager

117 1771 241 1809 usque
261 1760 311 1797 ad
331 1773 437 1797 mare
457 1774 499 1797 ac
520 1762 696 1799 Tiberim
727 1763 832 1798 Lau-

117 1829 208 1853 rens
242 1819 305 1855 vel
340 1819 632 1867 Laut-eminus,
667 1820 775 1857 silvis
797 1827 835 1857 et

114 1874 330 1925 paludibus
358 1877 554 1928 frequens.
583 1878 834 1916 Translatum

113 1933 317 1972 interdum
344 1949 493 1973 nomen
525 1937 574 1973 ad
602 1945 730 1974 totum
762 1938 833 1974 La-

114 1992 218 2029 tium
240 2006 259 2030 a
278 2003 393 2044 poeta
411 2006 421 2032 ε
441 2003 488 2031 ut
514 1996 635 2033 modo
663 1996 705 2032 in
733 1996 834 2032 Lau-

118 2059 228 2088 rente
260 2051 438 2103 nympha
469 2052 656 2091 vidimus.
675 2053 835 2090 Primas

119 2122 231 2145 arces
253 2111 277 2147 6
290 2124 302 2146 1
323 2140 333 2157 ,
353 2124 480 2161 quum
499 2114 674 2162 primum
693 2112 836 2149 urbem

117 2166 318 2206 conderet.
333 2169 559 2207 Secundum
567 2178 725 2221 poetam
734 2169 833 2207 adeo

115 2227 279 2264 Latinus
297 2227 440 2265 urbem
459 2230 672 2266 Laurentes
700 2228 837 2266 condi-

117 2282 175 2319 dit
203 2294 240 2322 et
263 2299 411 2323 nomen
428 2287 625 2336 ‘imposuit
644 2301 665 2324 a
685 2287 799 2325 lauro
823 2299 833 2326 ε

116 2340 229 2378 facile
253 2344 350 2380 adeo
377 2345 636 2395 intelligitur,
663 2345 828 2390 Picum,

116 2400 187 2448 qui
204 2409 293 2437 ante
310 2403 495 2438 Latinum
510 2404 635 2450 vixit,
662 2405 835 2440 Lauren-

117 2465 195 2492 tem
215 2470 253 2494 V.
275 2471 289 2494 1
302 2472 319 2505 7
334 2472 348 2494 1
374 2461 562 2509 appellari
577 2463 739 2512 poetico
757 2464 834 2512 epi-

115 2513 225 2551 theto
238 2543 248 2559 ,
299 2529 382 2552 non
425 2520 587 2555 nomine
626 2519 831 2558 historico.

117 2572 238 2622 Quod
258 2572 414 2610 laurum
435 2574 588 2613 Phoebo
606 2586 810 2614 consecrat
823 2605 834 2623 ,

116 2631 319 2681 ingeniose
336 2640 452 2681 poeta
470 2632 625 2679 adjicit,
654 2644 835 2685 respectu

118 2688 166 2723 ad
182 2702 347 2726 suorum
366 2698 589 2739 temporum
602 2692 834 2743 religionem

120 2745 270 2785 habito.
302 2770 359 2776 -—
392 2748 575 2794 64-ῖο.
605 2751 712 2799 Apes
739 2764 835 2788 vec-

906 1247 956 1274 tae
968 1266 979 1282 ,
1007 1236 1056 1274 ab
1073 1237 1256 1275 orientali
1274 1247 1384 1289 parte
1397 1266 1408 1284 ,
1433 1247 1477 1275 ut
1496 1252 1546 1279 ex
1562 1252 1616 1275 vs.

908 1308 959 1343 70
983 1295 1220 1347 intelligitur
1233 1324 1243 1342 ,
1263 1297 1503 1335 advolantes.
1522 1299 1621 1335 Exa-

903 1367 993 1390 men
1013 1367 1133 1404 apum
1147 1383 1158 1401 ,
1181 1355 1338 1392 laurum
1356 1350 1542 1408 βοτρυδὸν
1561 1355 1620 1392 in-

902 1412 1034 1448 sidens
1048 1441 1058 1458 ‚
1080 1410 1264 1462 praeclare
1287 1415 1445 1451 ornavit
1467 1426 1618 1450 versus.

903 1470 953 1507 cf.
977 1471 1121 1522 Georg.
1143 1473 1225 1518 IV,
1258 1472 1366 1519 656,
1388 1472 1467 1519 657
1483 1499 1493 1518 ,
1516 1471 1613 1508 658.

900 1530 969 1564 Est
996 1537 1128 1566 autem
1143 1529 1245 1566 illud
1274 1531 1380 1567 inter
1406 1529 1491 1567 dira
1520 1530 1618 1567 omi-

899 1598 973 1631 na;
1004 1586 1095 1624 vide
1122 1587 1185 1624 vel
1209 1587 1310 1626 Plin.
1337 1590 1419 1634 IX,
1444 1601 1490 1635 17
1509 1617 1519 1634 ‚
1551 1587 1614 1624 18.

900 1643 988 1680 Alia
1017 1645 1104 1682 loca
1129 1659 1168 1684 v.
1198 1645 1304 1696 apud
1333 1646 1524 1691 Cerdam,
1557 1657 1616 1682 su-

899 1704 1154 1752 perstitione,
1179 1712 1226 1740 ut
1243 1702 1451 1755 probabile
1471 1702 1538 1750 fit,
1563 1702 1617 1740 ab

899 1762 1084 1799 incursus
1103 1775 1254 1813 magnae
1273 1760 1542 1799 multitudinis
1559 1763 1619 1798 in-

900 1821 1099 1869 gruentis,
1119 1821 1309 1870 opinione
1339 1819 1527 1871 profecta.
1559 1840 1619 1848 —-

903 1878 971 1915 66.
1007 1879 1230 1916 Consedere
1264 1891 1338 1916 sec.
1372 1880 1520 1916 Moret.
1542 1878 1620 1915 Sub

902 1945 1040 1973 mutua
1056 1939 1106 1975 D.
1127 1938 1265 1975 Heius.
1284 1936 1346 1975 ed.
1359 1958 1417 1965 —-
1437 1950 1503 1985 70.
1522 1939 1619 1974 Par-

902 1995 1002 2032 tibus
1025 2009 1078 2033 επ·
1099 1994 1264 2041 iisdem,
1290 2009 1310 2033 a
1333 1997 1432 2033 mari
1453 1993 1595 2033 infero.

963 2067 981 2101 7
994 2055 1147 2092 1—80.
1167 2054 1400 2106 Prodigium
1415 2054 1493 2092 hoc
1511 2053 1619 2090 flam-

901 2125 976 2149 mae
1012 2112 1197 2163 frequens
1234 2126 1243 2151 :
1280 2125 1399 2163 supra
1445 2111 1616 2149 vidimus

902 2170 929 2209 l.
958 2173 1023 2218 ΙΙ,
1059 2172 1142 2208 680
1174 2184 1232 2222 sq.
1262 2170 1354 2209 Alia
1385 2170 1490 2222 apud
1524 2170 1616 2208 Cer-

903 2229 1006 2267 dam.
1037 2230 1174 2282 Cogita
1193 2243 1289 2267 vero
1309 2242 1464 2267 sacrum
1492 2226 1616 2264 facere

903 2289 1086 2326 Latinum
1103 2282 1396 2329 adstante‘filia.
1420 2283 1549 2336 Nefas
1568 2284 1616 2322 de

902 2345 1086 2398 prodigio
1111 2347 1151 2385 h.
1176 2346 1204 2384 l.
1225 2359 1287 2383 res
1306 2345 1389 2382 djra
1407 2351 1446 2381 et
1467 2342 1617 2380 abomi-

899 2404 1031 2441 nanda
1044 2433 1054 2450 ‚
1076 2418 1166 2455 quae
1181 2412 1324 2454 praeter
1341 2409 1523 2439 naturam
1544 2401 1615 2447 fit3

901 2471 1039 2500 contra
1064 2461 1140 2514 sas
1173 2461 1222 2498 de
1253 2468 1405 2497 naturae
1434 2471 1544 2496 more
1578 2468 1618 2496 et

902 2521 1133 2557 constantia.
1185 2516 1471 2567 Comprendere
1507 2517 1547 2555 h.
1586 2517 1614 2555 l.

902 2578 1133 2627 concipere,
1178 2576 1350 2625 arripere
1394 2574 1614 2622 flammam,

902 2635 1014 2685 quasi
1045 2647 1095 2671 ex
1128 2632 1218 2670 foco
1250 2632 1299 2669 ad
1325 2635 1506 2683 proxima
1534 2647 1615 2670 ma-

903 2701 1077 2729 nantem.
1099 2691 1265 2742 Vulgari
1297 2692 1474 2729 oratione
1512 2691 1617 2744 ignis

904 2747 1203 2800 comprehendit
1224 2748 1371 2787 crinem
1384 2764 1399 2794 ;
1424 2763 1533 2787 nunc
1549 2752 1619 2787 La-
