1767 3054
699 76 855 113 LIBER
886 76 1001 112 VIII.

1524 72 1612 130 297⁴

103 155 161 198 Et
189 151 353 214 longos
377 157 602 211 superant
626 145 802 202 flexuS,
826 145 1066 206 variisque
1095 156 1316 208 teguntur
1566 164 1606 203 95

102 225 397 282 Arboribus,
422 220 684 284 viridisque
709 231 869 267 secant
893 221 1082 283 placido
1105 238 1297 284 aequore
1319 222 1471 271 silvas.

103 303 187 351 Sol
210 300 416 347 medium
441 298 545 344 coeli
569 297 909 345 conscenderat
933 297 1098 360 igneus
1121 297 1287 344 orbem
1305 334 1319 357 ,

102 378 262 434 Quum
285 389 445 420 muros
469 383 721 436 arcemque
744 373 938 437 procul,
961 390 1015 419 ac
1040 390 1148 420 rara
1169 375 1422 421 domorum

99 453 243 496 Tecta
265 448 452 507 vident,
477 466 584 512 quae
609 467 734 497 nunc
756 454 969 496 Romana
993 450 1204 514 potentia
1225 451 1344 497 coelo

98 524 345 586 AEquavit3
372 536 473 571 tum
497 543 570 573 res
596 527 762 588 inopes
784 527 1032 573 Evandrus
1052 525 1275 572 habebat.
1546 547 1603 565 100

100 600 246 647 Ocius
270 599 525 647 advertunt
552 617 720 664 proras
735 637 748 660 ,
771 601 978 664 urbique
1002 602 1342 664 propinquant.

163 678 306 722 Forte
325 675 452 722 diem
476 677 734 724 sollennem
758 677 840 724 illo
864 694 951 724 rex
971 681 1118 724 Arcas
1143 675 1376 722 honorem

81 876 210 928 -epica
236 875 413 915 audacia.
436 877 587 914 Coelum
612 876 811 922 clamore,

99 934 216 971 silvas
243 943 401 971 ‘venatu
431 935 542 986 (lx,
573 933 714 983 605),
753 935 815 971 ni·

99 1004 187 1030 vem
208 1004 343 1037 cursu,
368 1005 528 1028 amnem
553 991 692 1034 remis,
709 992 815 1042 fati-

95 1062 197 1100 gare
211 1077 222 1095 ,
251 1051 395 1098 passim
414 1051 456 1086 in
478 1051 607 1100 poetis
626 1050 815 1086 occurrit.

99 1108 168 1144 Est
193 1106 364 1152 scilicet,
391 1107 501 1156 quod
525 1108 616 1143 satis
639 1115 816 1151 constat,

99 1164 260 1214 proprie
265 1162 395 1213 satim
413 1177 557 1215 agere,
578 1163 692 1200 valde
705 1191 716 1208 ,
737 1176 818 1200 cre-

100 1221 200 1266 bro,
236 1233 420 1266 movere,
457 1229 640 1265 tractare,
672 1222 818 1270 agitare

99 1291 183 1314 rem
197 1306 208 1323 ‚
241 1276 417 1327 adeoque
448 1280 613 1314 omnino
632 1280 675 1314 iu
694 1290 735 1313 re
755 1278 820 1314 ali-

102 1347 180 1384 qua
200 1336 368 1380 versari,
392 1335 457 1371 vel
486 1348 570 1371 eam
600 1335 820 1384 frequenta-

102 1405 157 1430 re.
179 1391 283 1428 cous.
311 1405 399 1441 sup.
421 1391 470 1428 ad
493 1395 582 1429 AEn.
602 1394 644 1437 Ι,
680 1392 760 1428 230
779 1399 819 1428 et

99 1448 151 1486 ad
173 1451 274 1495 VII,
301 1449 397 1487 582.
427 1449 551 1487 Simili
579 1448 699 1486 modo
718 1462 818 1498 qua-

99 1515 183 1544 tere
191 1535 205 1552 ,
236 1519 389 1543 movere
401 1534 412 1552 ,
435 1506 642 1555 impellere
670 1505 813 1549 silvas,

33 1585 43 1588 -
99 1577 288 1602 exercere
311 1563 417 1614 apud
440 1564 582 1602 Silium
601 1566 689 1608 XV,
718 1564 813 1612 769.

99 1624 225 1660 Porro
263 1631 391 1673 poetae
422 1623 592 1672 tempori
629 1620 817 1658 tribuunt

95 1687 288 1730 tanquam
315 1688 448 1717 actum
470 1679 520 1717 ab
540 1692 587 1716 eo
607 1678 649 1715 id
664 1707 674 1725 ‚
706 1677 816 1728 quod

96 1737 142 1774 in
163 1745 342 1788 tempore
364 1736 436 1774 fit:
458 1738 521 1775 Sic
545 1746 699 1773 noctem
716 1748 814 1786 pro-

98 1793 205 1840 duci,
224 1794 329 1832 diem
329 1793 489 1846 frangi,
505 1793 685 1844 adeoque
697 1788 816 1830 eti'am

101 1858 147 1888 ut
172 1850 216 1890 h.
254 1852 308 1897 l.‚
331 1850 514 1902 fatigari
544 1851 717 1888 dicunt:
751 1853 817 1895 X,

102 1909 182 1956 807
224 1908 330 1945 diem
359 1921 558 1946 estercere.
587 1907 818 1956 Propertius

100 1967 184 2012 lv,
215 1965 324 2017 Eleg.
359 1978 404 2002 11
426 1993 437 2011 ‚
468 1978 515 2012 77
551 1967 626 2001 Sat
653 1963 726 2000 cibi
741 1962 822 1999 sinc

101 2033 260 2067 noctes,
299 2036 400 2073 quas
431 2022 481 2058 de
517 2035 604 2066 me,
648 2020 817 2064 Paulle,

88 2080 251 2133 fatigas
268 2094 282 2117 .·
309 2092 399 2130 quae
426 2079 552 2116 forma
583 2077 740 2114 tandem
772 2089 820 2113 eo

102 2138 227 2186 redit,
249 2147 295 2175 ut
306 2136 493 2190 fatigare
520 2138 594 2181 sit,
617 2147 819 2171 consume-

101 2210 168 2243 re,
203 2194 379 2247 exigere.
403 2215 461 2223 —-
480 2195 549 2244 96.
581 2192 750 2230 Placido
769 2205 819 2228 ae-

101 2268 248 2305 quote,
279 2253 390 2290 alveo
422 2252 559 2298 fluvii,
582 2259 723 2287 secant
750 2248 817 2285 sil-

102 2325 196 2359 vas,
227 2312 414 2362 navigant
445 2311 548 2346 inter
577 2311 681 2359 ripas
709 2307 820 2344 silvis

103 2371 274 2408 consitas
308 2380 318 2408 :
362 2368 511 2418 quibus
549 2369 676 2417 prima
709 2372 820 2402 aetate

31 2460 39 2464 .
103 2429 268 2465 consitae
294 2434 406 2464 erant
434 2427 529 2476 ripae
562 2425 730 2462 extremi
757 2423 820 2460 Ti-

101 2485 209 2523 beris
221 2498 232 2524 :
246 2485 355 2522 unde
367 2493 570 2534 supererat
582 2482 821 2522 Laurentina

103 2541 215 2582 silva.
234 2544 363 2582 Nimis
383 2551 498 2580 acute
520 2545 630 2581 Serv.
661 2549 699 2577 et
728 2538 792 2576 alii
810 2550 821 2576 ε

104 2609 240 2639 secant
267 2602 457 2653 imagines
479 2612 690 2638 nemorum
704 2626 714 2643 ,
733 2610 823 2647 quae

104 2658 149 2695 in
166 2658 367 2709 pellucida
388 2658 505 2697 fluvii
523 2656 735 2710 superficie
755 2668 822 2705 ap-

107 2716 310 2763 parebant.
328 2739 386 2747 -—
406 2731 475 2768 97.
497 2705 600 2771 ἦμες
631 2711 669 2754 δ’
691 2706 824 2757 Ηέλιος

883 876 997 931 μέσον
1017 874 1175 931 οὐρανὸν
1201 872 1469 931 ἀμφιὲεβτζκει
1492 878 1539 915 Il.
1559 877 1576 913 6
1593 905 1602 923 ,

885 937 937 973 68
961 944 1000 973 et
1023 935 1073 974 al.

942 995 1011 1043 98.
1046 996 1172 1030 Arces
1205 990 1418 1043 Oblongus
1443 998 1483 1028 et
1515 993 1605 1040 qui-

885 1051 976 1087 dam
995 1050 1060 1088 alii
1077 1052 1180 1088 Pier.
1194 1078 1204 1096 ‚
1229 1049 1338 1100 quod
1356 1049 1508 1098 recepit
1535 1049 1606 1086 Ca-

883 1118 1036 1155 troeus,
1076 1117 1122 1145 ut
1155 1110 1235 1145 sint
1267 1116 1417 1157 septem
1455 1105 1605 1151 colles,

884 1166 1032 1216 quibus
1059 1174 1195 1214 postea
1222 1168 1349 1201 Roma
1381 1163 1458 1199 fuit
1480 1163 1608 1213 impo-

885 1225 971 1261 sita.
991 1221 1068 1261 Sed
1091 1235 1170 1258 arx
1193 1221 1323 1271 simpl.
1344 1232 1420 1270 pro
1443 1220 1545 1257 urbe
1564 1221 1607 1256 iu

886 1281 986 1318 colle
1017 1279 1194 1317 Palatino
1224 1280 1377 1328 posita3
1404 1277 1512 1315 conf.
1534 1277 1605 1313 inf.

889 1339 995 1384 3133
1026 1336 1075 1374 ad
1109 1345 1283 1372 ieterem
1322 1347 1499 1380 morem,
1526 1347 1606 1383 quo

887 1394 1108 1446 acropolis,
1136 1394 1180 1428 in
1208 1392 1309 1428 colle
1339 1391 1526 1436 condita,
1547 1404 1608 1426 re-

882 1453 1003 1502 liquae
1022 1451 1190 1488 civitatis
1217 1450 1330 1485 initia
1351 1447 1607 1485 faciebat.—

888 1522 982 1547 100.
1018 1507 1230 1545 Evandrus
1249 1508 1366 1543 Rom.
1393 1514 1432 1542 et
1455 1505 1604 1542 Medic,

882 1568 1082 1616 celerique
1103 1565 1338 1601 vetustiores
1356 1575 1365 1601 :
1388 1575 1482 1614 ergo
1500 1575 1607 1599 rece-

882 1626 943 1675 pit
965 1624 1103 1662 Heius.
1117 1649 1127 1667 ‚
1152 1634 1272 1671 quem
1296 1620 1386 1658 vide
1406 1627 1498 1670 post
1522 1621 1609 1658 Pie-

882 1684 1002 1720 rium.
1043 1679 1178 1729 Vulgo
1204 1692 1214 1717 :
1246 1678 1459 1723 Evander,
1490 1678 1606 1714 etiam

881 1740 1026 1790 passim
1056 1739 1099 1773 in
1131 1749 1263 1786 seqq.,
1295 1737 1450 1786 quoties
1478 1748 1609 1772 reem*-

883 1806 936 1834 r1t
955 1809 1000 1833 ea
1020 1807 1115 1831 vox.

947 1866 963 1889 1
972 1865 1025 1889 02
1036 1864 1122 1901 sqq.
1132 1852 1296 1901 Egregia
1311 1850 1497 1886 carminis
1505 1861 1610 1886 σεσο-

884 1912 1016 1948 nomia
1030 1937 1041 1954 ,
1055 1921 1131 1958 qua
1147 1907 1243 1944 belii
1259 1920 1352 1943 cum
1369 1907 1517 1943 Latinis
1528 1919 1609 1956 ges-

887 1969 917 2004 ti
936 1973 1167 2018 argumento
1185 1977 1256 2014 per
1271 1977 1310 2000 se
1331 1964 1441 2000 tenui
1459 1971 1499 2000 et
1514 1976 1607 2014 pau-

885 2026 971 2075 peri
1003 2024 1157 2073 copiam
1185 2034 1319 2057 rerum
1348 2029 1388 2057 et
1415 2022 1607 2058 narratio·

886 2094 982 2118 num
1033 2078 1221 2116 conciliat
1258 2087 1389 2127 poeta.
1426 2077 1609 2116 Offendit

886 2141 1028 2176 AEueas
1061 2135 1292 2174 Evandrum
1320 2147 1391 2171 sua
1416 2147 1524 2172 sacra
1553 2135 1608 2173 fa-

886 2198 1055 2234 cientem
1086 2192 1273 2238 Herculi;
1302 2205 1436 2229 rerum
1458 2193 1608 2242 species

886 2254 1077 2301 objicitur
1117 2259 1281 2301 augusta
1320 2250 1606 2301 religionibus,

887 2321 925 2349 et
948 2311 1156 2349 hominum
1181 2307 1394 2357 saeculique
1419 2308 1609 2358 simplici·

887 2378 965 2407 tate
992 2369 1164 2419 placens.
1189 2364 1334 2403 Eadem
1351 2378 1390 2403 v.
1421 2366 1499 2404 185
1520 2379 1606 2416 sqq.

887 2427 1052 2464 adducit
1080 2423 1303 2475 episodium
1338 2422 1388 2459 de
1425 2436 1527 2461 caeso
1558 2424 1608 2461 ab

887 2484 1061 2523 Hercule
1079 2484 1182 2520 Caco
1197 2510 1207 2528 ‚
1227 2489 1414 2530 tanquam
1433 2483 1534 2518 sacri
1551 2483 1610 2518 in·

888 2543 1016 2581 stituti
1035 2553 1167 2578 caussa
1180 2548 1218 2577 et
1236 2540 1402 2590 origine.
1417 2538 1610 2577 Obversa-

889 2609 974 2638 tum
997 2611 1079 2636 esse
1110 2600 1154 2635 in
1176 2597 1363 2636 omnibus
1394 2596 1455 2634 his
1482 2604 1610 2647 poetae

890 2659 1023 2696 auimo
1052 2656 1185 2694 locum
1214 2654 1290 2695 Od.
1327 2667 1371 2701 ν,
1406 2656 1457 2692 32
1494 2667 1606 2704 sqq.‚

892 2715 965 2754 ubi
1015 2714 1276 2754 Telemachus
1317 2713 1361 2750 in
1400 2714 1606 2752 Nestorem
