1767 3054
548 120 624 156 AD
655 117 863 155 meJM
894 117 1010 154 vm.
1174 96 1178 99 ’
1456 128 1538 173 409

26 193 209 235 Ovidius.
235 196 284 231 In
307 193 409 246 palla
438 193 667 231 Harmouiae
698 180 838 228 orbem
866 198 1058 227 terrarum
1095 203 1165 228 acu
1195 193 1352 242 pictum
1380 194 1545 233 exhibet

25 264 222 309 Nonum,
239 264 409 313 DionyS.
431 262 544 304 XLI,
568 273 609 310 p.
638 272 768 306 107o‚
797 267 836 295 et
855 259 911 296 sic
931 259 997 296 alii
1017 259 1104 297 alia.
1123 261 1215 298 Non
1241 274 1284 297 ea
1308 263 1351 298 in
1374 262 1435 299 his
1460 278 1540 302 ma-

26 333 147 380 teria,
169 345 252 370 non
278 332 311 368 is
334 330 409 367 arti
433 327 668 366 exercendae
698 327 838 374 locus,
863 336 909 364 ut
937 341 1120 380 magnam
1144 341 1279 367 rerum
1311 332 1540 370 varietatem

24 412 252 451 expressam
274 398 367 436 satis
383 405 489 434 recte
512 403 797 433 commemoret
816 395 971 446 aliquis,

83 469 268 504 Acumen
291 472 423 502 autem
444 463 604 516 Virgilii
632 465 676 500 in
710 475 843 500 rerum
879 462 1028 500 dilectu
1055 471 1095 501 et
1122 476 1323 501 summum
1351 474 1539 503 ornatum

26 546 266 586 cognoscere
299 533 370 583 qui
397 532 528 579 volet,
553 545 637 569 non
666 529 787 568 modo
811 532 1071 576 Homericum
1089 530 1205 568 illum
1235 540 1275 568 et
1294 532 1538 571 Hesiodeum

24 600 215 654 clypeum
232 609 434 651 comparet
452 613 608 637 necesse
626 605 703 646 est,
723 611 862 635 verum
880 611 946 636 eos
965 612 1139 650 quoque,
1158 601 1227 650 qui
1246 598 1292 636 ad
1311 601 1394 649 ejus
1410 613 1540 638 exem-

23 669 136 721 plum
157 669 266 707 idem
296 678 574 720 argumentum
595 675 807 705 retractare
834 667 1054 705 voluerunt
1074 679 1084 705 ε
1106 666 1246 705 Silium
1271 668 1343 708 lib.
1366 671 1430 717 11,
1455 670 1537 720 395

21 748 83 788 sq.
103 737 303 787 Quintum
321 735 404 774 Cal.
425 738 461 773 V
482 749 544 787 pr.
563 737 757 774 Nonnum
778 734 850 772 lib.
869 737 1002 781 XXV,
1027 749 1067 786 p.
1091 735 1189 780 664.

81 806 279 856 Praerepta
310 813 422 842 erant
452 803 626 855 Virgilio
639 832 650 851 ,
674 811 720 840 ut
743 803 783 840 in
809 811 868 840 tot
889 802 972 840 aliis
985 833 996 851 ,
1025 816 1070 840 ea
1084 831 1095 852 ,
1112 816 1203 855 quae
1223 805 1266 841 in
1287 817 1444 855 quaque
1468 819 1510 843 re
1523 834 1532 851 ‚

18 872 64 910 in
91 885 254 923 quoque
277 872 571 924 phantasmate,
604 873 724 926 primi
752 871 905 922 ingenii
937 873 1134 922 impetus,
1156 873 1241 923 ipsa
1270 881 1423 910 naturae
1449 875 1533 919 vis,

19 941 151 992 primo
162 940 253 978 loco
272 941 416 979 offerre
435 941 535 978 solet
551 941 698 978 animo.
719 941 815 977 Haec
835 952 1034 990 occupare
1053 940 1225 978 liberum
1238 950 1320 978 erat
1335 943 1513 981 Homero
1526 971 1537 989 ‚

20 1015 211 1058 tanquam
240 1008 284 1044 in
315 1020 479 1044 vacuam
506 1008 795 1058 possessionem
828 1008 1032 1045 venienti:
1058 1007 1234 1059 adeoque
1271 1021 1363 1046 eum
1397 1022 1537 1048 omnes

18 1081 111 1125 post
129 1087 170 1112 se
189 1074 368 1112 victuros
389 1083 525 1125 poetas
553 1086 738 1125 superare
770 1075 813 1110 in
833 1074 969 1111 multis
989 1087 1144 1112 necesse
1167 1084 1272 1122 erat,
1299 1077 1356 1112 sic
1385 1085 1429 1113 ut
1450 1078 1536 1127 ipse

17 1155 227 1193 nunquam
243 1143 293 1181 ab
307 1144 403 1194 ipsis
422 1144 531 1180 vinci
556 1151 701 1194 posset.
727 1145 866 1194 Quum
891 1151 1022 1180 tamen
1045 1152 1265 1195 exponeret
1290 1145 1423 1181 omnia
1440 1158 1534 1182 cum

18 1211 273 1264 simplicitate
300 1225 449 1249 summa
464 1240 474 1259 ‚
506 1211 670 1262 reliquit
692 1210 770 1248 hoc
792 1212 879 1262 ipso
907 1213 1076 1264 ingeniis
1100 1212 1186 1249 aliis
1208 1212 1365 1250 laudem
1394 1213 1532 1251 saltem

19 1292 71 1318 ex
91 1293 230 1318 eorum
244 1309 256 1328 ,
274 1294 364 1331 quae
382 1288 654 1331 pertractasset
667 1308 677 1326 ‚
703 1280 966 1318 exornatione
984 1289 1022 1318 et
1045 1281 1306 1331 expolitione.

10 1382 16 1387 .
77 1347 313 1384 Homericus
335 1334 496 1398 cb‘peus
522 1346 631 1384 haud
655 1346 778 1383 dubie
805 1347 896 1397 plus
919 1348 1092 1385 habebat
1111 1350 1285 1386 veritatis
1299 1376 1309 1394 ‚
1327 1349 1533 1396 majorem-

14 1426 94 1465 que
115 1415 283 1452 faciebat
306 1416 456 1466 operis,
478 1423 555 1451 tam
577 1413 724 1451 affabre
748 1414 867 1462 facti,
889 1425 935 1453 ut
959 1415 1022 1453 dei
1041 1428 1182 1453 manus
1203 1415 1439 1462 haberetur,
1462 1418 1532 1453 mi-

15 1482 233 1528 rationem,
251 1481 364 1531 quod
383 1480 432 1518 ad
458 1482 550 1518 vitae
573 1483 714 1532 priscae
733 1494 885 1519 morem
898 1512 909 1530 ,
931 1496 1110 1529 sensum,
1136 1485 1367 1533 opinionem
1381 1511 1391 1528 ‚
1411 1496 1531 1533 quam

13 1556 147 1587 totum
169 1550 254 1598 ejus
279 1562 380 1600 opus
398 1550 544 1600 spirat,
570 1549 655 1586 baec
684 1557 797 1586 erant
817 1560 986 1589 narrata.
1009 1551 1303 1597 Phantasmata‚
1326 1541 1416 1600 quae
1433 1564 1531 1589 ocu-

13 1618 149 1655 lorum
182 1617 382 1667 animique
408 1618 541 1654 sensui
576 1617 739 1666 objicit,
772 1617 974 1674 ἐνοίργειαν
1002 1619 1152 1656 habent
1178 1620 1411 1666 maximam;
1435 1630 1531 1657 sunt

13 1683 202 1737 grandia,
223 1684 390 1736 pulchra
405 1713 415 1732 ,
433 1685 580 1723 suavia.
603 1687 740 1736 Itaque
757 1688 955 1726 Miltonus
974 1688 1017 1723 in
1037 1686 1175 1723 divino
1193 1686 1284 1723 loco
1307 1685 1356 1722 de
1380 1685 1525 1724 Adami

13 1754 100 1792 viso
121 1766 172 1791 ex
191 1753 294 1792 colle
310 1754 483 1792 Paradisi
502 1753 574 1792 lib.
599 1757 658 1792 XI
671 1784 681 1802 ‚
704 1757 788 1806 639
809 1758 1030 1793 Homerum
1050 1755 1093 1790 in
1116 1754 1250 1791 multis
1265 1783 1275 1801 ‚
1296 1767 1414 1804 quam
1434 1767 1526 1792 nos-

11 1829 121 1859 trum
139 1829 296 1872 poetam
311 1849 321 1867 ,
344 1822 567 1871 exprimere
593 1821 745 1860 maluit.
767 1825 814 1859 In
837 1820 1008 1872 Virgilio
1028 1829 1165 1857 contra
1191 1827 1384 1869 captatam
1408 1832 1524 1857 occa-

10 1890 164 1927 sionem
179 1917 190 1935 ,
208 1889 438 1925 imitationis
454 1888 654 1934 studium,
672 1892 842 1940 argutias
859 1890 1056 1926 varietatis
1068 1901 1254 1940 agnoscas
1272 1888 1399 1926 facile.
1413 1890 1522 1926 Dum

12 1963 144 1992 nutem
167 1955 261 1990 artis
280 1962 318 1990 et
338 1954 487 2005 ingenii
506 1957 842 2005 exspectationem
859 1955 921 1992 his
943 1956 1038 2006 ipsis
1057 1955 1171 2001 facit,
1191 1956 1342 1992 excutit
1359 1954 1426 1992 ille
1442 1955 1522 1991 ani-

0 2023 248 2061 misnostris
271 2022 445 2072 antiquae
466 2021 634 2059 heroum
663 2023 753 2060 vitae
767 2052 777 2070 ,
803 2025 846 2060 in
867 2035 943 2073 qua
968 2025 1116 2060 versari
1137 2022 1306 2060 debebat
1322 2024 1517 2069 narratio,

78 2103 161 2128 rem
180 2091 430 2141 speciemque
442 2118 452 2135 ‚
471 2103 561 2139 quae
578 2098 655 2126 tam
670 2091 895 2138 jucundum
915 2104 1089 2128 errorem
1107 2092 1149 2128 in
1165 2093 1342 2128 Homero
1355 2091 1493 2140 objicit
1508 2120 1519 2138 ‚

9 2165 56 2196 ut
73 2171 116 2196 ea
131 2185 141 2204 ,
161 2171 250 2208 quae
269 2157 445 2194 fabulose
465 2157 606 2194 tradita
619 2185 629 2204 ,
651 2167 795 2208 przeter
816 2160 872 2196 rei
893 2167 1074 2195 naturam
1098 2159 1140 2194 in
1163 2159 1250 2208 ipso
1269 2157 1412 2208 clypeo
1431 2171 1519 2196 nar-

9 2231 90 2263 rata
105 2252 115 2270 ‚
136 2232 379 2268 occurrunt,
403 2223 510 2261 credi
540 2233 670 2261 tamen
698 2225 747 2262 ab
771 2227 818 2262 iis
849 2225 1081 2262 hominibus
1096 2252 1106 2270 ‚
1123 2233 1161 2261 et
1191 2233 1295 2261 recte
1319 2223 1427 2262 credi
1445 2238 1518 2276 po·

4 2293 129 2330 tuisse
152 2291 404 2329 arbitremur.
427 2291 643 2342 Virgilium
670 2302 802 2330 autem
832 2302 993 2344 apparet
1021 2292 1144 2330 multa
1169 2306 1254 2330 non
1277 2292 1513 2339 credidisse,

7 2370 97 2410 quae
112 2358 209 2396 alios
239 2358 399 2396 credere
421 2359 547 2396 voluit
568 2370 577 2396 :
598 2368 636 2397 et
666 2359 742 2397 hoc
763 2360 976 2410 voluptatis
999 2361 1080 2396 vim
1109 2373 1269 2397 omnem
1294 2360 1510 2398 imminuit.

0 2426 170 2465 {Utinam
189 2427 323 2464 saltem
341 2427 561 2477 graviorem
585 2436 624 2464 et
643 2428 952 2478 probabiliorem
972 2441 1155 2465 caussam
1187 2429 1416 2478 reperisset,
1439 2442 1513 2466 cur

9 2493 141 2532 AEneae
161 2495 326 2546 clypeus
346 2494 480 2531 divina
513 2503 595 2531 arte
622 2495 749 2533 factus
773 2495 995 2534 afferendus
1022 2498 1127 2534 erat!
1151 2496 1320 2534 Achillis
1343 2497 1508 2548 clypeus

0 2562 190 2600 Patroclo
219 2562 389 2614 spoliato
412 2562 454 2599 in
481 2564 665 2600 Hectoris
694 2572 928 2614 potestatem
951 2573 1138 2611 venerat;
1159 2564 1300 2602 eodem
1325 2565 1394 2602 ille
1412 2577 1510 2604 mox

0 2632 135 2665 *tectus
157 2628 201 2666 in
229 2642 365 2682 pugna
392 2631 568 2667 muneris
596 2633 862 2682 praestantiam
894 2631 1168 2679 commendat,
1193 2630 1305 2671 Iliad.
1339 2644 1386 2679 υ,
1422 2632 1506 2676 264

4 2706 63 2745 tq.
87 2696 138 2732 In
166 2697 299 2735 AEneae
326 2706 485 2736 strenue
518 2698 629 2736 factis
652 2699 784 2751 clypei
815 2701 1042 2751 praecipuus
1069 2713 1165 2737 usus
1193 2713 1276 2738 non
1311 2701 1508 2746 occurrit,

4 2760 84 2799 nisi
110 2760 213 2800 forte
244 2763 290 2801 in
317 2777 451 2817 pugna
480 2779 573 2804 cum
601 2769 741 2806 Turno
769 2766 843 2807 lib.
877 2769 983 2815 XII,
1020 2768 1117 2818 739.
1152 2765 1383 2806 Desiderare
1416 2766 1510 2804 licet

204 2844 292 2887 111.
1283 2848 1308 2893 3
1319 2846 1343 2890 5
