1767 3054
781 105 934 144 LIBER
965 107 1037 143 VI.
1608 115 1660 160 υτ

153 189 287 233 Caeca
313 199 474 248 regens
496 182 573 228 silo
602 179 810 244 vestigia.
835 182 909 226 Tu
934 194 1126 241 quoque
1154 195 1370 242 magnam
1621 199 1657 225 50

154 266 338 310 Partem
360 275 506 324 opere
531 258 578 304 in
603 267 759 315 tanto,
780 257 957 303 sineret
980 255 1140 314 dolor,
1164 259 1319 315 Icaro,
1349 257 1563 306 haberes.

154 337 234 384 Bis
250 345 446 383 conatus
465 346 569 382 erat
589 349 725 381 casus
745 332 967 395 effingere
996 330 1045 377 in
1066 346 1185 378 auro
1209 348 1218 375 :

156 413 229 460 Bis
255 412 420 474 patriae
443 410 658 458 cecidere
686 425 866 456 manus.
894 408 1023 467 Quin
1044 417 1273 471 protenus
1294 410 1453 456 omnia

154 487 452 551 Perlegerent
477 486 650 544 oculis,
670 487 719 532 ni
737 486 834 549 jam
862 484 1133 549 praemissus
1154 484 1358 532 Achates

151 561 374 621 Adforet,
401 575 545 626 atque
572 579 667 609 una
688 562 856 611 Phoebi
879 561 1152 624 Triviaeque
1176 562 1420 619 sacerdos,
1627 574 1663 604 35

151 636 405 702 Deiphobe
430 639 622 697 Glauci,
645 640 770 686 fatui·
790 654 896 702 quae
920 639 1033 686 talia
1058 639 1159 701 regi
1182 656 1192 683 :

154 738 171 755 «
199 717 308 762 Non
340 715 431 762 hoc
454 716 544 763 ista
569 715 660 763 sibi
686 727 871 779 tempus
892 715 1161 778 spectacula
1183 715 1352 779 poscit.

150 792 290 836 Nunc
310 807 452 854 grege
474 792 533 838 dc
558 792 736 839 intacto
759 802 940 855 septem
962 802 1170 838 mactare
1189 791 1420 854 juvencos

152 867 453 926 Praestiterit‚
474 867 675 916 totidem
692 868 836 915 lectas
862 867 920 914 de
944 883 1079 915 more
1098 867 1320 915 bidentis.
1346 889 1365 909 υ

150 941 346 990 Talibus
371 943 528 991 adfata
548 947 729 991 AEuean
757 943 772 1007 (
786 962 874 990 nec
900 960 1034 990 sacra
1058 952 1310 990 morantur
1624 959 1664 990 4ο

151 1022 288 1065 Jussa
310 1019 433 1083 viri)
459 1023 671 1066 Teucros
696 1030 835 1066 vocat
862 1020 955 1066 alta
979 1020 1027 1065 in
1054 1020 1230 1082 templa
1254 1019 1489 1066 sacerdos.

215 1095 440 1142 Excisum
464 1095 690 1143 Euboicae
715 1096 836 1142 latus
862 1096 1026 1159 ingens
1047 1094 1181 1158 rupis
1201 1095 1250 1140 in
1274 1105 1487 1152 antrum3

152 1172 262 1228 Quo
283 1170 366 1218 lati
391 1171 572 1218 ducunt
597 1170 755 1217 aditus
779 1182 992 1230 centum,
1016 1170 1138 1216 ostia
1164 1181 1377 1228 centum;

150 1389 266 1419 trato.
289 1381 422 1427 Caeca,
437 1382 554 1418 etiam
564 1379 605 1418 h.
621 1381 649 1419 l.
667 1389 761 1417 suut
780 1379 870 1418 obs-

149 1451 267 1484 cura,
291 1439 474 1490 ambigua
489 1466 499 1484 ‚
529 1434 746 1482 δυσνόητσω
770 1438 872 1488 regit

144 1497 215 1535 ille
239 1497 415 1548 glomere
438 1498 513 1533 iter
538 1497 752 1534 incertum.
768 1498 869 1532 Ver—

146 1568 262 1592 suum
284 1555 336 1593 30
349 1555 471 1592 -33
493 1553 543 1591 de
563 1556 677 1591 Icaro
701 1555 869 1590 suavita-

146 1622 226 1651 tem
239 1622 277 1651 et
290 1613 370 1650 vim
384 1641 394 1660 ‚
413 1611 528 1650 facile
544 1614 667 1650 sentis
686 1623 737 1647 ex
755 1611 870 1648 affec-

100 1692 123 1719 χ
145 1680 192 1709 tu
215 1679 254 1709 et
284 1685 335 1709 ex
367 1670 608 1722 apostrophe
635 1669 686 1707 ad
709 1672 869 1707 Icarum

145 1727 358 1780 proficisci.
372 1729 507 1766 Verba
518 1730 723 1767 Ausonius
740 1729 866 1765 imita-

146 1796 211 1824 tus
232 1796 290 1825 est
315 1790 359 1826 in
381 1787 548 1825 Mosella
566 1801 605 1826 v,
626 1788 708 1826 300
730 1800 788 1837 sq.
806 1809 865 1816 —

150 1846 218 1883 31.
235 1845 369 1882 Verba
397 1848 513 1882 Icare
533 1845 699 1882 haberes
723 1857 744 1881 a
763 1858 866 1883 nou-

146 1902 268 1941 nullis
283 1902 402 1941 codd.
414 1931 426 1948 ,
450 1904 554 1941 inter
572 1916 675 1954 quos
695 1906 864 1942 Roman.

147 1970 206 1998 est
216 1990 227 2007 ‚
239 1961 374 1999 abesse
386 1960 487 1998 vidit
501 1961 736 1999 Pleu—33.
759 1962 866 2011 Quin

148 2015 216 2058 καὶ
239 2018 313 2072 μὴν
334 2015 417 2066 καὶ,
431 2027 469 2057 et
480 2032 582 2056 vero
601 2031 701 2056 sane
714 2017 866 2069 reliqua

146 2091 309 2129 quoque
354 2079 465 2130 signa
490 2077 793 2129 perlustrassent
810 2098 867 2107 —

152 2137 217 2175 38.
226 2137 357 2187 Greqe
367 2137 416 2174 de
432 2136 598 2178 intacto,
616 2149 730 2188 grege
742 2135 867 2173 boum

144 2196 242 2248 jugo
269 2196 513 2233 intactarum
539 2207 548 2233 :
572 2195 643 2232 Ge.
679 2197 760 2240 IV,
785 2194 867 2239 540

147 2262 302 2290 intacta
322 2252 483 2291 totidem
502 2267 651 2290 cervlcc’
658 2267 731 2304 μμ
733 2266 866 2291 encas

145 2314 274 2350 Dictae
300 2311 442 2350 hosctae
462 2312 617 2364 injuges
645 2326 658 2348 .·
683 2311 866 2350 Macrob.

147 2372 228 2417 111,
256 2372 305 2418 5,
322 2384 412 2424 pag.
443 2379 541 2416 424.
574 2369 784 2422 Deiphobe
801 2383 868 2408 au-

148 2440 227 2468 tem
241 2429 383 2468 Glauci
398 2428 481 2469 filia
496 2443 579 2467 non
597 2429 696 2467 male
713 2429 863 2477 editur,

135 2487 337 2543 quoniam
359 2488 427 2527 ille
447 2490 554 2527 inter
572 2488 667 2526 deos
687 2488 868 2526 fatidicos

81 2544 393 2664 fffflhebatur,
414 2555 460 2585 ut
489 2546 592 2585 bene
624 2547 756 2586 Guell.
783 2559 868 2584 mo-

128 2607 253 2645 uuit.
269 2606 459 2644 —Hunc
493 2609 636 2646 Franc.
666 2607 796 2659 Grege
819 2605 871 2643 de

150 2662 264 2702 niveo
291 2664 382 2703 edd.
410 2665 615 2705 Macrobii
642 2667 699 2702 IV
718 2668 795 2703 Sat.
819 2678 840 2701 2
855 2693 866 2711 ‚

151 2723 276 2771 ma1e;
293 2737 386 2761 cum
413 2723 489 2761 diis
509 2725 648 2763 inferis
675 2736 784 2762 sacra
804 2736 869 2774 pa·

151 2788 301 2831 remur.

1001 1387 1056 1423 4ο
1096 1392 1181 1430 sqq.
1215 1382 1417 1418 Locorum
1451 1380 1572 1417 situm
1626 1389 1664 1418 et

938 1437 1080 1474 faciem
1104 1437 1221 1488 plane
1243 1438 1410 1488 legentis
1429 1439 1564 1476 animo
1589 1441 1664 1476 eri-

935 1497 1056 1545 piunt
1086 1497 1349 1547 interpretes,
1374 1496 1474 1532 dum
1500 1496 1567 1534 hic
1593 1511 1662 1534 an-

937 1561 1046 1590 trum
1063 1554 1108 1590 iu
1126 1553 1249 1605 adyto
1268 1553 1407 1604 templi
1426 1555 1471 1592 in
1489 1555 1662 1594 Cumani

937 1611 1048 1648 collis
1066 1611 1189 1649 latere
1208 1613 1387 1663 positum
1397 1625 1480 1649 esse
1500 1620 1658 1664 putant.

935 1670 1148 1721 Templum
1177 1671 1380 1722 Apollinis
1414 1679 1498 1708 erat
1531 1675 1660 1710 monti

934 1730 1188 1779 impositum,
1222 1730 1291 1780 qui
1322 1741 1418 1766 mox
1447 1728 1541 1766 urbi
1566 1743 1660 1769 con-

935 1786 1028 1824 ditae
1064 1800 1139 1838 pro
1175 1788 1355 1839 acropoli
1387 1787 1478 1825 fuit.
1533 1790 1657 1839 Quod

933 1857 1044 1882 nuuc
1053 1855 1296 1884 memoratur
1304 1854 1467 1882 antrum
1480 1845 1657 1896 Sibyllae,

933 1903 977 1939 in
995 1903 1118 1940 latere
1149 1905 1235 1952 ejus
1268 1905 1417 1941 montis
1452 1905 1657 1950 excisum,

934 1973 1016 1998 non
1036 1961 1153 2012 longe
1181 1961 1231 1998 ab
1254 1975 1302 1999 eo
1325 1961 1416 1998 loco
1438 1961 1573 1999 abesse
1591 1961 1658 2002 de-

935 2018 1036 2056 buit.
1061 2019 1126 2056 Ad
1151 2019 1230 2057 hoc
1250 2032 1363 2056 nunc
1382 2033 1432 2056 ex
1457 2021 1658 2071 Apollinis

935 2077 1085 2128 templo
1109 2076 1273 2115 abducit
1299 2081 1463 2116 AEueam
1490 2078 1655 2131 Sibylla.

936 2135 1099 2175 Fallunt
1105 2136 1217 2174 viros
1230 2135 1370 2174 doctos
1381 2137 1470 2174 alta
1481 2138 1632 2188 templa
1648 2169 1658 2183 ,

935 2206 1025 2243 quae
1058 2206 1170 2232 nunc
1213 2208 1297 2233 uon
1335 2204 1428 2232 sunt
1457 2196 1659 2248 Apollinis

936 2251 1036 2290 aedes
1049 2281 1060 2299 ‚
1084 2252 1153 2290 sed
1170 2262 1330 2291 autrum
1351 2253 1527 2306 Sibyllae.

996 2311 1375 2357 42—44.Enboicoe
1391 2311 1499 2363 mpis
1514 2327 1528 2350 .·
1547 2326 1659 2351 mou-

937 2370 1037 2408 tium
1056 2371 1331 2419 Cumanorum
1349 2370 1416 2422 (v.
1437 2371 1485 2408 ad
1503 2385 1541 2410 v.
1563 2385 1600 2409 2.
1617 2372 1655 2422 )‚

935 2428 978 2466 in
997 2428 1145 2480 quibus
1177 2438 1236 2467 est
1267 2437 1451 2476 anm,
1479 2431 1656 2467 excisum

935 2488 978 2524 iu
1006 2487 1127 2526 latere
1151 2489 1321 2533 montis;
1354 2487 1537 2527 doctius:
1555 2488 1658 2525 latus

936 2546 1118 2583 excisum
1136 2547 1179 2584 iu
1198 2556 1369 2585 antrum.
1390 2546 1537 2584 Aditus
1550 2575 1559 2589 ,
1588 2560 1657 2597 pu-

936 2613 998 2651 ta,
1031 2605 1281 2650 subterranei
1318 2612 1494 2651 meatus,
1527 2602 1658 2658 σύριγ-

936 2676 1028 2719 γες,
1059 2672 1107 2701 ut
1136 2666 1178 2701 in
1211 2667 1384 2717 AEgypto
1409 2663 1658 2714 appellaban-

938 2729 1017 2760 tur.
1042 2724 1126 2760 Hos
1146 2731 1297 2761 meatus
1320 2721 1570 2759 statuendum
1601 2728 1656 2756 est

937 2779 1098 2819 duxisse
1121 2781 1168 2819 ad
1191 2794 1318 2819 unum
1346 2779 1509 2830 aliquod
1537 2789 1655 2829 peue-
