1767 3054
186 202 198 225 ι
213 188 232 223 3
810 185 1051 223 AENEIDOS

182 264 466 316 Centauru53
488 273 613 303 nunc
636 271 728 303 una
748 255 897 302 ambae
910 255 1182 318 junctisque
1206 256 1421 303 seruntur

183 334 462 392 Frontibus,
485 345 532 380 et
554 333 695 395 longa
720 332 900 378 sulcant
921 330 1042 376 vada
1062 331 1181 378 salsa
1200 332 1373 378 carina.

250 415 448 473 Jamque
470 406 856 472 propinquabant
876 405 1096 469 scopulo,
1114 419 1382 470 metamque
1404 407 1650 463 tenebant,

189 489 349 544 Quum
375 484 617 547 princeps,
642 480 895 542 medioque
918 485 1045 542 Gyas
1067 481 1118 527 in
1145 483 1330 545 gurgite
1354 483 1507 529 victor
1626 493 1683 523 160

187 566 439 609 Rectorem
458 558 591 605 navis
611 556 862 619 compellat
880 572 998 603 voce
1022 559 1260 604 Menoeten
1282 577 1292 604 :

189 662 207 680 «
230 641 338 695 Quo
359 646 542 683 tantum
565 633 683 680 mihi
704 632 871 679 dexter
894 631 1023 678 abis?
1045 630 1141 678 huc
1163 631 1314 696 dirige
1336 651 1569 697 gressum3

186 712 320 758 Litus
341 726 466 768 ama,
492 721 538 755 et
561 709 701 754 laevas
721 707 918 769 stringat
943 707 1043 753 sine
1067 706 1276 768 palmula
1293 721 1475 766 cautes;

187 788 350 834 Altum
370 785 448 831 alii
473 795 675 830 teneant.
697 803 716 824 »
742 781 900 841 Dixit3
927 780 1011 828 sed
1035 798 1158 828 caeca
1176 785 1405 830 Menoetes

186 865 311 909 Saxa
334 861 524 917 timens,
545 873 737 921 proram
757 856 912 919 pelagi
932 857 1184 919 detorquet
1210 857 1271 903 ad
1290 857 1457 904 midas.
1627 868 1685 898 165

192 963 210 979 u
239 941 347 994 Quo
366 936 580 982 diversus
606 933 737 981 abis?
762 953 781 974 »
801 933 974 980 iterum
998 951 1006 977 :
1031 936 1178 979 «Pete
1196 949 1332 994 saxa,
1354 937 1578 980 Menoete!
1601 955 1619 974 »

190 1016 310 1059 Cum
334 1011 538 1056 clamore
562 1015 688 1071 Gyas
712 1007 989 1066 revocabat3
1010 1019 1055 1053 et
1081 1024 1188 1054 ecce
1209 1008 1491 1055 Cloanthum

188 1086 398 1148 Respicit
421 1085 672 1131 instantem
693 1095 825 1146 tergo
840 1118 852 1140 ,
879 1095 925 1129 et
945 1083 1171 1145 propiora
1189 1093 1440 1130 tenentem.

188 1161 271 1206 Ille
296 1160 420 1206 inter
440 1173 704 1221 navemque
729 1162 845 1220 Gyae
867 1157 1182 1219 scopulosque
1209 1156 1415 1204 sonantis

189 1409 251 1440 se,
290 1399 379 1442 post
411 1390 542 1440 Gyam
571 1395 610 1423 et
647 1384 900 1424 Cloanthum.

189 1473 247 1484 --
273 1450 366 1487 158.
405 1449 545 1498 Longa
579 1442 725 1480 carina
763 1443 901 1480 Heius.

186 1507 406 1550 secuudum
421 1505 556 1556 plures
572 1510 610 1539 et
625 1501 808 1538 meliores
819 1528 829 1546 ‚
846 1501 904 1536 in-

186 1580 247 1607 ter
266 1578 366 1618 quos
390 1573 428 1600 et
446 1565 651 1600 Romanus
666 1588 676 1607 ‚
694 1559 901 1609 fragment.

185 1627 317 1669 Vatic,
344 1635 437 1660 cum
467 1618 613 1658 Medic.
644 1617 790 1668 Vulgg.
818 1616 904 1653 Ion-

187 1699 253 1739 gae
269 1681 420 1720 carinae
433 1708 444 1724 ,
469 1677 533 1714 vel
550 1677 670 1727 longe
690 1688 723 1713 c.
742 1677 790 1711 In
808 1672 902 1712 Ald.

186 1757 249 1795 pr.
274 1748 356 1779 erat
380 1738 500 1788 longe
515 1757 574 1764 —-
589 1732 740 1771 carinae
753 1761 765 1777 ‚
787 1732 831 1769 in
848 1732 903 1768 al-

187 1813 271 1840 tera
290 1799 448 1849 longae,
482 1802 520 1831 at
547 1795 592 1830 in
616 1792 728 1829 tertia
750 1792 905 1840 Nauge-

186 1861 271 1898 rius
294 1857 419 1906 longa
435 1871 496 1881 —
512 1850 655 1888 carina
671 1848 819 1885 intulit.
837 1850 905 1885 Est

186 1928 319 1955 tamen
331 1914 457 1964 longa
475 1908 618 1947 carina
635 1919 797 1957 prorsus
808 1906 905 1942 otio-

187 1990 228 2013 sa
251 1986 331 2010 vox
346 1999 357 2018 ,
387 1971 558 2018 facitque
573 1995 583 2013 ‚
612 1974 657 2003 ut
685 1972 815 2001 totum
836 1963 904 2000 he-

184 2030 429 2072 mistichium
466 2025 597 2062 abesse
630 2022 763 2060 malim
777 2050 787 2068 ‚
825 2029 906 2058 tan-

184 2104 306 2142 quam
321 2087 421 2125 male
438 2081 752 2133 suppletum3ita
768 2088 813 2116 ut
825 2079 906 2116 vul-

186 2157 313 2202 gatam
333 2145 430 2183 olim
444 2142 658 2179 lectionem
674 2138 876 2188 praeferam
893 2149 902 2174 :

187 2219 293 2244 nunc
327 2215 408 2240 una
437 2198 567 2236 amboe
595 2195 821 2248 junctisque
838 2194 905 2246 fe-

188 2272 328 2302 rantur
355 2256 561 2299 Frontibus
594 2264 634 2292 et
664 2254 798 2305 longa-2
823 2252 902 2289 sul-

189 2331 287 2360 canc
320 2316 438 2357 vada
470 2314 579 2352 salsa
609 2311 760 2349 carina:
783 2325 796 2348 .·
825 2310 902 2348 hoc

190 2389 247 2417 est
270 2392 278 2417 ε
302 2388 412 2415 nunc
439 2373 582 2411 carinae
600 2371 732 2421 longae
758 2381 839 2406 una
856 2369 907 2406 fe-

189 2445 335 2474 runtur
353 2442 393 2472 et
403 2433 557 2470 sulcant
571 2429 681 2466 vada.
696 2430 761 2466 Jo.
772 2426 907 2465 Schra-

188 2494 269 2531 der.
291 2493 396 2539 conj.
415 2492 460 2527 in
485 2487 666 2526 schedis:
683 2485 824 2536 juncta
842 2485 907 2522 vel

186 2551 294 2589 socia
312 2549 467 2586 sulcant
482 2546 597 2583 vada
615 2545 724 2581 salsa
745 2542 902 2581 carina.

251 2609 344 2657 159.
379 2606 556 2647 Metam,
583 2615 689 2647 non,
718 2600 791 2637 uhi
809 2598 902 2636 fini-

186 2674 277 2706 rent
300 2675 485 2708 cursum,
521 2659 590 2698 sed
618 2657 901 2696 circumflecte-

187 2732 315 2764 rent:
347 2734 434 2771 sup.
477 2720 576 2764 130,
623 2718 716 2754 131.
739 2737 795 2744 --
819 2716 898 2754 160

185 2805 243 2814 --
277 2793 371 2829 171.
400 2777 587 2826 Princeps
618 2774 729 2823 Gyas
751 2782 791 2810 et
811 2773 898 2810 vic-

184 2852 268 2886 eor,
307 2840 347 2878 h.
386 2837 412 2874 l.
455 2837 525 2887 qni
548 2846 684 2872 omncs
719 2841 894 2870 antever-

968 1392 1067 1422 terat
1085 1397 1218 1422 cursu.
1247 1385 1414 1421 Dexter.
1439 1383 1583 1435 Gogita
1606 1399 1681 1424 me-

969 1451 1047 1479 tam
1066 1442 1184 1479 fuisse
1203 1443 1256 1478 ita
1272 1440 1659 1481 circumflectendam
1672 1473 1683 1490 ‚

970 1509 1016 1537 ut
1044 1513 1128 1537 eam
1155 1512 1178 1536 a
1202 1501 1359 1536 sinistra
1390 1499 1596 1539 haherent.
1625 1524 1684 1531 —-

977 1571 992 1594 1
1001 1558 1053 1594 62
1061 1560 1232 1595 .Dexter
1241 1555 1338 1594 mihi
1347 1565 1479 1594 tantus
1492 1558 1683 1598 abisven.

973 1615 1155 1653 Gressnm
1171 1616 1306 1653 Heius.
1326 1616 1508 1652 omnium
1520 1620 1688 1656 auctori-

973 1682 1049 1711 tate
1072 1673 1283 1712 meliorum
1309 1681 1399 1723 post
1425 1675 1526 1712 Pier.
1553 1675 1686 1727 Vulgo

971 1744 1124 1768 cursum
1139 1759 1150 1778 ,
1174 1745 1225 1770 ex
1243 1732 1568 1781 interpretatione
1581 1761 1592 1779 ,
1610 1733 1687 1771 for-

970 1799 1008 1827 te
1040 1792 1274 1841 Aproniano
1305 1788 1564 1837 emendante3
1593 1804 1684 1828 nam

969 1848 1182 1899 indMediC.
1202 1860 1380 1900 gressum
1395 1849 1440 1885 in
1460 1861 1612 1886 cursum
1629 1858 1688 1887 est

970 1914 1182 1944 mutatum.
1222 1906 1345 1944 Cursu
1370 1908 1473 1944 Ven.
1500 1927 1561 1936 --
1590 1907 1685 1946 163.

971 1966 1096 2001 Amet
1115 1978 1167 2002 ex
1193 1965 1276 2000 am'
1297 1972 1338 2001 ec
1364 1963 1543 2016 Longob.
1566 1966 1687 2003 Laeva

971 2022 1116 2060 Medic.
1137 2022 1279 2060 Hamb.
1311 2035 1372 2073 pr.
1400 2029 1440 2058 et
1458 2021 1565 2060 Gud.
1587 2036 1609 2060 a
1631 2036 1684 2060 m.

971 2093 1033 2130 pr.
1053 2094 1146 2118 cum
1165 2080 1287 2118 Goth.
1314 2091 1430 2124 sec.'a
1449 2092 1502 2116 m.
1523 2092 1585 2130 pr.
1611 2080 1686 2119 Sed

970 2138 1091 2176 laevas
1107 2148 1243 2175 cautes
1264 2137 1420 2175 doctius
1446 2135 1596 2174 dictum
1614 2151 1686 2189 pu-

969 2204 1030 2242 ta3
1052 2196 1131 2234 hoc
1150 2197 1312 2234 nomine
1328 2194 1540 2232 lectionem
1558 2203 1683 2235 tuere,

968 2275 1027 2282 —-
1041 2256 1150 2292 Tene
1173 2266 1334 2292 cursum
1351 2253 1516 2303 propius
1533 2251 1582 2289 ad
1600 2266 1685 2291 sco-

967 2312 1109 2362 pulum
1126 2311 1263 2364 (quem
1282 2311 1375 2348 litus
1394 2309 1592 2362 appellat),
1610 2324 1685 2349 neo

972 2382 1130 2408 vereare
1144 2399 1155 2417 ‚
1172 2382 1224 2407 ne
1239 2369 1338 2407 remi
1357 2380 1382 2405 a
1395 2369 1558 2405 sinistra
1573 2378 1685 2420 parte

972 2440 1064 2464 emn
1092 2429 1298 2479 attingant.
1329 2428 1504 2469 Amare,
1539 2427 1684 2478 cupide

971 2493 1103 2522 tenere
1116 2513 1127 2532 ‚
1146 2485 1353 2534 amplecti,
1372 2496 1551 2531 servare;
1574 2494 1620 2523 ut
1640 2487 1685 2523 in

970 2543 1040 2580 illo
1069 2543 1250 2580 Horatii:
1274 2550 1465 2592 amatque
1484 2542 1622 2593 janua
1640 2543 1684 2580 Ii-

970 2613 1073 2639 men.
1104 2599 1293 2637 Palmula
1322 2612 1335 2635 .·
1364 2596 1503 2652 ταρσὸς
1533 2597 1682 2645 κώπης

966 2670 1056 2708 pars
1089 2657 1255 2695 inferior
1278 2658 1391 2695 remi.
1421 2657 1571 2710 Pelagi
1596 2659 1678 2698 scil.

966 2715 1219 2753 dextrorsum
1264 2716 1308 2752 in
1352 2715 1476 2753 altum
1517 2724 1679 2754 evectus

965 2772 1142 2823 adeoque
1175 2773 1346 2810 diversus
1358 2802 1369 2818 ‚
1407 2773 1451 2809 in
1484 2771 1679 2812 diversam

962 2840 1111 2880 partem
1128 2859 1138 2878 ,
1157 2844 1248 2868 cnm
1263 2831 1425 2870 deberet
1440 2829 1579 2873 laevam
1590 2845 1678 2872 ver·
