1767 3054
130 147 152 183 8
761 149 1003 185 AENEIDOS

130 222 379 266 Poscamus
404 230 591 276 ventos,
615 230 755 280 atque
778 218 879 264 haec
904 236 978 264 me
1004 235 1136 265 sacra
1160 223 1411 282 quotannis

131 293 263 340 Urbe
289 294 401 338 velit
426 295 578 356 posita
603 294 785 354 templis
810 293 901 339 sibi
928 294 1052 340 ferre
1074 294 1256 342 dicatis.
1588 281 1653 336 60-

131 370 247 414 Bina
268 368 415 414 boum
443 370 576 415 vobis
599 369 741 431 Troja
764 380 1012 431 generatus
1037 374 1228 418 Acestes

130 448 224 491 Dat
247 462 445 491 numero
471 446 626 507 capita
648 445 697 489 in
717 445 878 502 navis;
913 445 1134 493 adhibete
1154 449 1360 505 Penatis,

131 523 190 566 Et
212 521 389 582 patrios
411 520 585 582 epulis,
607 531 652 565 et
673 535 790 581 quos
814 520 925 565 colit
952 520 1124 583 hospes
1144 526 1350 569 Acestes.

131 600 386 654 Praeterea,
408 597 445 643 si
468 612 592 642 nona
616 596 741 642 diem
761 596 1040 643 mortalibus
1065 597 1239 644 almum
1288 633 1289 636 ,

131 677 320 716 Aurora
345 671 589 728 extulerit,
615 670 853 732 radiisque
879 672 1104 717 retexerit
1123 671 1312 731 orbem,
1590 686 1630 716 65

132 746 288 793 Prima
308 746 412 792 citae
431 746 627 792 Teucris
647 761 820 807 ponam
841 747 1097 792 certamina
1123 746 1302 807 classis3

132 954 175 988 in
210 952 404 990 honorem
456 953 641 992 Anchisae
703 955 849 993 facien-

134 1010 230 1056 das,
264 1011 424 1059 loetum,
457 1013 658 1059 alacriter,
694 1014 850 1050 lubenti

133 1082 178 1104 ac
218 1077 354 1118 parato
405 1072 536 1108 animo
584 1071 848 1109 celebrandas.

133 1127 260 1163 Factis
310 1127 459 1164 inferiis
505 1128 599 1166 deos
637 1142 852 1179 poscamus

132 1193 278 1221 ventos
323 1185 547 1233 secundos3
589 1197 709 1238 aeque
729 1215 738 1233 ‚
781 1187 853 1224 ubi

132 1243 177 1278 in
200 1250 344 1279 terram
372 1252 628 1281 monstratam
661 1258 852 1295 pervene-

132 1300 281 1346 rimus,
307 1303 520 1350 quotannis
553 1304 630 1352 ipsi
662 1302 732 1338 has
754 1303 854 1339 infe-

132 1358 208 1393 rias
249 1359 536 1406 instauremus3
579 1360 657 1396 hoc
721 1362 853 1396 minus

133 1415 350 1465 vulgariter
379 1416 524 1454 extulit
552 1429 562 1454 :
599 1417 692 1454 urbe
717 1417 853 1467 posita

133 1473 238 1510 velie
273 1473 342 1511 ille
375 1473 625 1526 (Anchises)
650 1488 712 1511 me
741 1474 850 1525 fhrre

133 1530 208 1566 sibi
241 1530 442 1582 (adeoque
475 1532 618 1568 lubens
645 1546 690 1569 ac
717 1533 852 1583 propi-

133 1590 212 1625 tius
243 1589 445 1640 accipiat)
473 1588 558 1626 lzaec
593 1603 710 1627 sacra
742 1598 851 1640 quot-

133 1646 250 1683 annis
271 1675 279 1690 ,
317 1647 473 1698 templis
508 1647 663 1685 dicacis.
695 1649 850 1696 Verba,

133 1707 350 1743 poscamus
372 1716 540 1751 ventos,
573 1720 611 1743 v.
640 1707 692 1755 59
712 1707 768 1743 sic
792 1720 851 1743 sa-

132 1763 182 1798 tis
195 1763 401 1801 commode
414 1765 642 1814 exposuisse
657 1763 851 1810 videmur3

133 1830 177 1858 ut
211 1822 284 1867 sit,
322 1822 472 1858 inferiis
513 1822 645 1868 factis,
684 1830 851 1858 ventum

132 1878 354 1916 secundum
374 1880 504 1924 nacti,
527 1878 576 1915 ad
596 1887 739 1915 terram
762 1880 850 1916 satis

132 1946 388 1974 monstratam
430 1936 636 1974 tendamus
656 1965 666 1983 ‚
712 1937 849 1987 ibique

132 1997 346 2044 quotannis
368 1995 445 2033 hoc
473 1994 578 2031 idem
597 2007 752 2032 sacrum
776 1997 849 2033 rite

131 2062 365 2103 repetamus.
390 2053 550 2090 Habent
577 2062 709 2090 tamen
735 2054 853 2090 venti

132 2111 282 2161 aliquid
322 2125 341 2147 a
382 2112 471 2148 loco
517 2111 718 2157 alienum3
757 2125 849 2148 nam

132 2168 319 2205 Anchisae
341 2167 448 2205 fiunt
476 2168 649 2214 inferim,
677 2182 760 2206 non
790 2183 848 2206 sa—

134 2239 197 2262 cra
221 2225 296 2263 diis
314 2225 498 2264 secundae
518 2227 760 2277 navigationi
779 2240 847 2264 ex-

133 2283 324 2333 petendae.
349 2286 432 2324 Nec
455 2284 635 2321 succedit
651 2299 711 2321 res
728 2286 819 2322 satis
837 2313 847 2331 ‚

132 2343 164 2378 si
191 2355 356 2391 poscere
390 2350 535 2379 ventos
572 2343 766 2394 intelligas
800 2342 848 2380 de

133 2399 343 2449 repetenda
362 2401 625 2451 navigatione,
644 2409 702 2447 ut,
716 2413 849 2450 quem-

134 2456 346 2494 admodum
365 2457 482 2494 venti
505 2466 707 2494 vocantur
727 2459 823 2495 velis
836 2486 846 2504 ,

132 2515 188 2551 sic
206 2523 243 2550 et
259 2524 502 2564 poscantur,
526 2516 624 2551 velis
641 2517 844 2565 expansis:

132 2579 180 2608 ut
213 2574 294 2617 111,
335 2573 413 2609 253
447 2570 659 2621 ventisque
693 2571 848 2608 vocatis

134 2627 246 2666 Ibitis
266 2629 430 2666 Italiam
443 2643 459 2673 ;
484 2642 532 2665 ne
553 2638 683 2666 tamen
701 2638 848 2665 tentem

133 2685 276 2732 verba,
307 2695 464 2723 revocat
490 2695 575 2732 me,
611 2686 719 2735 quod
747 2686 848 2722 infra

134 2758 172 2782 v,
199 2744 305 2793 639,
328 2745 410 2788 640
435 2756 529 2780 aras
552 2745 740 2793 ,Neptuno
768 2745 846 2779 iac-

134 2811 188 2839 tas
230 2803 440 2840 memorari
477 2801 622 2849 vide03
662 2815 752 2839 nam
791 2802 845 2838 sic

915 964 1006 993 vota
1029 968 1191 1006 quoque
1213 956 1403 1006 Neptuno
1429 954 1528 993 facta
1554 967 1634 993 esse

915 1013 1076 1051 debent.

976 1072 1044 1109 61.
1088 1074 1190 1109 Βοῶν
1237 1073 1273 1108 τ’
1311 1067 1448 1123 ἴφθιμοι
1483 1068 1634 1123 κάρηνα.

919 1128 1027 1166 Iliad.
1066 1125 1112 1179 ψ,
1154 1129 1262 1175 260,
1293 1128 1410 1166 binos
1438 1128 1561 1166 boves
1592 1130 1635 1166 in

918 1200 1037 1224 naves
1056 1187 1240 1237 singulas.
1263 1186 1312 1224 cf.
1330 1188 1349 1223 I
1363 1214 1374 1232 ‚
1405 1193 1498 1236 194.

979 1245 1030 1281 62
1047 1253 1057 1291 ‚¹
1082 1245 1150 1283 63.
1172 1244 1238 1282 Ad
1254 1243 1538 1281 lectisternium
1557 1246 1638 1282 An-

920 1302 1037 1338 chisae
1055 1302 1204 1338 factum
1221 1311 1312 1351 post
1329 1301 1562 1339 Tumebum
1579 1316 1637 1340 re-

919 1359 1053 1396 ferunt
1087 1360 1242 1408 intpp.;
1284 1372 1509 1409 perperam,
1538 1359 1636 1397 arbi-

920 1426 1016 1454 tror.
1043 1416 1204 1453 Ferales
1227 1417 1365 1466 epulas
1384 1417 1635 1454 celebrandas

918 1473 1059 1512 indicit
1076 1502 1086 1520 ‚
1123 1460 1232 1524 qubd
1274 1474 1475 1524 religionis
1511 1487 1635 1525 genus

920 1540 1020 1579 erat,
1046 1532 1107 1569 uti
1130 1530 1221 1569 alas
1243 1540 1334 1582 post
1352 1545 1435 1568 rem
1457 1544 1603 1569 sacram
1621 1562 1631 1578 ‚

919 1591 972 1625 ita
997 1602 1108 1626 nune
1133 1588 1285 1641 inferiis
1303 1588 1502 1639 peractis;
1527 1591 1632 1629 conf.

918 1647 989 1685 inf.
1020 1660 1120 1694 102,
1152 1648 1256 1685 103:
1280 1648 1322 1683 in
1348 1648 1395 1684 iis
1421 1646 1559 1685 libatio
1588 1647 1636 1685 fit

921 1704 996 1741 diis
1019 1704 1233 1742 Penatibus
1256 1713 1295 1741 et
1313 1705 1577 1752 Trojanorum
1597 1714 1636 1743 et

919 1763 1166 1810 Siculorum,
1194 1764 1395 1806 communi
1427 1762 1635 1813 epularum

919 1833 1041 1858 more.
1063 1822 1198 1857 Horat.
1217 1822 1289 1866 IV,
1313 1821 1335 1857 5
1350 1848 1361 1867 ,
1389 1821 1410 1857 3
1423 1833 1438 1856 1
1457 1820 1564 1857 Hinc
1581 1822 1639 1858 ad

916 1878 1022 1915 vina
1047 1877 1152 1914 redit
1178 1877 1313 1923 laetus,
1346 1886 1386 1914 et
1413 1877 1550 1914 alceris
1578 1881 1636 1917 Te

918 1935 1064 1973 mensis
1081 1934 1242 1972 adhibet
1265 1935 1396 1974 deum.
1416 1957 1475 1964 —-
1492 1936 1560 1974 63.
1582 1937 1638 1974 Et

910 2004 1078 2044 pateras
1095 1992 1220 2044 epulis
1233 1992 1409 2032 Parrhas.
1426 1992 1540 2032 Colec
1554 2006 1630 2032 sec.

917 2052 1110 2091 Rottend.
1171 2085 1177 2090 ,

977 2111 1044 2155 64.
1059 2110 1225 2147 Almam
1242 2107 1543 2146 Parrhas.—Si
1557 2121 1631 2159 pro

918 2181 1032 2214 cum,
1062 2176 1108 2203 ut
1136 2175 1175 2204 et
1202 2166 1307 2203 alibi.
1339 2165 1419 2203 vid.
1450 2168 1589 2205 Horat.
1614 2168 1633 2202 I

916 2227 988 2276 Ep.
1015 2239 1034 2273 7
1049 2253 1060 2271 ‚
1090 2237 1139 2262 κο
1164 2232 1202 2261 et
1224 2236 1324 2274 quos
1344 2222 1476 2261 laudat
1495 2225 1630 2262 Burm.

914 2281 954 2322 h.
990 2284 1018 2321 1.
1057 2296 1168 2320 nona
1183 2310 1196 2327 ,
1237 2293 1288 2318 ex
1312 2286 1444 2319 more.
1479 2281 1630 2319 Notum

916 2340 1154 2378 novendiale
1177 2351 1332 2376 sacrum
1346 2366 1357 2384 ‚
1380 2350 1490 2375 nono
1520 2351 1540 2374 a
1566 2351 1629 2375 se-

913 2399 1075 2449 pultura
1126 2397 1202 2434 die.
1248 2395 1455 2433 Advocare
1502 2395 1631 2433 solent

915 2457 962 2494 Il.
989 2470 1044 2502 ω,
1068 2455 1163 2502 784.
1190 2454 1298 2491 Alias
1323 2454 1418 2503 ipsae
1449 2454 1627 2490 caerimo-

914 2515 1092 2550 niaesunt
1102 2511 1368 2549 novendiales.
1383 2524 1421 2548 v.
1443 2509 1514 2547 inf.
1533 2511 1628 2558 762.

975 2571 1042 2607 66.
1068 2569 1207 2606 Prima
1224 2582 1312 2605 ecce
1340 2570 1383 2606 T.
1407 2567 1528 2605 Goth.
1549 2581 1626 2606 sec.

915 2631 962 2666 P.
985 2641 1018 2665 c.
1039 2626 1174 2663 classis
1195 2640 1238 2675 p.
1264 2639 1297 2664 e.
1326 2628 1362 2663 T
1360 2625 1482 2662 eucris
1506 2625 1627 2663 Goth.

915 2694 1004 2723 tert.
1022 2697 1115 2720 cum
1130 2683 1259 2722 Schol.
1285 2683 1396 2722 Statii
1419 2684 1479 2720 VI
1500 2682 1625 2721 Theb.

917 2743 1012 2792 296.
1031 2763 1090 2770 —
1109 2742 1163 2778 66
1193 2755 1278 2791 sqq.
1309 2740 1449 2778 Prima
1463 2767 1473 2787 ,
1498 2741 1627 2790 primo

912 2800 1005 2838 loco
1018 2828 1028 2848 ,
1045 2813 1193 2850 ponam
1226 2797 1447 2839 certamina
1465 2797 1602 2835 classis
1613 2813 1629 2843 ;
