1767 3054
633 122 787 158 LIBER
820 121 935 158 vm.

31 199 142 244 Haec
169 196 293 243 inter
317 192 483 242 tumidi
509 192 601 237 late
624 190 767 236 maris
791 189 891 236 ibat
915 190 1071 252 imago

32 278 213 330 Aurea,
237 270 319 319 scd
344 269 489 314 fluctu
514 265 801 329 spumabant
824 266 998 313 caerula
1019 281 1161 324 eano3

31 351 87 395 Et
112 350 288 395 circum
313 354 509 406 argento
534 343 648 389 clari
676 342 924 405 delphines
951 343 999 388 in
1025 341 1193 389 orbem

30 427 240 485 AEquora
262 420 520 467 verrebant
546 418 736 476 caudis,
759 431 1022 481 aestumque
1046 418 1282 467 secabant.

30 502 85 544 In
110 496 267 542 medio
292 495 450 542 classis
474 507 663 552 aeratas,
692 495 829 540 Actia
856 494 1002 553 bella,
1479 506 1540 547 67⁵

26 575 232 619 Cernere
258 582 382 630 erat,
410 582 659 633 totumque
684 571 917 617 instructo
942 574 1099 615 Marte
1121 570 1310 616 videres

27 649 231 692 Fervere
255 649 520 704 Leucaten,
546 661 761 708 auroque
783 644 1013 706 effulgere
1038 645 1224 691 fluctus.

25 818 260 863 aspernatur
296 818 413 862 poeta
455 818 532 846 tam
573 818 751 848 tenacem

27 870 257 907 memoriam
277 896 287 915 ‚
318 870 434 918 eique
463 867 555 905 licet
585 868 752 908 diversis

26 928 213 965 carminis
230 927 411 978 partibus
433 925 606 964 diversas
631 930 751 966 ratio-

26 999 95 1023 nes
113 987 240 1036 sequi.

84 1044 135 1091 67
151 1044 331 1092 1—674.
358 1047 564 1083 Oceanum
585 1045 752 1081 Homeri

26 1101 73 1140 11.
95 1115 141 1145 σ,
162 1102 243 1140 606
258 1131 269 1148 ,
301 1102 382 1150 607
411 1110 501 1139 ante
521 1102 661 1139 oculos
684 1102 752 1140 ha·

25 1157 160 1197 baisse
175 1188 185 1206 ,
230 1169 270 1197 et
315 1159 524 1211 delphines
583 1161 752 1198 Hesiodi

25 1218 214 1269 exemplo
249 1220 311 1257 Sc.
344 1220 464 1256 Herc.
499 1231 747 1268 209——212

23 1276 237 1313 inseruisse
259 1275 433 1314 videtur.
458 1276 590 1313 Aliam
609 1278 754 1327 Quinti

25 1333 109 1374 Cal.
130 1334 396 1371 imitationem
426 1335 505 1382 jam
535 1334 661 1371 (Ierda
679 1349 753 1372 no-

10 1393 124 1437 *tavit
147 1391 174 1430 l.
195 1392 224 1430 l.
246 1391 302 1430 ib.
321 1394 382 1438 V,
412 1393 464 1441 93
498 1404 583 1442 sqq.
609 1405 750 1429 verum

26 1451 83 1496 is,
112 1451 283 1488 Homeri
306 1449 491 1501 exemplo
506 1477 516 1495 ‚
543 1451 751 1487 Oceanum

29 1507 180 1546 ambire
212 1508 331 1559 clipei
358 1521 467 1546 oram
494 1507 599 1546 fecit.
627 1507 751 1545 Effin-

27 1575 141 1603 xerat
155 1566 361 1604 Vulcanus
377 1579 483 1602 mare
502 1565 549 1602 ad
569 1567 751 1612 Actium3

26 1637 166 1674 spuma
184 1623 378 1662 albicante
397 1633 436 1661 et
455 1624 599 1661 belluis
617 1636 752 1674 argen-

26 1683 99 1719 teis
116 1682 160 1720 in
175 1684 276 1719 mari
293 1695 344 1720 ex
363 1695 461 1719 auro
481 1682 586 1719 facto
601 1694 610 1720 ε
631 1694 752 1718 naves

29 1738 173 1778 effictae
206 1740 296 1778 affre.
317 1762 377 1768 --
397 1740 496 1787 672.
530 1738 754 1789 Spumabat

27 1797 209 1849 plerique
232 1800 334 1837 Pier.
359 1797 511 1836 Medic.
533 1796 641 1835 Gud.
665 1798 753 1834 Μο-

29 1864 102 1894 ret.
121 1869 200 1896 sec.
219 1857 335 1893 etiam
355 1869 406 1892 ex
425 1854 549 1891 Goth.
571 1854 668 1890 alter
681 1882 691 1900 ,
707 1862 753 1890 ut

28 1927 83 1952 sc.
96 1913 232 1965 imago
242 1911 670 1963 spumabatjungatur3
685 1910 753 1948 sed

29 1980 134 2010 recte
156 1971 308 2008 coerula
340 1968 583 2019 spumabant
609 1977 755 2018 praetu-

29 2030 110 2067 lere
132 2029 272 2067 Heius.
295 2035 334 2064 et
349 2029 486 2064 Bnrm.
515 2026 759 2075 spumabant

34 2100 199 2138 oequora
242 2084 394 2124 Zulich.
432 2083 584 2120 ccertda
625 2092 754 2132 ponto

31 2143 232 2184 Montalb.
262 2156 283 2180 a
314 2155 419 2180 man.
459 2155 521 2192 pr.
552 2141 755 2192 Distingui

31 2215 196 2255 quoque
226 2208 358 2253 potest
391 2213 401 2239 :
435 2201 534 2236 Haec
561 2198 669 2236 inter
695 2220 755 2227 —

35 2261 119 2299 ibat
155 2260 291 2312 imago
304 2274 320 2305 ;
357 2260 497 2296 Aurea
530 2256 603 2294 sed
619 2257 754 2310 fluctu

34 2318 279 2371 spumabant
294 2316 442 2355 cccrula
456 2329 557 2352 cano
571 2330 586 2361 ;
608 2316 755 2362 nescio,

36 2391 88 2416 an
123 2375 338 2415 rotundior
370 2376 425 2412 sic
463 2382 576 2411 exeat
616 2375 756 2411 oratio.

78 2435 181 2484 ‘675
207 2448 294 2486 sqq.
322 2432 537 2484 Splendida
573 2432 758 2468 carminis

39 2506 155 2544 pars,
185 2505 305 2543 quam
334 2491 455 2529 velim
486 2504 606 2527 unam
641 2490 759 2540 clipei

41 2559 318 2604 argumentum
348 2563 370 2587 a
396 2558 510 2600 poeta
534 2549 681 2586 factum
702 2561 760 2584 es-

41 2621 96 2646 se.
134 2611 225 2648 Jam
273 2609 483 2659 Propertio
529 2607 595 2644 hic
646 2606 760 2645 locus

43 2664 141 2705 adeo
157 2665 350 2718 probatus
368 2666 469 2712 fuit,
489 2674 559 2713 ut,
584 2666 653 2702 etsi
677 2674 759 2702 tum

819 825 924 849 mam
949 811 1216 862 praestantiam
1244 820 1504 863 auguraretur
1532 826 1539 849 z

819 869 942 907 Actia
976 869 1189 921 Virgilium
1221 866 1389 921 (juvet)
1421 880 1543 908 custo-

819 928 882 965 dis
902 927 1022 965 litora
1040 926 1181 965 Phoebi
1186 956 1197 973 ‚
1223 927 1393 965 Coesaris
1409 927 1543 980 etfor—

819 995 877 1023 tes
893 986 1026 1025 dicere
1039 999 1160 1037 posse
1177 995 1284 1023 rates
1304 1000 1318 1023 .·
1341 986 1420 1036 Qui
1437 1000 1544 1025 nunc

819 1046 967 1083 AEnea’
1006 1047 1042 1082 T
1039 1042 1174 1095 rojani
1199 1043 1365 1081 suscitat
1397 1058 1538 1091 arma,

819 1105 1021 1153 Jactaque
1050 1101 1214 1140 Lavinis
1243 1101 1392 1139 moenia
1419 1102 1541 1141 litori-

819 1161 901 1199 bus.
940 1160 1077 1198 cedite
1104 1159 1280 1198 Romani
1310 1159 1542 1210 scriptores,

818 1218 947 1257 cedite
967 1219 1085 1257 Graii
1094 1234 1110 1265 ;
1131 1218 1277 1256 [Vescio
1298 1218 1399 1269 quid
1412 1219 1543 1270 majus

820 1278 1000 1315 nascitur
1029 1277 1164 1315 Iliade
1182 1291 1195 1314 .·
1213 1277 1240 1315 l.
1261 1278 1300 1313 ΙΙ
1314 1305 1324 1324 ,
1346 1277 1407 1314 ΕΙ.
1438 1286 1539 1315 extr.

820 1338 868 1373 In
894 1336 1026 1373 medio
1051 1336 1192 1386 clipei,
1212 1348 1296 1372 non
1316 1336 1434 1372 maris
1453 1347 1462 1372 :
1488 1344 1543 1372 et·

819 1395 850 1430 si
873 1394 950 1430 hoc
969 1393 1140 1430 mediam
1171 1393 1288 1443 clipei
1309 1401 1460 1442 partem
1480 1406 1542 1430 oc-

820 1464 966 1501 cupare
983 1451 1208 1501 putandum
1227 1459 1307 1495 est,
1329 1452 1362 1486 si
1386 1459 1514 1487 tamen
1528 1480 1539 1495 ‚

818 1518 964 1559 praeter
1004 1521 1206 1560 pugnam,
1250 1507 1367 1543 etiam
1410 1507 1542 1559 fugam

820 1575 858 1603 et
878 1566 1130 1617 triumphum
1155 1564 1366 1616 complexa
1387 1579 1431 1602 ea
1459 1575 1539 1613 est,

817 1625 862 1661 in
880 1625 1013 1675 plures
1033 1633 1164 1675 partes
1184 1636 1226 1661 ac
1245 1623 1333 1661 loca
1360 1622 1545 1662 distincta

819 1696 901 1719 esse
931 1682 1085 1720 debuit.
1115 1681 1238 1719 Actia
1270 1681 1398 1728 bella,
1441 1696 1543 1735 pug-

819 1753 911 1776 nam
921 1741 1140 1777 Actiacam.
1150 1742 1368 1789 Totumque
1383 1739 1544 1777 instruc—

821 1806 860 1833 to
881 1799 1030 1842 ,Uarce,
1046 1797 1087 1834 h.
1108 1797 1229 1833 classe
1246 1798 1440 1832 instructa
1455 1825 1465 1842 ‚
1482 1799 1543 1833 vi-

820 1854 934 1891 deres
954 1856 1117 1890 Fervere
1144 1855 1346 1889 Leucaten
1360 1867 1376 1897 ,·
1406 1853 1542 1890 locum

822 1925 872 1948 ex
905 1912 1051 1947 vicinia
1080 1912 1239 1961 posuit,
1264 1919 1309 1947 ut
1334 1919 1443 1948 tanto
1466 1925 1546 1948 ma-

818 1970 882 2016 jor
907 1970 964 2005 rei
990 1977 1090 2005 esset
1107 1969 1270 2019 species.
1289 1969 1389 2006 Nam
1411 1969 1543 2007 classis

822 2035 992 2076 utraque
1028 2026 1196 2063 obversa
1239 2034 1322 2063 erat
1361 2026 1542 2064 claustris

821 2092 860 2119 et
876 2084 1058 2120 saucibus
1074 2085 1184 2120 sinus
1197 2083 1401 2121 Ambracii
1415 2098 1426 2131 ;
1448 2098 1545 2137 pug-

821 2149 959 2177 nalum
980 2142 1087 2178 enim
1110 2149 1168 2178 est
1195 2143 1238 2178 in
1270 2143 1469 2179 exteriore
1491 2145 1542 2180 si-

822 2211 879 2235 nu
904 2212 1042 2236 versus
1063 2212 1170 2236 mare
1192 2207 1365 2250 patente.
1395 2201 1544 2250 Agitur

821 2265 954 2294 autem
989 2256 1037 2293 de
1071 2258 1153 2307 ipsa
1186 2270 1344 2309 pugna,
1380 2271 1464 2296 non
1492 2258 1543 2296 de

822 2316 870 2351 iis
911 2328 1000 2365 quae
1034 2323 1344 2354 antecesserunt.
1375 2316 1543 2367 Alioqui

822 2372 959 2410 locum
990 2372 1155 2410 haberet
1183 2373 1324 2410 Florus
1343 2374 1403 2411 IV
1417 2402 1428 2421 ,
1466 2387 1481 2411 1
1496 2388 1511 2412 ι
1530 2404 1539 2418 ,

827 2438 850 2475 4
888 2430 1314 2482 Ccesar—positisque
1342 2431 1382 2468 in
1415 2432 1542 2484 Epiro

825 2488 964 2525 castris
981 2489 1206 2526 Leucadem
1224 2489 1414 2536 insulam,
1435 2504 1541 2528 mon-

827 2556 986 2597 temque
1015 2548 1240 2593 Leucaten,
1268 2556 1309 2585 et
1336 2549 1543 2586 Ambracia

826 2604 935 2642 sinus
960 2618 1110 2643 cornua
1135 2604 1282 2658 infesta
1305 2606 1433 2644 classe
1463 2620 1545 2644 suc-

827 2663 1025 2702 cinoeerat.
1051 2686 1111 2692 —
1140 2664 1238 2714 677.
1267 2666 1457 2715 Aut-oque
1485 2666 1542 2717 ef-

44 2730 127 2762 tota
147 2725 280 2763 AEneis
298 2723 481 2762 nondum
504 2724 687 2774 evulgata
705 2735 760 2759 es·
814 2720 984 2772 fitlgere
1016 2722 1170 2776 fluctus
1183 2737 1199 2769 ;
1245 2722 1323 2760 hoc
1365 2723 1543 2761 hemisti-

44 2789 102 2818 set
115 2809 126 2826 ,
157 2794 209 2820 ex
225 2795 275 2820 eo
291 2789 425 2820 tamen
442 2783 630 2820 carminis
655 2794 761 2819 sum-

207 2861 291 2905 III.

829 2779 963 2818 chium
994 2794 1157 2832 prorsus
1184 2783 1361 2820 otiosum
1391 2790 1428 2818 et
1459 2782 1541 2818 lan—

1284 2864 1344 2906 30
