1767 3054
210 128 227 165 l.
241 132 260 156 2
843 117 1086 155 AENEIDOS

208 192 293 238 His
316 205 539 253 magnum
566 188 764 235 Alciden
791 200 957 235 contra
978 189 1128 248 stetit3
1154 187 1227 235 his
1249 204 1337 253 ego
1359 200 1541 249 suetus,

209 269 336 312 Dum
360 264 528 310 melior
552 264 677 309 vires
703 263 891 324 sanguis
918 263 1085 322 dabat,
1107 263 1275 310 aemula
1300 263 1501 311 necdum
1654 276 1714 311 2115

209 338 528 402 Temporibus
550 338 746 401 geminis
773 337 973 383 canebat
997 354 1159 400 sparsa
1180 350 1409 387 senectus.

212 413 308 462 Sed
336 414 375 460 si
395 424 557 460 nostra
577 417 727 458 Dares
749 411 850 457 haec
874 412 1046 458 Troius
1072 428 1202 459 arma
1226 424 1436 473 recusat,

210 490 362 551 quue
388 490 468 550 pio
494 488 625 535 sedet
646 490 829 544 AEneae,
856 485 1029 549 probat
1053 498 1219 533 auctor
1243 493 1457 546 Acestes,

210 567 470 626 AEquemus
497 577 678 625 pugnas
704 580 714 606 :
738 561 903 623 Erycis
930 561 1017 608 tibi
1038 574 1169 625 terga
1192 563 1405 624 remitt03

211 641 353 687 Solve
378 649 554 697 metus;
580 650 626 685 et
651 647 703 683 tu
724 639 954 702 Trojanos
980 655 1101 684 exue
1127 650 1308 685 caestus.
1337 660 1354 680 υ

1659 653 1718 686 420

209 718 323 761 Haec
345 715 466 760 fatus
479 750 491 772 ,
519 714 758 776 duplicem
779 730 838 759 ex
861 714 1073 760 humeris
1102 713 1266 776 rejecit
1287 713 1510 759 amictum
1524 748 1535 768 ‚

209 792 269 835 Et
292 805 487 851 magnos
512 787 838 834 membrorum
864 800 1017 846 artus,
1038 804 1208 850 magna
1233 804 1361 846 ossa,
1381 788 1678 850 lacertosque

210 863 375 919 Exuit,
403 874 544 925 atque
565 864 730 925 ingens
756 863 911 909 media
930 863 1142 910 consistit
1167 878 1323 908 arena.

210 943 332 984 Tum
355 951 483 985 satus
510 939 718 985 Anchisa
741 951 906 985 caestus
931 949 1067 1001 pater
1092 937 1262 983 extulit
1285 951 1468 998 aequos,

210 1017 269 1059 Et
294 1013 489 1075 paribus
516 1015 693 1076 palmas
720 1013 967 1059 amborum
992 1012 1208 1058 innexuit
1234 1012 1388 1057 armis.

1657 1023 1718 1059 425

277 1088 500 1134 Constitit
522 1088 570 1132 in
591 1088 762 1149 digitos
788 1087 1030 1149 extemplo
1056 1086 1275 1131 adrectus
1295 1097 1517 1147 uterque,

213 1274 368 1299 necesse
403 1270 473 1300 est.
513 1261 589 1300 Sed
621 1275 660 1299 v.
696 1275 784 1311 sup.
819 1261 868 1298 ad
890 1276 929 1299 v.

216 1322 294 1367 327
331 1333 415 1369 sqq.
429 1342 487 1348 —-
503 1327 599 1364 414.
635 1318 709 1356 His
744 1320 932 1370 praeclare

212 1379 350 1415 Heius.
384 1379 556 1414 restituit
576 1391 596 1413 e
626 1377 744 1414 codd.
775 1387 814 1414 et
832 1379 933 1416 Pris-

214 1437 344 1473 ciano.
365 1436 499 1486 Vulgo
520 1435 620 1472 male
645 1434 721 1473 ln'c.
744 1435 932 1472 Alcz'dem

211 1492 384 1532 Dorvill.
398 1515 457 1521 —-
475 1494 571 1538 415.
590 1493 758 1530 AEmula
784 1494 931 1530 intelli-

212 1565 259 1603 ge
272 1580 284 1596 ‚
305 1551 509 1600 quomodo
525 1551 618 1588 alias
635 1552 762 1601 poetis
779 1551 928 1596 invida,

213 1617 395 1647 senectus
410 1609 590 1647 nondum
607 1609 781 1646 canebat
793 1623 933 1660 sparsa

214 1667 480 1718 temporibus,·
503 1667 689 1705 nondum
715 1670 802 1705 cani
822 1677 934 1705 erant

214 1726 338 1776 sparsi
357 1739 430 1775 per
448 1735 637 1776 tempora.
660 1727 931 1764 Ornatissime.

214 1783 383 1827 —418.
420 1784 539 1820 Sedet
561 1792 607 1820 ut
633 1796 719 1833 sup.
761 1784 832 1820 lib.
869 1786 933 1830 ΙΙ,

217 1841 301 1878 660
322 1839 365 1876 Si
385 1841 497 1878 sedet
514 1840 586 1877 hoc
612 1840 762 1878 animo.
783 1842 938 1878 Auctor

214 1900 401 1944 Acestes,
425 1911 561 1936 suasor
573 1926 583 1944 ,
611 1899 682 1949 qui
700 1901 852 1949 primus
871 1913 934 1935 me

215 1956 263 1994 ad
274 1955 377 1993 hanc
387 1970 564 2008 pugnam
577 1957 776 1994 excitavit.
789 1958 936 2007 AEquc-

217 2028 303 2052 mus
313 2028 499 2067 pugnas,
523 2023 721 2052 certamen
735 2043 745 2061 ,
769 2023 807 2052 et
824 2028 934 2051 nunc

218 2072 379 2124 quidem
400 2085 505 2109 arma
519 2101 529 2119 ,
560 2081 702 2110 cestus,
738 2072 909 2110 Remitto
926 2101 936 2119 ‚

219 2130 317 2168 cedo
331 2144 372 2168 ac
392 2132 580 2168 renuntIO
597 2131 768 2168 cestibus
783 2131 933 2181 Erycis,

218 2196 265 2225 ut
279 2188 382 2225 bene
401 2189 539 2226 Cerda.
561 2190 624 2227 Sic
645 2197 683 2225 et
700 2189 812 2235 alias,
839 2202 876 2226 v,
899 2202 932 2226 e.

217 2244 290 2283 inf.
309 2247 368 2283 XI
380 2274 390 2291 ,
410 2246 491 2296 359
515 2246 642 2283 Cedat
649 2245 718 2296 jus
727 2245 936 2297 proprium

219 2302 328 2354 regi,
349 2303 576 2354 patriaeque
599 2304 788 2343 remittat.

281 2368 331 2405 42
343 2374 377 2398 1.
407 2360 619 2411 Triplicem
636 2363 798 2400 Vratisl.
816 2361 937 2412 Deje-

219 2417 276 2456 cz't
311 2418 464 2470 aliquot
497 2421 597 2456 Pier.
634 2426 672 2456 et
700 2421 815 2456 Witt.
834 2447 844 2465 ,
887 2419 936 2455 ab

219 2475 386 2514 indocto
426 2477 694 2514 Grammatico
708 2504 718 2522 ‚
753 2478 824 2526 qui
856 2478 937 2527 pri-

221 2547 325 2571 mam
361 2536 405 2571 in
436 2533 592 2584 rejecit,
638 2548 707 2571 seu
745 2534 805 2571 rei
843 2547 934 2584 pro-

220 2592 465 2639 nuntiando,
490 2606 560 2630 seu
594 2594 785 2644 geminata
821 2593 934 2629 tacite

210 2648 239 2698 j
264 2650 396 2698 litera,
430 2650 601 2701 produci
629 2649 848 2702 ignorabat.
876 2671 933 2678 -—

222 2713 301 2751 421
324 2729 382 2737 ·--
404 2710 500 2753 423.
530 2709 739 2746 Manifesta
767 2708 934 2744 imitatio

219 2763 299 2803 Ioci
317 2765 556 2805 nobilissimi
577 2765 720 2819 Odyss.
745 2779 789 2815 σ,
821 2766 936 2823 65—-3

1002 1268 1069 1309 74.
1089 1258 1139 1297 cf.
1158 1258 1293 1309 Apoll.
1312 1260 1352 1295 II
1365 1287 1376 1306 ,
1398 1258 1450 1296 30
1463 1271 1548 1310 sqq.
1567 1261 1718 1297 Versus

1001 1326 1080 1363 422
1110 1331 1159 1355 ex
1189 1319 1292 1354 Enn.
1311 1316 1430 1353 fluxit
1450 1329 1511 1367 ap.
1535 1317 1717 1356 Macrob.

999 1378 1080 1422 VI,
1111 1389 1128 1413 1
1171 1387 1324 1427 magna
1371 1387 1460 1411 ossa
1502 1375 1720 1426 lacertique

999 1436 1212 1484 Apparent
1260 1432 1449 1470 hominei.
1480 1432 1715 1483 Duplicem,

999 1494 1118 1529 Hom.
1143 1487 1284 1532 διπλῆν
1301 1519 1312 1538 ,
1328 1491 1530 1541 duplicato
1559 1503 1691 1541 panno
1706 1521 1716 1536 ,

1000 1558 1045 1586 ut
1057 1550 1151 1587 alibi
1162 1549 1332 1587 docuere
1348 1549 1423 1585 viri
1436 1549 1718 1595 doeth—422.

1000 1609 1123 1645 Arcus
1145 1620 1393 1660 magnosque
1417 1607 1585 1644 lacertos
1615 1621 1720 1645 unus

1000 1667 1101 1704 Pier.
1142 1675 1180 1703 et
1211 1665 1380 1703 Dorvill.
1423 1677 1466 1702 ac
1499 1666 1640 1712 Witt.,
1671 1665 1720 1702 ab

1000 1724 1282 1774 interpolatore
1296 1751 1306 1769 ‚
1328 1723 1398 1773 qui
1416 1722 1719 1773 hypermetrum

1000 1795 1160 1818 versum
1180 1794 1266 1819 non
1289 1780 1463 1826 ferebat3
1486 1782 1553 1817 cui
1575 1780 1640 1818 alii
1664 1783 1720 1818 sic

1001 1839 1152 1876 mederi
1177 1840 1360 1885 voluere,
1393 1847 1439 1875 ut
1465 1850 1542 1888 que
1567 1839 1612 1875 in
1637 1836 1719 1876 fine

1002 1897 1209 1944 tollerent3
1231 1909 1471 1947 quamquam
1487 1903 1526 1932 et
1544 1909 1638 1933 casu
1655 1909 1720 1934 ex·
1759 1897 1761 1902 ’

1002 1955 1132 1992 cidere
1159 1956 1304 2006 potuit.
1331 1956 1490 2006 Magna
1511 1967 1583 1991 ora
1601 1954 1628 1992 l.
1658 1968 1720 1992 co-

1002 2013 1080 2049 dex
1115 2013 1305 2060 Pontani,
1348 2025 1502 2064 magna
1535 2025 1652 2049 arma
1691 2013 1717 2050 l.

1002 2073 1133 2121 Sprot.
1153 2070 1228 2109 Sed
1256 2083 1345 2107 ossa
1360 2071 1404 2119 in
1426 2069 1612 2107 athletico
1630 2083 1719 2108 cor-

1001 2142 1097 2179 pore
1132 2129 1314 2179 inprimis
1350 2127 1541 2165 notabilia
1578 2136 1691 2165 erant
1709 2142 1720 2175 3

1001 2188 1089 2236 quis
1107 2186 1414 2231 dubitet?—42
1422 2187 1459 2224 3.
1478 2184 1640 2223 Extulit
1656 2198 1717 2236 ap.

1003 2245 1184 2283 Macrob.
1215 2246 1276 2281 VI
1287 2272 1307 2291 ,v
1335 2258 1352 2281 1
1370 2272 1381 2290 ,
1405 2242 1473 2280 sed
1498 2243 1655 2280 Nonius
1681 2251 1721 2280 et

1004 2304 1142 2352 scripti
1169 2310 1325 2339 servant
1352 2300 1571 2352 vulgatam,
1596 2309 1635 2338 et
1657 2314 1718 2338 re-

1004 2361 1129 2396 curn’t
1150 2358 1258 2396 istud
1274 2371 1390 2396 versu
1411 2358 1540 2395 statim
1556 2371 1720 2409 sequen-

1003 2426 1053 2454 te.
1084 2417 1242 2455 Scilicet
1273 2415 1388 2453 exuit·
1411 2426 1520 2453 artus
1553 2424 1718 2453 venuste

1002 2475 1154 2512 dictum
1177 2486 1253 2525 pro
1280 2474 1458 2525 vulgari,
1484 2472 1600 2510 exuit
1631 2486 1719 2511 ves-

1003 2543 1081 2570 tem
1106 2531 1187 2584 (sc.
1218 2530 1266 2569 de
1298 2532 1458 2569 artubus
1481 2529 1636 2582 ).—In
1673 2544 1711 2569 v.

1000 2598 1082 2636 424
1100 2591 1243 2627 iterum
1261 2592 1450 2628 convenit
1467 2601 1560 2627 cum
1577 2588 1711 2640 Apol·

998 2648 1081 2687 lon.
1100 2649 1163 2695 11,
1186 2647 1235 2685 51
1251 2661 1336 2699 sqq.
1735 2692 1739 2701 ἶ

1060 2706 1142 2751 426
1166 2719 1251 2757 sqq.
1275 2704 1548 2757 Comparanda
1568 2703 1635 2741 hic
1655 2703 1717 2740 in-
1742 2754 1747 2758 ι

998 2766 1136 2816 primis
1166 2764 1254 2802 loca
1287 2765 1472 2812 Homeri,
1503 2761 1713 2814 Apollonii
