1767 3054
554 129 626 165 AD
657 127 862 165 LIBRUM
892 128 985 167 VII.
1436 139 1515 190 397

83 202 158 244 Sed
186 205 229 242 in
255 202 317 240 1115
348 201 490 239 sabulis
507 212 646 252 magna
667 200 766 236 sacta
787 214 868 238 esse
887 200 1044 239 111181111-
1063 205 1334 255 perturbatio,
1355 221 1528 260 quatuor

28 276 279 326 potissimum
292 300 303 319 ,
322 272 354 309 si
366 279 471 308 recte
483 269 620 318 judico
633 298 644 317 ‚
665 269 804 307 modis.
819 269 996 307 Primum
1011 299 1022 316 ‚
1039 284 1165 322 quum
1180 301 1190 319 ,
1211 280 1415 314 communi
1433 278 1526 319 licet
1576 291 1589 298 ·

28 343 151 394 stirpe
178 339 361 385 oriundi,
390 337 537 375 diversi
570 346 698 375 tamen
720 346 756 374 et
773 351 844 388 per
868 340 995 376 varias
1026 339 1149 377 Italiae
1174 350 1304 392 partes
1334 343 1523 395 dispersi,

28 410 170 463 populi
196 407 382 461 proprios
412 408 582 457 quisque
613 405 807 457 quosdam
832 419 925 444 suos
948 406 1140 446 haberent
1167 411 1355 462 m5thos:
1377 414 1425 451 ad
1448 417 1532 454 Ab·

32 477 204 526 origines
234 487 304 511 seu
330 475 490 512 Latinos
521 487 587 510 eos
613 472 766 510 trahere
795 476 920 512 serior
942 476 1062 526 coepit
1087 486 1201 524 aeta5‚
1228 479 1491 534 inprimisque
1513 498 1536 520 e

29 544 221 585 Romanis
238 543 421 593 quisquis
441 551 591 580 veteres
615 541 800 580 historias
816 544 1113 594 conscripserat.
1133 546 1344 586 videndus
1362 551 1406 588 in
1429 551 1534 589 hanc

30 624 115 651 rem
133 612 317 663 inprimis
340 613 447 648 Sext.
472 611 610 648 Aurel.
629 611 794 657 Victor3
818 610 909 649 add.
934 611 1047 650 locus
1069 615 1222 653 Tzetzae
1240 617 1289 654 ad
1309 619 1537 670 Lycophro-

31 692 124 718 nem
151 680 283 725 1232,
300 692 419 729 quem
447 677 496 715 ad
516 679 687 715 Dionem
714 679 878 716 retraxit
896 677 1091 717 Valesius.
1122 682 1179 718 Ita
1208 683 1356 721 sactum
1388 686 1437 723 ab
1465 688 1535 735 iis,

34 760 138 801 quos
159 748 352 799 Virgilius
379 747 457 785 alio
488 747 579 784 1080
606 747 799 797 sequitur.
829 749 929 786 Nam
943 776 954 795 ,
977 748 1090 800 quod
1108 749 1231 789 modo
1254 765 1344 789 eum
1364 755 1536 794 vidimus

38 817 170 856 Latini
198 817 368 864 majores
395 814 510 852 edere
538 817 743 862 Faunum,
776 815 915 852 Picum
945 824 984 853 et
1021 818 1237 856 Saturnum
1275 829 1456 871 atavum,
1495 823 1538 861 id

35 882 175 935 paullo
197 891 288 935 post
311 897 352 922 v.
379 895 454 931 177
479 896 563 933 sqq.
591 881 747 920 deserit.
777 884 825 920 In
849 883 978 920 Latini
997 885 1129 937 regia:
1152 887 1258 938 Quin
1279 888 1402 928 etiam
1425 901 1539 929 vete-

40 965 129 990 rum
157 951 310 1006 effigi&
331 965 386 990 ea·
401 951 542 988 ordine
565 964 726 989 avorum
744 951 926 1002 Antiqua
951 966 1004 990 ex
1023 953 1140 992 cedro
1152 970 1168 1000 ;
1189 957 1396 1009 Italusque
1403 972 1543 1010 pater·

40 1034 119 1075 que
137 1021 310 1059 Sabinus
337 1022 377 1057 V
375 1019 551 1066 itisator‚
571 1032 730 1056 curvam
754 1032 913 1056 servans
927 1019 996 1056 sub
1015 1020 1192 1073 imagine
1198 1023 1357 1075 falcem
1371 1055 1382 1072 ,
1408 1029 1543 1067 Satur.

42 1102 195 1140 nusque
225 1101 375 1132 senex,
409 1087 584 1138 Ianique
613 1084 795 1138 bifrontis
822 1085 957 1138 imago
987 1088 1186 1126 Vestibulo
1215 1092 1442 1134 adstabant.
1468 1098 1546 1135 Hic

42 1156 213 1194 Sabinus
233 1155 283 1193 ad
308 1155 498 1202 Sabinos,
519 1156 590 1206 qui
615 1156 720 1192 inter
747 1156 1034 1193 vetustissimos
1067 1170 1118 1194 ex
1144 1160 1376 1199 Ausonibus
1411 1164 1547 1212 fuere,

45 1223 276 1263 referendus
305 1232 388 1270 est,
420 1224 548 1273 gentis
579 1235 600 1259 a
629 1221 856 1269 nonnullis,
885 1231 930 1260 ut
952 1237 971 1260 a
993 1225 1166 1273 Catone,
1197 1236 1335 1265 auctor
1361 1229 1547 1280 habitus;

46 1293 119 1331 etsi
146 1291 214 1330 alii
229 1291 340 1329 aliter
369 1290 418 1327 de
445 1290 587 1341 populi
611 1291 762 1342 origine
784 1299 822 1327 et
839 1292 999 1328 nomine
1016 1295 1184 1344 argutati
1208 1305 1314 1334 sunt.
1335 1297 1402 1335 Sil.
1417 1299 1518 1336 VIII
1535 1327 1547 1347 ‚

50 1367 134 1405 424
157 1359 306 1396 Sabum
329 1367 460 1396 vocat.
478 1357 527 1396 cf.
543 1360 738 1409 Pompon.
751 1358 842 1396 Sab.
864 1358 912 1396 ad
928 1358 968 1397 11.
990 1360 1017 1398 1.
1038 1362 1130 1409 vn,
1155 1363 1249 1410 158.
1270 1365 1399 1402 Italus
1417 1376 1548 1405 autem

47 1426 97 1466 ad
113 1427 329 1466 OEnotrios
346 1434 519 1476 spectat,
546 1439 647 1476 quos
673 1428 881 1463 Ausonum
907 1426 1016 1463 sedes
1038 1429 1079 1464 in
1104 1437 1279 1467 extrema
1302 1432 1413 1469 Italia
1431 1446 1551 1471 0880-

26 1488 33 1499 ’
48 1507 185 1546 passe,
211 1503 272 1540 81,
300 1492 410 1543 quod
437 1492 648 1544 probabile
678 1501 758 1539 est,
787 1506 879 1530 cum
905 1493 1044 1531 iisdem
1076 1498 1303 1546 promiscue
1328 1498 1550 1548 habitasse,

48 1575 171 1613 supra
191 1561 376 1599 vidimus.
405 1562 584 1612 Namque
609 1562 651 1598 in
669 1561 731 1598 his
746 1561 846 1598 locis
864 1563 1036 1612 primum
1057 1564 1180 1601 Italiae
1200 1577 1345 1603 nomen
1370 1567 1550 1607 auditum

51 1638 133 1677 est,
153 1630 236 1666 sive
259 1629 309 1666 ab
328 1629 430 1666 Italo
449 1641 564 1678 rege,
585 1629 668 1665 slve
692 1628 740 1665 ab
768 1629 841 1666 alia
872 1641 1007 1666 caussa
1037 1629 1217 1670 ductum.
1242 1634 1386 1671 Italum
1418 1638 1554 1674 OEno-

52 1698 150 1736 trios
162 1726 174 1745 ‚
191 1698 262 1748 qui
274 1696 439 1748 dispersi
454 1695 687 1734 habitabant
703 1692 905 1750 (νομάδας
917 1695 946 1747 ),
965 1697 1013 1734 311
1028 1699 1312 1749 agriculturam
1329 1701 1552 1752 adduxisse,

51 1766 158 1817 leges
175 1766 373 1816 scripsisse
386 1793 398 1812 ,
418 1773 458 1802 et
470 1792 482 1811 ‚
499 1767 602 1803 inter
618 1765 693 1802 alia
708 1793 719 1812 ,
735 1765 916 1803 sodalitia
943 1767 1206 1816 conviviaque
1222 1768 1383 1818 publica
1402 1769 1557 1822 (συσσί-

53 1833 148 1885 τια.)
176 1832 224 1870 311
249 1845 368 1870 suum
402 1845 528 1882 usque
555 1842 708 1882 tempus
742 1832 987 1883 frequentata
1014 1835 1262 1872 constituisse
1297 1846 1429 1874 narrat
1452 1839 1558 1876 Aris-

55 1900 196 1939 toteles
215 1898 264 1936 de
284 1901 384 1949 Rep.
406 1901 485 1936 VII
499 1926 510 1945 ‚
537 1911 586 1935 10
601 1926 612 1945 ,
636 1898 745 1949 quod
771 1899 916 1936 frustra
935 1908 1130 1937 conantur
1151 1900 1197 1937 ad
1218 1904 1432 1941 Saturnum
1448 1917 1559 1942 revo-

56 1980 160 2007 0018.
181 1966 335 2020 Quidni
358 1967 561 2004 OEnotriis
577 1978 664 2002 suas
685 1965 836 2002 fabulas
852 1966 1141 2017 relinquimus?

115 2036 262 2076 Altera
291 2032 521 2084 mythorum
552 2034 780 2070 Latinorum
817 2033 1186 2085 interpolandorum
1207 2037 1307 2074 ratio
1337 2037 1386 2075 ab
1415 2038 1559 2091 allego-

62 2104 154 2142 ricis
172 2100 466 2140 narrationibus
486 2100 660 2151 prosecta
675 2129 685 2147 ,
704 2113 803 2151 quas
825 2101 867 2137 in
885 2101 1138 2139 historiarum
1159 2102 1340 2141 ordinem
1361 2113 1400 2142 81
1419 2119 1558 2144 nume-

64 2182 155 2208 rum
175 2169 341 2207 seriores
361 2166 612 2205 retulerunt:
634 2165 742 2218 quod
763 2166 865 2204 idem
887 2169 990 2205 inter
1006 2169 1168 2206 Graecos
1183 2178 1222 2206 81
1242 2183 1378 2207 001085
1394 2173 1561 2211 omnino

65 2245 262 2275 terrarum
281 2234 453 2285 populos
472 2233 618 2271 factum
638 2247 742 2280 esse,
758 2233 878 2272 modo
895 2236 937 2272 in
953 2236 1087 2272 multis
1101 2265 1112 2282 ,
1131 2236 1251 2274 modo
1270 2238 1312 2275 in
1328 2240 1465 2288 paucis
1485 2251 1563 2276 ma-

68 2304 257 2344 1111851οω
285 2311 355 2340 851.
389 2304 446 2339 113
476 2304 692 2348 Saturnus,
716 2304 898 2351 Faunus,
929 2305 1075 2350 Jnnus,
1105 2305 1208 2342 iuter
1237 2307 1364 2343 Latini
1392 2308 1563 2355 majores

66 2370 181 2410 relati
209 2378 325 2416 5001,
352 2371 421 2421 qui
445 2379 574 2407 tamen
595 2369 814 2421 symbolica
844 2370 1007 2408 suerunt
1026 2372 1187 2408 nomina
1204 2384 1248 2409 ac
1263 2374 1394 2424 signa,
1416 2373 1564 2424 quibus

69 2438 195 2475 varias
212 2450 273 2474 res
290 2436 473 2488 physicas
494 2446 532 2474 et
552 2437 697 2474 ethicas
716 2436 939 2474 declarabat
958 2447 1071 2474 vetus
1091 2438 1214 2477 Italia.

126 2505 204 2545 Sed
225 2506 414 2554 majorem
437 2505 618 2543 mutandi
638 2515 676 2543 81
699 2504 746 2542 311
770 2507 1015 2557 peregrinam
1035 2506 1211 2544 indolem
1228 2506 1461 2547 inflectendi
1477 2522 1566 2562 my-

74 2571 163 2611 thos
179 2572 339 2611 Latinos
355 2572 399 2609 111
409 2574 554 2610 entiam
567 2601 578 2619 ‚
601 2573 714 2610 tertio
736 2572 896 2624 quidem
916 2573 1008 2611 loco
1021 2602 1032 2620 ‚
1051 2574 1183 2612 attulit
1206 2576 1391 2613 insanum
1412 2577 1569 2615 Graeca-

75 2638 178 2676 nicae
205 2637 395 2677 doctrinae
413 2640 455 2676 iu
475 2641 620 2692 patrias
648 2640 831 2678 historias
854 2641 893 2677 et
918 2640 1127 2693 religiones
1154 2641 1368 2680 inferendae
1393 2643 1572 2681 studium

79 2707 184 2745 inter
199 2707 399 2746 Romanos
411 2737 422 2756 ,
439 2708 548 2760 quod
565 2723 586 2747 a
605 2709 790 2761 pluribus
807 2709 950 2746 caussis
968 2710 1190 2761 profectum
1204 2718 1275 2750 851.
1293 2710 1447 2751 Partim
1467 2713 1573 2750 enim

84 2772 312 2812 domesticae
328 2772 502 2816 historiae
519 2777 754 2829 antiquioris
771 2777 993 2829 ignorantia
1004 2805 1016 2826 ,
1042 2785 1081 2817 81
1103 2777 1259 2831 plenior
1276 2778 1576 2832 expeditiorque

241 2856 329 2901 111.
1359 2859 1385 2904 3
1394 2863 1422 2914 4
