1767 3054
716 120 869 157 LIBER
900 119 994 156 vn.

1530 123 1616 161 215

111 191 240 251 Quin
265 191 406 238 etiam
428 201 644 236 veterum
668 189 846 252 effigies
867 205 926 234 cx
950 187 1119 235 ordine
1139 205 1339 238 avorum

111 267 319 328 Antiqua
343 282 368 311 e
392 264 559 321 cedro,
585 264 850 325 Italusque,
876 275 1108 326 paterque
1131 263 1336 311 Sabinus

111 343 360 398 vitisator,
380 356 575 386 curvam
594 356 787 386 servans
811 339 900 387 sub
926 339 1129 401 imagine
1156 339 1346 399 falcem,

112 419 440 476 Saturnusque
466 431 605 460 senex
620 450 632 470 ,
653 415 856 476 Janique
878 414 1100 460 bifrontis
1122 413 1304 476 imago,
1559 428 1615 456 180

111 487 357 536 Vestibulo
380 488 653 546 adstabant,
679 489 853 552 aliique
877 489 936 535 ab
963 488 1146 550 origine
1166 505 1322 550 reges,

110 564 380 626 Martiaque
401 563 463 610 ob
491 565 692 626 patriam
711 564 968 628 pugnando
992 564 1188 610 volnera
1212 563 1353 626 passi.

115 640 366 702 Multaque
387 652 619 702 praeterea
644 641 789 687 sacris
811 641 859 686 in
883 639 1100 703 postibus
1121 656 1274 698 arma,

112 717 303 780 Captivi
322 718 528 779 pendent
550 733 741 774 currus,
763 732 1016 778 curvaeque
1039 732 1250 773 secures,

113 793 172 839 Et
194 791 348 839 cristae
372 791 606 854 capittun,
629 803 678 838 et
701 802 948 853 portarum
966 791 1175 852 ingentia
1194 790 1419 847 claustra,
1557 800 1616 831 185

179 981 419 1029 177-182,
448 982 576 1019 Etiam
611 980 697 1018 haec
725 981 836 1032 signa

114 1038 159 1076 in
188 1039 388 1077 vestibulo
421 1040 612 1077 collocata
641 1048 759 1085 sunt,
791 1047 838 1076 ut

116 1098 160 1133 in
180 1097 289 1134 curia
311 1098 375 1134 vel
398 1098 546 1148 templo
566 1111 650 1134 mos
679 1106 762 1133 erat
795 1098 838 1134 in

117 1154 230 1192 aditu
250 1163 289 1192 et
322 1157 482 1206 porticu
511 1157 619 1206 signa
644 1157 748 1191 inter
772 1167 838 1192 co-

118 1213 278 1250 lumnas
310 1226 474 1262 ponere.
506 1215 734 1250 Iiuitatione
769 1226 838 1249 ex-

118 1272 261 1321 pressit
279 1269 416 1307 locum
439 1273 480 1308 in
503 1272 651 1321 Elyssae
669 1272 838 1308 sacrario

118 1328 238 1367 Silius
254 1329 273 1364 I
287 1356 297 1375 ,
330 1329 383 1365 86
402 1343 481 1379 seq.
503 1330 625 1365 Italus
645 1337 776 1365 autem
801 1335 839 1365 et

119 1385 290 1424 Sabinus
314 1384 356 1425 h.
379 1386 406 1425 l.
438 1388 542 1423 inter
567 1387 695 1423 Latini
722 1386 839 1432 majo-

118 1456 181 1481 res
211 1452 483 1481 memorantur
510 1453 600 1494 post
629 1444 720 1490 illa,
749 1456 838 1494 quae

118 1514 158 1539 v.
186 1502 354 1551 45-49
384 1502 561 1538 edixerat
584 1510 723 1551 poeta,
753 1509 838 1537 tan-

120 1570 240 1610 quam
257 1561 464 1611 agnatione
487 1560 629 1607 juncti.
652 1559 839 1609 Antiqui-

118 1618 210 1655 tatis
246 1619 408 1668 genium
443 1617 605 1654 exhibet
639 1617 755 1654 etiam
794 1617 837 1654 in

117 1676 307 1722 materia,
338 1675 477 1719 cedro,
510 1688 599 1712 nam
620 1676 837 1712 vetustiora

119 1733 230 1784 signa
257 1733 388 1784 lignea
420 1741 555 1780 erant,
591 1733 655 1770 vel
685 1731 835 1770 fictilia.

65 1812 74 1820 -
122 1789 518 1842 Vitisator——falcem
530 1804 544 1827 .·
555 1792 627 1828 etsi
644 1794 838 1828 Saturnus

121 1846 201 1884 fere
235 1860 328 1885 cum
362 1849 460 1885 falce
492 1851 756 1899 exprimitur,
800 1856 840 1884 et

120 1911 216 1941 sunt
247 1906 319 1955 qui
345 1906 543 1956 jungant:
571 1919 727 1942 curvam
761 1917 840 1940 ser·

123 1974 223 1998 vans
243 1961 313 1998 sub
333 1961 676 2013 imaginefalcem
702 1964 839 1998 Satur·

123 2031 297 2070 nusque,
336 2032 386 2056 ex
415 2022 608 2057 sermonis
631 2029 761 2056 tamen
783 2032 839 2055 ra-

121 2077 300 2114 tionibus
317 2076 425 2114 haud
444 2077 566 2114 dubie
583 2076 632 2114 ad
648 2077 838 2114 Sabinum

120 2142 300 2186 spectant
315 2135 400 2172 haee
413 2163 424 2181 ,
449 2148 566 2186 quem
589 2135 705 2172 nobis
722 2143 839 2186 poeta

120 2205 173 2230 ex
204 2193 333 2243 prisca
364 2193 493 2243 aliqua
524 2193 751 2230 eruditione
775 2191 838 2229 de-

121 2250 267 2297 clarat,
319 2251 527 2288 vinearnm
579 2250 836 2288 colendarum

119 2315 323 2346 auctorem
343 2308 484 2355 fuisse;
511 2309 586 2346 sub
602 2311 736 2360 signo,
762 2308 838 2345 for-

119 2374 158 2403 te
181 2364 231 2402 ad
253 2365 400 2403 hermae
423 2380 574 2405 morem
599 2369 641 2403 in
664 2367 837 2417 stipitem

118 2422 324 2462 desinente
338 2453 349 2470 ,
357 2423 462 2476 falx
476 2454 486 2472 ,
512 2434 609 2476 puta
628 2424 677 2462 ad
699 2437 835 2474 ampu-

119 2480 258 2519 tandas
287 2482 448 2520 frondes
487 2483 552 2534 (v.
585 2482 703 2522 ovid.
736 2484 835 2519 Met.

119 2539 243 2587 XIV,
278 2540 683 2591 628-—631—649)
716 2539 839 2587 adjec-

121 2603 183 2642 ta3
208 2609 284 2648 qna
304 2599 434 2648 specie
451 2599 598 2637 Silvani
614 2599 760 2635 hermae
779 2610 840 2635 oc-

121 2663 291 2693 currunt
313 2668 374 2706 ap.
399 2655 652 2694 Boissardnm
670 2666 707 2694 et
728 2656 837 2694 alios.

122 2712 275 2750 Vocem
308 2713 499 2751 vitisator
528 2727 579 2751 ex
614 2716 739 2752 Accio
769 2727 838 2764 pe-

121 2769 206 2818 tiit«,
239 2771 283 2810 in
316 2771 430 2821 cujus
464 2771 694 2824 fragmentis
733 2770 840 2823 apud

902 980 1084 1019 Macrob.
1100 981 1174 1026 VI,
1199 980 1220 1017 3
1246 978 1450 1018 occurrit:
1473 979 1506 1015 O
1527 977 1620 1015 Dio-

905 1053 1024 1088 nyse,
1046 1047 1169 1088 pater
1198 1038 1366 1087 optime,
1404 1035 1614 1082 vitisator,

907 1097 1066 1134 Semela
1092 1095 1251 1147 genitus
1286 1094 1407 1139 Ενίο,
1441 1103 1485 1131 ut
1519 1094 1622 1132 bene

906 1157 1073 1192 Vossius
1096 1154 1206 1204 legit.
1242 1152 1408 1203 Aliique
1428 1151 1478 1188 ab
1502 1151 1623 1204 origi-

905 1227 954 1250 ne
971 1226 1107 1263 reges,
1131 1211 1210 1249 hoc
1231 1219 1310 1257 est,
1326 1211 1459 1260 prisci.
1477 1210 1622 1247 Moles·
1656 1225 1661 1232 ·

905 1279 992 1308 tum
1023 1279 1102 1316 est,
1139 1269 1251 1320 quod
1283 1282 1375 1305 cum
1407 1269 1545 1306 Servio
1575 1267 1624 1305 ad

905 1329 1171 1379 Aboriginum
1206 1339 1355 1364 nomen
1390 1325 1514 1363 alludi
1553 1339 1623 1364 vo-

903 1388 1006 1424 lunt.
1026 1408 1085 1415 —
1110 1386 1204 1423 182.
1234 1387 1489 1421 Burmannus
1516 1386 1626 1420 ,Μαν-

903 1445 1040 1494 tiaque
1071 1457 1122 1481 ex
1151 1444 1289 1482 Servio
1325 1455 1417 1478 cum
1441 1444 1623 1480 Romano

905 1500 1076 1553 (Pierii)
1103 1510 1142 1538 et
1162 1501 1276 1539 editis
1292 1500 1480 1537 omnibus
1494 1500 1624 1551 legen·

904 1560 1000 1598 dum
1042 1560 1190 1598 statuit.
1231 1561 1292 1596 De
1332 1558 1448 1595 editis
1481 1571 1623 1596 verum

903 1617 981 1656 hoc
1016 1630 1104 1655 non
1141 1626 1227 1656 est:
1255 1630 1348 1654 nam
1384 1617 1427 1653 in
1458 1615 1519 1654 his
1555 1615 1628 1667 qui

902 1675 999 1714 inde
1031 1675 1079 1712 ab
1108 1675 1230 1714 Aldd.
1266 1682 1494 1712 constanter
1525 1675 1625 1725 legi-

904 1743 995 1781 tur3
1039 1735 1112 1770 etsi
1150 1732 1390 1772 Benedictus
1426 1732 1471 1769 in
1505 1734 1621 1770 Junt.

904 1791 1115 1830 emendare
1146 1793 1314 1839 jusserat
1350 1803 1440 1839 que.
1482 1790 1624 1827 Malim

905 1849 1090 1899 equidem
1119 1848 1189 1899 qui
1220 1857 1259 1886 et
1286 1861 1362 1899 que
1382 1847 1528 1884 abesse.
1545 1846 1624 1885 Sed

905 1919 1068 1952 vereor,
1102 1920 1152 1943 ne
1172 1913 1280 1943 totus
1297 1918 1435 1942 versus
1459 1904 1623 1942 aliunde

904 1966 948 2001 in
971 1964 1145 2013 margine
1176 1963 1397 2000 adhaeserit.
1426 1962 1494 1998 An
1524 1962 1624 1999 alius

904 2030 1020 2072 poeta
1052 2021 1200 2057 dixerit
1228 2019 1383 2057 Martia
1415 2018 1618 2065 vulnera,

904 2087 951 2116 ut
969 2091 1086 2114 arma
1108 2077 1287 2122 Marcia,
1308 2076 1427 2128 signa
1449 2077 1616 2122 stlat-tia,

906 2133 1026 2189 ἀρήϊοι
1066 2134 1236 2185 τεύχεα,
1286 2136 1443 2186 ignoro.
1494 2137 1624 2187 Reges

902 2203 998 2232 sunt
1017 2195 1182 2232 omnino
1201 2193 1313 2243 regio
1339 2194 1532 2244 sanguine
1554 2205 1623 2230 na·

903 2253 957 2299 ti,
988 2261 1027 2289 et
1058 2261 1209 2289 veteres
1237 2250 1402 2298 heroes,
1437 2247 1619 2295 ἄνακτες.

902 2311 966 2350 Sic
981 2309 1065 2361 ipse
1080 2313 1220 2349 AEneas
1236 2310 1352 2349 toties
1365 2321 1439 2346 rex
1450 2336 1461 2356 ‚
1485 2317 1531 2347 ut
1547 2308 1619 2348 inf.

906 2380 1003 2406 220.

966 2426 1207 2464 183-186.
1235 2426 1333 2463 Haec
1353 2433 1527 2463 veterem
1546 2424 1618 2463 do·

903 2486 1107 2522 uariorum
1123 2493 1162 2522 et
1178 2480 1437 2537 ἀναθημάτων
1461 2485 1505 2520 in
1523 2491 1620 2520 tem-

903 2542 980 2592 plis
1005 2543 1127 2579 ritum
1155 2542 1322 2588 referre,
1359 2541 1471 2579 facile
1504 2541 1621 2578 intel-

904 2599 1055 2651 ligitur.
1092 2600 1241 2639 Similia
1290 2600 1380 2637 loca
1423 2599 1621 2650 congessit

907 2657 1046 2696 Cerda.
1077 2657 1152 2696 Sed
1180 2666 1338 2709 praestat
1357 2658 1470 2696 Statii
1492 2657 1619 2693 imita-

906 2716 1057 2753 tionem
1078 2729 1317 2767 cognoscere
1333 2715 1361 2753 l.
1375 2716 1469 2760 VII,
1487 2713 1614 2752 Theb.

909 2773 934 2811 5
939 2773 1093 2825 5—59.
1104 2774 1333 2826 Respicitur
1352 2781 1481 2811 autem
1497 2770 1617 2821 inpri-
