<?xml version="1.0" encoding="UTF-8"?>
<!DOCTYPE html PUBLIC "-//W3C//DTD XHTML 1.0 Transitional//EN"
    "http://www.w3.org/TR/xhtml1/DTD/xhtml1-transitional.dtd">
<html xmlns="http://www.w3.org/1999/xhtml" xml:lang="en" lang="en">
 <head>
  <title>
</title>
<meta http-equiv="Content-Type" content="text/html;charset=utf-8" />
  <meta name='ocr-system' content='tesseract 3.04.00' />
  <meta name='ocr-capabilities' content='ocr_page ocr_carea ocr_par ocr_line ocrx_word'/>
</head>
<body>
  <div class='ocr_page' id='page_1' title='image "./operahey03virguoft_0116.png"; bbox 0 0 1767 3054; ppageno 0'>
   <div class='ocr_carea' id='block_1_1' title="bbox 144 74 1648 1482">
    <p class='ocr_par' dir='ltr' id='par_1_1' title="bbox 144 74 1648 1482">
     <span class='ocr_line' id='line_1_1' title="bbox 154 74 1019 115; baseline 0.014 -12"><span class='ocrx_word' id='word_1_1' title='bbox 154 93 166 115; x_wconf 36' lang='grc'>1</span> <span class='ocrx_word' id='word_1_2' title='bbox 177 77 229 113; x_wconf 65' lang='lat'>003</span> <span class='ocrx_word' id='word_1_3' title='bbox 773 74 1019 115; x_wconf 78' lang='lat' dir='ltr'>AENEIDOS</span> 
     </span>
     <span class='ocr_line' id='line_1_2' title="bbox 210 147 1137 195; baseline -0.001 -1"><span class='ocrx_word' id='word_1_4' title='bbox 210 151 380 194; x_wconf 85' lang='lat' dir='ltr'>AEneas</span> <span class='ocrx_word' id='word_1_5' title='bbox 405 157 570 194; x_wconf 81' lang='lat' dir='ltr'>moesto</span> <span class='ocrx_word' id='word_1_6' title='bbox 594 147 773 195; x_wconf 83' lang='lat' dir='ltr'>defixus</span> <span class='ocrx_word' id='word_1_7' title='bbox 798 149 975 194; x_wconf 87' lang='lat' dir='ltr'>lumina</span> <span class='ocrx_word' id='word_1_8' title='bbox 1002 149 1137 194; x_wconf 78' lang='lat' dir='ltr'>voltu</span> 
     </span>
     <span class='ocr_line' id='line_1_3' title="bbox 144 223 1391 287; baseline 0.001 -16"><span class='ocrx_word' id='word_1_9' title='bbox 144 224 437 287; x_wconf 78' lang='lat' dir='ltr'><strong>Ingreditur,</strong></span> <span class='ocrx_word' id='word_1_10' title='bbox 463 223 680 286; x_wconf 85' lang='lat' dir='ltr'>linquens</span> <span class='ocrx_word' id='word_1_11' title='bbox 706 235 916 281; x_wconf 87' lang='lat' dir='ltr'>antrum,</span> <span class='ocrx_word' id='word_1_12' title='bbox 938 240 1180 286; x_wconf 80' lang='lat' dir='ltr'>caecosque</span> <span class='ocrx_word' id='word_1_13' title='bbox 1206 225 1391 272; x_wconf 66' lang='lat' dir='ltr'>volutat</span> 
     </span>
     <span class='ocr_line' id='line_1_4' title="bbox 144 298 1217 346; baseline -0.001 0"><span class='ocrx_word' id='word_1_14' title='bbox 144 303 352 346; x_wconf 74' lang='lat' dir='ltr'>Eventus</span> <span class='ocrx_word' id='word_1_15' title='bbox 375 299 531 345; x_wconf 88' lang='lat' dir='ltr'>animo</span> <span class='ocrx_word' id='word_1_16' title='bbox 557 316 715 345; x_wconf 88' lang='lat' dir='ltr'>secum</span> <span class='ocrx_word' id='word_1_17' title='bbox 738 317 746 343; x_wconf 92' lang='lat'>:</span> <span class='ocrx_word' id='word_1_18' title='bbox 770 298 847 344; x_wconf 90' lang='lat' dir='ltr'>cui</span> <span class='ocrx_word' id='word_1_19' title='bbox 870 298 990 343; x_wconf 87' lang='lat' dir='ltr'>fidus</span> <span class='ocrx_word' id='word_1_20' title='bbox 1013 300 1217 345; x_wconf 87' lang='lat' dir='ltr'>Achates</span> 
     </span>
     <span class='ocr_line' id='line_1_5' title="bbox 145 372 1186 437; baseline -0.003 -15"><span class='ocrx_word' id='word_1_21' title='bbox 145 379 187 421; x_wconf 88' lang='lat' dir='ltr'>It</span> <span class='ocrx_word' id='word_1_22' title='bbox 211 391 392 432; x_wconf 84' lang='lat' dir='ltr'>comeS‚</span> <span class='ocrx_word' id='word_1_23' title='bbox 415 387 459 420; x_wconf 89' lang='lat' dir='ltr'>et</span> <span class='ocrx_word' id='word_1_24' title='bbox 479 373 675 437; x_wconf 83' lang='lat' dir='ltr'>paribus</span> <span class='ocrx_word' id='word_1_25' title='bbox 701 374 825 419; x_wconf 85' lang='lat' dir='ltr'>curis</span> <span class='ocrx_word' id='word_1_26' title='bbox 850 372 1050 434; x_wconf 77' lang='lat' dir='ltr'>vestigia</span> <span class='ocrx_word' id='word_1_27' title='bbox 1072 372 1186 435; x_wconf 83' lang='lat' dir='ltr'>figit.</span> 
     </span>
     <span class='ocr_line' id='line_1_6' title="bbox 145 447 1645 497; baseline -0.004 0"><span class='ocrx_word' id='word_1_28' title='bbox 145 452 298 497; x_wconf 86' lang='lat' dir='ltr'>Multa</span> <span class='ocrx_word' id='word_1_29' title='bbox 323 451 446 496; x_wconf 83' lang='lat' dir='ltr'>inter</span> <span class='ocrx_word' id='word_1_30' title='bbox 470 467 570 496; x_wconf 86' lang='lat' dir='ltr'>sese</span> <span class='ocrx_word' id='word_1_31' title='bbox 591 450 724 494; x_wconf 74' lang='lat' dir='ltr'>vario</span> <span class='ocrx_word' id='word_1_32' title='bbox 751 463 966 495; x_wconf 81' lang='lat' dir='ltr'>sermone</span> <span class='ocrx_word' id='word_1_33' title='bbox 992 447 1210 495; x_wconf 84' lang='lat' dir='ltr'><strong>serebant</strong></span> <span class='ocrx_word' id='word_1_34' title='bbox 1231 468 1240 494; x_wconf 94' lang='lat'>:</span> <span class='ocrx_word' id='word_1_35' title='bbox 1586 463 1645 491; x_wconf 77' lang='lat'>160</span> 
     </span>
     <span class='ocr_line' id='line_1_7' title="bbox 146 522 1642 585; baseline 0.001 -17"><span class='ocrx_word' id='word_1_36' title='bbox 146 528 300 582; x_wconf 89' lang='lat' dir='ltr'>Quem</span> <span class='ocrx_word' id='word_1_37' title='bbox 325 525 505 571; x_wconf 84' lang='lat' dir='ltr'>socium</span> <span class='ocrx_word' id='word_1_38' title='bbox 530 523 793 569; x_wconf 79' lang='lat' dir='ltr'>exanimem</span> <span class='ocrx_word' id='word_1_39' title='bbox 825 532 979 580; x_wconf 83' lang='lat' dir='ltr'>vates,</span> <span class='ocrx_word' id='word_1_40' title='bbox 1001 522 1130 584; x_wconf 89' lang='lat' dir='ltr'>quod</span> <span class='ocrx_word' id='word_1_41' title='bbox 1152 539 1324 585; x_wconf 90' lang='lat' dir='ltr'>corpus</span> <span class='ocrx_word' id='word_1_42' title='bbox 1347 523 1642 572; x_wconf 87' lang='lat' dir='ltr'>humandum</span> 
     </span>
     <span class='ocr_line' id='line_1_8' title="bbox 146 597 1287 660; baseline 0 -16"><span class='ocrx_word' id='word_1_43' title='bbox 146 599 351 644; x_wconf 79' lang='lat' dir='ltr'>Diceret.</span> <span class='ocrx_word' id='word_1_44' title='bbox 378 603 536 660; x_wconf 83' lang='lat' dir='ltr'><strong>Atque</strong></span> <span class='ocrx_word' id='word_1_45' title='bbox 558 598 626 643; x_wconf 90' lang='lat' dir='ltr'>illi</span> <span class='ocrx_word' id='word_1_46' title='bbox 649 597 887 644; x_wconf 80' lang='lat' dir='ltr'>Misenum</span> <span class='ocrx_word' id='word_1_47' title='bbox 906 597 955 642; x_wconf 89' lang='lat' dir='ltr'>in</span> <span class='ocrx_word' id='word_1_48' title='bbox 979 597 1118 642; x_wconf 88' lang='lat' dir='ltr'>litore</span> <span class='ocrx_word' id='word_1_49' title='bbox 1139 598 1287 656; x_wconf 86' lang='lat' dir='ltr'>sicco,</span> 
     </span>
     <span class='ocr_line' id='line_1_9' title="bbox 147 673 1329 735; baseline 0.001 -17"><span class='ocrx_word' id='word_1_50' title='bbox 147 676 211 719; x_wconf 79' lang='lat' dir='ltr'>Ut</span> <span class='ocrx_word' id='word_1_51' title='bbox 233 689 429 730; x_wconf 74' lang='lat' dir='ltr'>venere,</span> <span class='ocrx_word' id='word_1_52' title='bbox 455 673 617 718; x_wconf 76' lang='lat' dir='ltr'>vident</span> <span class='ocrx_word' id='word_1_53' title='bbox 642 673 835 735; x_wconf 80' lang='lat' dir='ltr'>indigna</span> <span class='ocrx_word' id='word_1_54' title='bbox 859 682 1013 718; x_wconf 90' lang='lat' dir='ltr'>morte</span> <span class='ocrx_word' id='word_1_55' title='bbox 1039 684 1329 735; x_wconf 80' lang='lat' dir='ltr'>peremtum3</span> 
     </span>
     <span class='ocr_line' id='line_1_10' title="bbox 145 749 1354 810; baseline 0.001 -17"><span class='ocrx_word' id='word_1_56' title='bbox 145 749 384 795; x_wconf 85' lang='lat' dir='ltr'>Misenum</span> <span class='ocrx_word' id='word_1_57' title='bbox 408 749 646 806; x_wconf 87' lang='lat' dir='ltr'>AEoliden,</span> <span class='ocrx_word' id='word_1_58' title='bbox 672 763 768 810; x_wconf 89' lang='lat' dir='ltr'>quo</span> <span class='ocrx_word' id='word_1_59' title='bbox 793 763 888 793; x_wconf 90' lang='lat' dir='ltr'>non</span> <span class='ocrx_word' id='word_1_60' title='bbox 912 749 1212 810; x_wconf 76' lang='lat' dir='ltr'>praestantior</span> <span class='ocrx_word' id='word_1_61' title='bbox 1237 749 1354 794; x_wconf 89' lang='lat' dir='ltr'>alter</span> 
     </span>
     <span class='ocr_line' id='line_1_11' title="bbox 146 823 1647 884; baseline -0.002 -16"><span class='ocrx_word' id='word_1_62' title='bbox 146 825 257 868; x_wconf 88' lang='lat' dir='ltr'>AEre</span> <span class='ocrx_word' id='word_1_63' title='bbox 282 823 406 868; x_wconf 88' lang='lat' dir='ltr'>ciere</span> <span class='ocrx_word' id='word_1_64' title='bbox 434 823 587 880; x_wconf 71' lang='lat' dir='ltr'>viros,</span> <span class='ocrx_word' id='word_1_65' title='bbox 610 826 909 884; x_wconf 85' lang='lat' dir='ltr'>Martemque</span> <span class='ocrx_word' id='word_1_66' title='bbox 936 823 1198 868; x_wconf 85' lang='lat' dir='ltr'>adcendere</span> <span class='ocrx_word' id='word_1_67' title='bbox 1221 834 1374 869; x_wconf 88' lang='lat' dir='ltr'>cantu.</span> <span class='ocrx_word' id='word_1_68' title='bbox 1589 837 1647 865; x_wconf 83' lang='lat'>165</span> 
     </span>
     <span class='ocr_line' id='line_1_12' title="bbox 146 897 1464 959; baseline 0.001 -16"><span class='ocrx_word' id='word_1_69' title='bbox 146 898 366 943; x_wconf 86' lang='lat' dir='ltr'>Hectoris</span> <span class='ocrx_word' id='word_1_70' title='bbox 392 898 469 942; x_wconf 91' lang='lat' dir='ltr'>hic</span> <span class='ocrx_word' id='word_1_71' title='bbox 496 897 654 959; x_wconf 83' lang='lat' dir='ltr'>magni</span> <span class='ocrx_word' id='word_1_72' title='bbox 679 897 832 943; x_wconf 84' lang='lat' dir='ltr'>fuerat</span> <span class='ocrx_word' id='word_1_73' title='bbox 857 913 1036 956; x_wconf 88' lang='lat' dir='ltr'>comes;</span> <span class='ocrx_word' id='word_1_74' title='bbox 1059 900 1266 943; x_wconf 83' lang='lat' dir='ltr'>Hectora</span> <span class='ocrx_word' id='word_1_75' title='bbox 1287 898 1464 944; x_wconf 90' lang='lat' dir='ltr'>circum</span> 
     </span>
     <span class='ocr_line' id='line_1_13' title="bbox 148 971 1210 1034; baseline 0.002 -18"><span class='ocrx_word' id='word_1_76' title='bbox 148 974 206 1017; x_wconf 88' lang='lat' dir='ltr'>Et</span> <span class='ocrx_word' id='word_1_77' title='bbox 225 971 342 1017; x_wconf 88' lang='lat' dir='ltr'>lituo</span> <span class='ocrx_word' id='word_1_78' title='bbox 362 987 545 1033; x_wconf 83' lang='lat' dir='ltr'>pugnas</span> <span class='ocrx_word' id='word_1_79' title='bbox 569 972 764 1034; x_wconf 85' lang='lat' dir='ltr'>insignis</span> <span class='ocrx_word' id='word_1_80' title='bbox 789 971 955 1017; x_wconf 87' lang='lat' dir='ltr'>obibat</span> <span class='ocrx_word' id='word_1_81' title='bbox 979 983 1025 1018; x_wconf 89' lang='lat' dir='ltr'>et</span> <span class='ocrx_word' id='word_1_82' title='bbox 1044 971 1178 1018; x_wconf 88' lang='lat' dir='ltr'>hasta</span> <span class='ocrx_word' id='word_1_83' title='bbox 1200 991 1210 1018; x_wconf 77' lang='grc' dir='ltr'>ε</span> 
     </span>
     <span class='ocr_line' id='line_1_14' title="bbox 149 1047 1363 1110; baseline 0.002 -18"><span class='ocrx_word' id='word_1_84' title='bbox 149 1050 404 1108; x_wconf 87' lang='lat' dir='ltr'>Postquam</span> <span class='ocrx_word' id='word_1_85' title='bbox 428 1047 561 1091; x_wconf 84' lang='lat' dir='ltr'>illum</span> <span class='ocrx_word' id='word_1_86' title='bbox 584 1047 683 1092; x_wconf 84' lang='lat' dir='ltr'>vita</span> <span class='ocrx_word' id='word_1_87' title='bbox 706 1047 861 1092; x_wconf 84' lang='lat' dir='ltr'>victor</span> <span class='ocrx_word' id='word_1_88' title='bbox 885 1047 1106 1110; x_wconf 88' lang='lat' dir='ltr'>spoliavit</span> <span class='ocrx_word' id='word_1_89' title='bbox 1128 1047 1363 1106; x_wconf 83' lang='lat' dir='ltr'>Achilles,-</span> 
     </span>
     <span class='ocr_line' id='line_1_15' title="bbox 148 1122 1162 1169; baseline -0.002 -1"><span class='ocrx_word' id='word_1_90' title='bbox 148 1122 390 1169; x_wconf 87' lang='lat' dir='ltr'>Dardanio</span> <span class='ocrx_word' id='word_1_91' title='bbox 412 1124 570 1167; x_wconf 86' lang='lat' dir='ltr'>AEneae</span> <span class='ocrx_word' id='word_1_92' title='bbox 595 1138 694 1169; x_wconf 90' lang='lat' dir='ltr'>sese</span> <span class='ocrx_word' id='word_1_93' title='bbox 716 1122 998 1169; x_wconf 84' lang='lat' dir='ltr'>fortissimus</span> <span class='ocrx_word' id='word_1_94' title='bbox 1021 1123 1162 1167; x_wconf 87' lang='lat' dir='ltr'>heros</span> 
     </span>
     <span class='ocr_line' id='line_1_16' title="bbox 150 1196 1648 1253; baseline 0.001 -12"><span class='ocrx_word' id='word_1_95' title='bbox 150 1196 414 1241; x_wconf 85' lang='lat' dir='ltr'>Addiderat</span> <span class='ocrx_word' id='word_1_96' title='bbox 438 1197 641 1253; x_wconf 88' lang='lat' dir='ltr'>socium,</span> <span class='ocrx_word' id='word_1_97' title='bbox 666 1213 763 1242; x_wconf 89' lang='lat' dir='ltr'>non</span> <span class='ocrx_word' id='word_1_98' title='bbox 786 1197 1014 1241; x_wconf 85' lang='lat' dir='ltr'>inferiora</span> <span class='ocrx_word' id='word_1_99' title='bbox 1037 1208 1239 1243; x_wconf 89' lang='lat' dir='ltr'>secutus.</span> <span class='ocrx_word' id='word_1_100' title='bbox 1590 1219 1648 1249; x_wconf 80' lang='lat'>170</span> 
     </span>
     <span class='ocr_line' id='line_1_17' title="bbox 153 1270 1510 1334; baseline 0.001 -17"><span class='ocrx_word' id='word_1_101' title='bbox 153 1271 247 1317; x_wconf 87' lang='lat' dir='ltr'>Sed</span> <span class='ocrx_word' id='word_1_102' title='bbox 275 1281 398 1329; x_wconf 89' lang='lat' dir='ltr'>tum,</span> <span class='ocrx_word' id='word_1_103' title='bbox 422 1272 544 1318; x_wconf 89' lang='lat' dir='ltr'>forte</span> <span class='ocrx_word' id='word_1_104' title='bbox 566 1288 682 1317; x_wconf 81' lang='lat' dir='ltr'>cava</span> <span class='ocrx_word' id='word_1_105' title='bbox 708 1270 822 1316; x_wconf 88' lang='lat' dir='ltr'>dum</span> <span class='ocrx_word' id='word_1_106' title='bbox 847 1283 1070 1334; x_wconf 87' lang='lat' dir='ltr'>personat</span> <span class='ocrx_word' id='word_1_107' title='bbox 1091 1287 1284 1334; x_wconf 82' lang='lat' dir='ltr'>aequora</span> <span class='ocrx_word' id='word_1_108' title='bbox 1307 1271 1510 1331; x_wconf 83' lang='lat' dir='ltr'>concha,</span> 
     </span>
     <span class='ocr_line' id='line_1_18' title="bbox 151 1345 1311 1405; baseline 0.001 -13"><span class='ocrx_word' id='word_1_109' title='bbox 151 1349 383 1392; x_wconf 85' lang='lat' dir='ltr'>Demens!</span> <span class='ocrx_word' id='word_1_110' title='bbox 409 1358 455 1392; x_wconf 93' lang='lat' dir='ltr'>et</span> <span class='ocrx_word' id='word_1_111' title='bbox 476 1359 618 1392; x_wconf 83' lang='lat' dir='ltr'>cantu</span> <span class='ocrx_word' id='word_1_112' title='bbox 636 1358 775 1391; x_wconf 76' lang='lat' dir='ltr'>vocat</span> <span class='ocrx_word' id='word_1_113' title='bbox 798 1347 848 1390; x_wconf 91' lang='lat' dir='ltr'>in</span> <span class='ocrx_word' id='word_1_114' title='bbox 872 1345 1129 1392; x_wconf 82' lang='lat' dir='ltr'>certamina</span> <span class='ocrx_word' id='word_1_115' title='bbox 1154 1346 1311 1405; x_wconf 88' lang='lat' dir='ltr'>divos,</span> 
     </span>
     <span class='ocr_line' id='line_1_19' title="bbox 152 1418 1466 1482; baseline 0 -16"><span class='ocrx_word' id='word_1_116' title='bbox 152 1420 366 1466; x_wconf 86' lang='lat' dir='ltr'>AErnulus</span> <span class='ocrx_word' id='word_1_117' title='bbox 387 1431 639 1482; x_wconf 76' lang='lat' dir='ltr'>exceptum</span> <span class='ocrx_word' id='word_1_118' title='bbox 661 1420 851 1478; x_wconf 86' lang='lat' dir='ltr'>Triton,</span> <span class='ocrx_word' id='word_1_119' title='bbox 880 1420 919 1466; x_wconf 86' lang='lat' dir='ltr'>si</span> <span class='ocrx_word' id='word_1_120' title='bbox 941 1418 1135 1466; x_wconf 89' lang='lat' dir='ltr'>credere</span> <span class='ocrx_word' id='word_1_121' title='bbox 1159 1420 1353 1482; x_wconf 85' lang='lat' dir='ltr'>dignum</span> <span class='ocrx_word' id='word_1_122' title='bbox 1375 1433 1466 1478; x_wconf 89' lang='lat' dir='ltr'>est,</span> 
     </span>
    </p>
   </div>
   <div class='ocr_carea' id='block_1_2' title="bbox 153 1621 871 2765">
    <p class='ocr_par' dir='ltr' id='par_1_2' title="bbox 153 1621 868 1844">
     <span class='ocr_line' id='line_1_20' title="bbox 154 1621 867 1672; baseline 0.001 -14"><span class='ocrx_word' id='word_1_123' title='bbox 154 1621 260 1672; x_wconf 80' lang='lat' dir='ltr'>a-pud</span> <span class='ocrx_word' id='word_1_124' title='bbox 279 1629 429 1658; x_wconf 87' lang='lat' dir='ltr'>ceteros</span> <span class='ocrx_word' id='word_1_125' title='bbox 442 1634 604 1671; x_wconf 87' lang='lat' dir='ltr'>quoque</span> <span class='ocrx_word' id='word_1_126' title='bbox 617 1630 765 1672; x_wconf 86' lang='lat' dir='ltr'>poetas.</span> <span class='ocrx_word' id='word_1_127' title='bbox 779 1624 867 1659; x_wconf 92' lang='lat' dir='ltr'>Hoc</span> 
     </span>
     <span class='ocr_line' id='line_1_21' title="bbox 153 1679 868 1729; baseline 0.001 -14"><span class='ocrx_word' id='word_1_128' title='bbox 153 1692 201 1716; x_wconf 90' lang='lat' dir='ltr'>co</span> <span class='ocrx_word' id='word_1_129' title='bbox 237 1682 314 1716; x_wconf 69' lang='lat' dir='ltr'>&#39;aes</span> <span class='ocrx_word' id='word_1_130' title='bbox 331 1681 447 1715; x_wconf 88' lang='lat' dir='ltr'>etiam</span> <span class='ocrx_word' id='word_1_131' title='bbox 465 1693 515 1716; x_wconf 82' lang='lat' dir='ltr'>ex</span> <span class='ocrx_word' id='word_1_132' title='bbox 535 1679 631 1716; x_wconf 87' lang='lat' dir='ltr'>locis</span> <span class='ocrx_word' id='word_1_133' title='bbox 651 1679 756 1729; x_wconf 88' lang='lat' dir='ltr'>apud</span> <span class='ocrx_word' id='word_1_134' title='bbox 777 1681 868 1718; x_wconf 86' lang='lat' dir='ltr'>Cer-</span> 
     </span>
     <span class='ocr_line' id='line_1_22' title="bbox 153 1736 866 1786; baseline 0.003 -14"><span class='ocrx_word' id='word_1_135' title='bbox 153 1736 256 1774; x_wconf 80' lang='lat' dir='ltr'>dam.</span> <span class='ocrx_word' id='word_1_136' title='bbox 290 1736 428 1773; x_wconf 81' lang='lat' dir='ltr'>Prima</span> <span class='ocrx_word' id='word_1_137' title='bbox 451 1749 568 1773; x_wconf 81' lang='lat' dir='ltr'>versu</span> <span class='ocrx_word' id='word_1_138' title='bbox 596 1738 672 1773; x_wconf 83' lang='lat'>153</span> <span class='ocrx_word' id='word_1_139' title='bbox 696 1746 752 1774; x_wconf 88' lang='lat' dir='ltr'>est</span> <span class='ocrx_word' id='word_1_140' title='bbox 769 1750 866 1786; x_wconf 85' lang='lat' dir='ltr'>pro,</span> 
     </span>
     <span class='ocr_line' id='line_1_23' title="bbox 154 1795 420 1844; baseline 0.004 -14"><span class='ocrx_word' id='word_1_141' title='bbox 154 1795 266 1844; x_wconf 85' lang='lat' dir='ltr'>prius</span> <span class='ocrx_word' id='word_1_142' title='bbox 277 1822 287 1840; x_wconf 90' lang='lat'>,</span> <span class='ocrx_word' id='word_1_143' title='bbox 318 1803 420 1831; x_wconf 88' lang='lat' dir='ltr'>ante.</span> 
     </span>
    </p>

    <p class='ocr_par' dir='ltr' id='par_1_3' title="bbox 154 1850 871 2291">
     <span class='ocr_line' id='line_1_24' title="bbox 218 1850 868 1901; baseline 0 -13"><span class='ocrx_word' id='word_1_144' title='bbox 218 1852 309 1899; x_wconf 77' lang='lat'>157.</span> <span class='ocrx_word' id='word_1_145' title='bbox 350 1850 611 1901; x_wconf 77' lang='lat' dir='ltr'>Progreditur</span> <span class='ocrx_word' id='word_1_146' title='bbox 642 1850 789 1889; x_wconf 86' lang='lat' dir='ltr'>Medic.</span> <span class='ocrx_word' id='word_1_147' title='bbox 824 1853 868 1888; x_wconf 90' lang='lat' dir='ltr'>in</span> 
     </span>
     <span class='ocr_line' id='line_1_25' title="bbox 154 1908 866 1960; baseline 0.001 -15"><span class='ocrx_word' id='word_1_148' title='bbox 154 1921 276 1960; x_wconf 83' lang='lat' dir='ltr'>marg.</span> <span class='ocrx_word' id='word_1_149' title='bbox 307 1908 523 1960; x_wconf 78' lang='lat' dir='ltr'>Egreditur</span> <span class='ocrx_word' id='word_1_150' title='bbox 543 1909 662 1945; x_wconf 85' lang='lat' dir='ltr'>multi</span> <span class='ocrx_word' id='word_1_151' title='bbox 679 1922 738 1958; x_wconf 91' lang='lat' dir='ltr'>ap.</span> <span class='ocrx_word' id='word_1_152' title='bbox 767 1910 866 1947; x_wconf 83' lang='lat' dir='ltr'>Pier.</span> 
     </span>
     <span class='ocr_line' id='line_1_26' title="bbox 154 1965 870 2011; baseline 0 -8"><span class='ocrx_word' id='word_1_153' title='bbox 154 1976 193 2003; x_wconf 88' lang='lat' dir='ltr'>et</span> <span class='ocrx_word' id='word_1_154' title='bbox 215 1968 378 2011; x_wconf 86' lang='lat' dir='ltr'>Burm.‚</span> <span class='ocrx_word' id='word_1_155' title='bbox 408 1965 521 2003; x_wconf 84' lang='lat' dir='ltr'>male.</span> <span class='ocrx_word' id='word_1_156' title='bbox 556 1968 650 2004; x_wconf 86' lang='lat' dir='ltr'>Non</span> <span class='ocrx_word' id='word_1_157' title='bbox 681 1966 870 2003; x_wconf 70' lang='lat' dir='ltr'>videbant</span> 
     </span>
     <span class='ocr_line' id='line_1_27' title="bbox 155 2023 870 2076; baseline 0.001 -16"><span class='ocrx_word' id='word_1_158' title='bbox 155 2024 315 2076; x_wconf 76' lang='lat' dir='ltr'>ingredi</span> <span class='ocrx_word' id='word_1_159' title='bbox 344 2037 450 2070; x_wconf 92' lang='lat' dir='ltr'>esse,</span> <span class='ocrx_word' id='word_1_160' title='bbox 482 2023 679 2062; x_wconf 86' lang='lat' dir='ltr'>incedere.</span> <span class='ocrx_word' id='word_1_161' title='bbox 709 2046 767 2052; x_wconf 93' lang='lat'>——</span> <span class='ocrx_word' id='word_1_162' title='bbox 790 2024 870 2061; x_wconf 81' lang='lat' dir='ltr'>Coe-</span> 
     </span>
     <span class='ocr_line' id='line_1_28' title="bbox 154 2082 871 2133; baseline 0 -15"><span class='ocrx_word' id='word_1_163' title='bbox 154 2094 239 2126; x_wconf 82' lang='lat' dir='ltr'>cos,</span> <span class='ocrx_word' id='word_1_164' title='bbox 274 2083 464 2133; x_wconf 82' lang='lat' dir='ltr'>ignotos,</span> <span class='ocrx_word' id='word_1_165' title='bbox 501 2082 720 2129; x_wconf 89' lang='lat' dir='ltr'>obscuros,</span> <span class='ocrx_word' id='word_1_166' title='bbox 764 2095 871 2119; x_wconf 74' lang='lat' dir='ltr'>even-</span> 
     </span>
     <span class='ocr_line' id='line_1_29' title="bbox 154 2141 870 2177; baseline 0.001 -2"><span class='ocrx_word' id='word_1_167' title='bbox 154 2149 213 2176; x_wconf 80' lang='lat' dir='ltr'>tus</span> <span class='ocrx_word' id='word_1_168' title='bbox 264 2141 396 2177; x_wconf 84' lang='lat' dir='ltr'>animo</span> <span class='ocrx_word' id='word_1_169' title='bbox 441 2148 663 2176; x_wconf 80' lang='lat' dir='ltr'>versantem</span> <span class='ocrx_word' id='word_1_170' title='bbox 707 2142 870 2177; x_wconf 82' lang='lat' dir='ltr'>AEneam</span> 
     </span>
     <span class='ocr_line' id='line_1_30' title="bbox 155 2197 870 2235; baseline 0.003 -3"><span class='ocrx_word' id='word_1_171' title='bbox 155 2209 246 2233; x_wconf 86' lang='lat' dir='ltr'>cum</span> <span class='ocrx_word' id='word_1_172' title='bbox 279 2197 432 2234; x_wconf 86' lang='lat' dir='ltr'>Achate</span> <span class='ocrx_word' id='word_1_173' title='bbox 469 2197 571 2234; x_wconf 84' lang='lat' dir='ltr'>bene</span> <span class='ocrx_word' id='word_1_174' title='bbox 608 2206 696 2234; x_wconf 89' lang='lat' dir='ltr'>ante</span> <span class='ocrx_word' id='word_1_175' title='bbox 732 2198 870 2235; x_wconf 91' lang='lat' dir='ltr'>oculos</span> 
     </span>
     <span class='ocr_line' id='line_1_31' title="bbox 154 2255 266 2291; baseline 0.018 -2"><span class='ocrx_word' id='word_1_176' title='bbox 154 2255 266 2291; x_wconf 81' lang='lat' dir='ltr'>sistit.</span> 
     </span>
    </p>

    <p class='ocr_par' dir='ltr' id='par_1_4' title="bbox 153 2312 871 2765">
     <span class='ocr_line' id='line_1_32' title="bbox 218 2312 871 2364; baseline 0.005 -17"><span class='ocrx_word' id='word_1_177' title='bbox 218 2312 322 2357; x_wconf 88' lang='lat'>160,</span> <span class='ocrx_word' id='word_1_178' title='bbox 359 2313 449 2349; x_wconf 89' lang='lat'>161.</span> <span class='ocrx_word' id='word_1_179' title='bbox 480 2315 555 2350; x_wconf 91' lang='lat' dir='ltr'>Pro</span> <span class='ocrx_word' id='word_1_180' title='bbox 586 2312 769 2364; x_wconf 84' lang='lat' dir='ltr'>vulgari:</span> <span class='ocrx_word' id='word_1_181' title='bbox 791 2327 871 2350; x_wconf 86' lang='lat' dir='ltr'>ser-</span> 
     </span>
     <span class='ocr_line' id='line_1_33' title="bbox 153 2369 870 2420; baseline 0.003 -15"><span class='ocrx_word' id='word_1_182' title='bbox 153 2381 290 2406; x_wconf 82' lang='lat' dir='ltr'>mones</span> <span class='ocrx_word' id='word_1_183' title='bbox 313 2369 495 2405; x_wconf 86' lang='lat' dir='ltr'>serebant</span> <span class='ocrx_word' id='word_1_184' title='bbox 522 2384 641 2420; x_wconf 89' lang='lat' dir='ltr'>super</span> <span class='ocrx_word' id='word_1_185' title='bbox 671 2371 788 2407; x_wconf 80' lang='lat' dir='ltr'>variis</span> <span class='ocrx_word' id='word_1_186' title='bbox 809 2385 870 2408; x_wconf 91' lang='lat' dir='ltr'>re-</span> 
     </span>
     <span class='ocr_line' id='line_1_34' title="bbox 153 2425 871 2474; baseline 0.006 -12"><span class='ocrx_word' id='word_1_187' title='bbox 153 2425 242 2463; x_wconf 85' lang='lat' dir='ltr'>bus.</span> <span class='ocrx_word' id='word_1_188' title='bbox 262 2427 447 2464; x_wconf 87' lang='lat' dir='ltr'>Ceterum</span> <span class='ocrx_word' id='word_1_189' title='bbox 465 2429 588 2464; x_wconf 90' lang='lat' dir='ltr'>miror</span> <span class='ocrx_word' id='word_1_190' title='bbox 601 2456 611 2474; x_wconf 85' lang='lat'>‚</span> <span class='ocrx_word' id='word_1_191' title='bbox 637 2441 710 2463; x_wconf 88' lang='lat' dir='ltr'>cnr</span> <span class='ocrx_word' id='word_1_192' title='bbox 725 2442 808 2466; x_wconf 90' lang='lat' dir='ltr'>non</span> <span class='ocrx_word' id='word_1_193' title='bbox 827 2431 871 2465; x_wconf 91' lang='lat' dir='ltr'>in</span> 
     </span>
     <span class='ocr_line' id='line_1_35' title="bbox 156 2484 871 2534; baseline 0.003 -14"><span class='ocrx_word' id='word_1_194' title='bbox 156 2484 334 2520; x_wconf 80' lang='lat' dir='ltr'>Palinuri</span> <span class='ocrx_word' id='word_1_195' title='bbox 362 2485 607 2534; x_wconf 87' lang='lat' dir='ltr'>insepultum</span> <span class='ocrx_word' id='word_1_196' title='bbox 639 2497 785 2534; x_wconf 90' lang='lat' dir='ltr'>corpus</span> <span class='ocrx_word' id='word_1_197' title='bbox 814 2488 871 2522; x_wconf 87' lang='lat' dir='ltr'>in-</span> 
     </span>
     <span class='ocr_line' id='line_1_36' title="bbox 155 2540 871 2592; baseline 0.004 -15"><span class='ocrx_word' id='word_1_198' title='bbox 155 2540 260 2578; x_wconf 85' lang='lat' dir='ltr'>cidat</span> <span class='ocrx_word' id='word_1_199' title='bbox 294 2543 426 2578; x_wconf 81' lang='lat' dir='ltr'>AEneae</span> <span class='ocrx_word' id='word_1_200' title='bbox 456 2543 642 2592; x_wconf 75' lang='lat' dir='ltr'>cogitatio</span> <span class='ocrx_word' id='word_1_201' title='bbox 668 2554 677 2579; x_wconf 75' lang='grc' dir='ltr'><strong><em>ε</em></strong></span> <span class='ocrx_word' id='word_1_202' title='bbox 709 2555 786 2592; x_wconf 90' lang='lat' dir='ltr'>qua</span> <span class='ocrx_word' id='word_1_203' title='bbox 819 2552 871 2580; x_wconf 87' lang='lat' dir='ltr'>ta-</span> 
     </span>
     <span class='ocr_line' id='line_1_37' title="bbox 154 2597 868 2648; baseline 0.004 -13"><span class='ocrx_word' id='word_1_204' title='bbox 154 2611 247 2635; x_wconf 86' lang='lat' dir='ltr'>men</span> <span class='ocrx_word' id='word_1_205' title='bbox 285 2599 395 2635; x_wconf 86' lang='lat' dir='ltr'>nulla</span> <span class='ocrx_word' id='word_1_206' title='bbox 433 2600 542 2648; x_wconf 85' lang='lat' dir='ltr'>prior</span> <span class='ocrx_word' id='word_1_207' title='bbox 577 2612 658 2636; x_wconf 91' lang='lat' dir='ltr'>esse</span> <span class='ocrx_word' id='word_1_208' title='bbox 686 2597 868 2638; x_wconf 87' lang='lat' dir='ltr'>debebat.</span> 
     </span>
     <span class='ocr_line' id='line_1_38' title="bbox 155 2655 870 2706; baseline 0.001 -13"><span class='ocrx_word' id='word_1_209' title='bbox 155 2657 241 2694; x_wconf 87' lang='lat' dir='ltr'>Nisi</span> <span class='ocrx_word' id='word_1_210' title='bbox 278 2655 388 2706; x_wconf 90' lang='lat' dir='ltr'>quod</span> <span class='ocrx_word' id='word_1_211' title='bbox 435 2657 582 2693; x_wconf 79' lang='lat' dir='ltr'>Miseni</span> <span class='ocrx_word' id='word_1_212' title='bbox 617 2656 784 2693; x_wconf 78' lang='lat' dir='ltr'>cadaver</span> <span class='ocrx_word' id='word_1_213' title='bbox 826 2660 870 2695; x_wconf 92' lang='lat' dir='ltr'>in</span> 
     </span>
     <span class='ocr_line' id='line_1_39' title="bbox 157 2714 867 2765; baseline 0.001 -14"><span class='ocrx_word' id='word_1_214' title='bbox 157 2714 343 2763; x_wconf 78' lang='lat' dir='ltr'>proximo</span> <span class='ocrx_word' id='word_1_215' title='bbox 387 2714 503 2752; x_wconf 83' lang='lat' dir='ltr'>litore</span> <span class='ocrx_word' id='word_1_216' title='bbox 535 2715 661 2762; x_wconf 81' lang='lat' dir='ltr'>jacet,</span> <span class='ocrx_word' id='word_1_217' title='bbox 705 2715 867 2765; x_wconf 82' lang='lat' dir='ltr'>ejusque</span> 
     </span>
    </p>
   </div>
   <div class='ocr_carea' id='block_1_3' title="bbox 934 1621 1654 2765">
    <p class='ocr_par' dir='ltr' id='par_1_5' title="bbox 934 1621 1651 1730">
     <span class='ocr_line' id='line_1_40' title="bbox 936 1621 1651 1673; baseline 0.001 -14"><span class='ocrx_word' id='word_1_218' title='bbox 936 1621 1142 1659; x_wconf 87' lang='lat' dir='ltr'>celebritas</span> <span class='ocrx_word' id='word_1_219' title='bbox 1183 1621 1260 1659; x_wconf 84' lang='lat' dir='ltr'>fuit</span> <span class='ocrx_word' id='word_1_220' title='bbox 1297 1634 1436 1673; x_wconf 86' lang='lat' dir='ltr'>magna</span> <span class='ocrx_word' id='word_1_221' title='bbox 1487 1630 1651 1673; x_wconf 80' lang='lat' dir='ltr'>propter</span> 
     </span>
     <span class='ocr_line' id='line_1_41' title="bbox 934 1679 1646 1730; baseline 0.001 -14"><span class='ocrx_word' id='word_1_222' title='bbox 934 1680 1256 1730; x_wconf 87' lang='lat' dir='ltr'>promontorium</span> <span class='ocrx_word' id='word_1_223' title='bbox 1270 1679 1318 1716; x_wconf 88' lang='lat' dir='ltr'>ab</span> <span class='ocrx_word' id='word_1_224' title='bbox 1331 1692 1378 1716; x_wconf 90' lang='lat' dir='ltr'>eo</span> <span class='ocrx_word' id='word_1_225' title='bbox 1395 1679 1646 1729; x_wconf 84' lang='lat' dir='ltr'>appellatum.</span> 
     </span>
    </p>

    <p class='ocr_par' dir='ltr' id='par_1_6' title="bbox 935 1735 1654 2765">
     <span class='ocr_line' id='line_1_42' title="bbox 999 1735 1650 1788; baseline 0.003 -15"><span class='ocrx_word' id='word_1_226' title='bbox 999 1749 1092 1783; x_wconf 83' lang='lat'><em>170.</em></span> <span class='ocrx_word' id='word_1_227' title='bbox 1124 1738 1220 1773; x_wconf 80' lang='lat' dir='ltr'>Non</span> <span class='ocrx_word' id='word_1_228' title='bbox 1247 1735 1440 1788; x_wconf 83' lang='lat' dir='ltr'>inferiora</span> <span class='ocrx_word' id='word_1_229' title='bbox 1470 1750 1500 1774; x_wconf 87' lang='lat' dir='ltr'>s.</span> <span class='ocrx_word' id='word_1_230' title='bbox 1532 1737 1650 1775; x_wconf 86' lang='lat' dir='ltr'>docte</span> 
     </span>
     <span class='ocr_line' id='line_1_43' title="bbox 935 1793 1650 1844; baseline 0.001 -14"><span class='ocrx_word' id='word_1_231' title='bbox 935 1802 973 1830; x_wconf 87' lang='lat' dir='ltr'>et</span> <span class='ocrx_word' id='word_1_232' title='bbox 996 1795 1229 1830; x_wconf 76' lang='lat' dir='ltr'>Graecorum</span> <span class='ocrx_word' id='word_1_233' title='bbox 1262 1807 1396 1841; x_wconf 86' lang='lat' dir='ltr'>more,</span> <span class='ocrx_word' id='word_1_234' title='bbox 1434 1807 1528 1844; x_wconf 87' lang='lat' dir='ltr'>pro,</span> <span class='ocrx_word' id='word_1_235' title='bbox 1551 1793 1650 1831; x_wconf 88' lang='lat' dir='ltr'>infe-</span> 
     </span>
     <span class='ocr_line' id='line_1_44' title="bbox 935 1847 1651 1901; baseline 0.003 -14"><span class='ocrx_word' id='word_1_236' title='bbox 935 1852 1104 1897; x_wconf 86' lang='lat' dir='ltr'>riorem,</span> <span class='ocrx_word' id='word_1_237' title='bbox 1140 1847 1190 1888; x_wconf 77' lang='grc' dir='ltr'>τὰ</span> <span class='ocrx_word' id='word_1_238' title='bbox 1222 1849 1326 1892; x_wconf 70' lang='grc' dir='ltr'>’ἥττω</span> <span class='ocrx_word' id='word_1_239' title='bbox 1351 1863 1426 1901; x_wconf 92' lang='lat' dir='ltr'>pro</span> <span class='ocrx_word' id='word_1_240' title='bbox 1444 1849 1508 1888; x_wconf 71' lang='grc' dir='ltr'>τὸν</span> <span class='ocrx_word' id='word_1_241' title='bbox 1537 1849 1651 1893; x_wconf 72' lang='grc' dir='ltr'>ἥττο-</span> 
     </span>
     <span class='ocr_line' id='line_1_45' title="bbox 935 1910 1649 1960; baseline 0 -14"><span class='ocrx_word' id='word_1_242' title='bbox 935 1921 996 1946; x_wconf 83' lang='grc' dir='ltr'>να.</span> <span class='ocrx_word' id='word_1_243' title='bbox 1031 1911 1194 1946; x_wconf 80' lang='lat' dir='ltr'>AEneam</span> <span class='ocrx_word' id='word_1_244' title='bbox 1223 1910 1390 1946; x_wconf 83' lang='lat' dir='ltr'>Hectori</span> <span class='ocrx_word' id='word_1_245' title='bbox 1411 1911 1649 1960; x_wconf 78' lang='lat' dir='ltr'>aequiparat,</span> 
     </span>
     <span class='ocr_line' id='line_1_46' title="bbox 936 1966 1650 2017; baseline 0.003 -15"><span class='ocrx_word' id='word_1_246' title='bbox 936 1974 982 2003; x_wconf 86' lang='lat' dir='ltr'>ut</span> <span class='ocrx_word' id='word_1_247' title='bbox 998 1966 1068 2003; x_wconf 78' lang='lat' dir='ltr'>inf,</span> <span class='ocrx_word' id='word_1_248' title='bbox 1086 1968 1146 2003; x_wconf 84' lang='lat' dir='ltr'>XI</span> <span class='ocrx_word' id='word_1_249' title='bbox 1159 1995 1170 2013; x_wconf 87' lang='lat'>‚</span> <span class='ocrx_word' id='word_1_250' title='bbox 1195 1967 1277 2017; x_wconf 88' lang='lat'>289</span> <span class='ocrx_word' id='word_1_251' title='bbox 1296 1975 1335 2004; x_wconf 90' lang='lat' dir='ltr'>et</span> <span class='ocrx_word' id='word_1_252' title='bbox 1347 1967 1396 2004; x_wconf 85' lang='lat' dir='ltr'>al.</span> <span class='ocrx_word' id='word_1_253' title='bbox 1417 1967 1522 2005; x_wconf 88' lang='lat' dir='ltr'>conf.</span> <span class='ocrx_word' id='word_1_254' title='bbox 1542 1970 1650 2005; x_wconf 83' lang='lat' dir='ltr'>Serv.</span> 
     </span>
     <span class='ocr_line' id='line_1_47' title="bbox 935 2023 1650 2074; baseline 0 -13"><span class='ocrx_word' id='word_1_255' title='bbox 935 2025 1038 2061; x_wconf 82' lang='lat' dir='ltr'>Mox</span> <span class='ocrx_word' id='word_1_256' title='bbox 1073 2037 1149 2071; x_wconf 89' lang='lat'>171</span> <span class='ocrx_word' id='word_1_257' title='bbox 1167 2052 1179 2071; x_wconf 89' lang='lat'><strong><em>‚</em></strong></span> <span class='ocrx_word' id='word_1_258' title='bbox 1213 2023 1407 2062; x_wconf 78' lang='lat' dir='ltr'>concham</span> <span class='ocrx_word' id='word_1_259' title='bbox 1428 2024 1562 2074; x_wconf 82' lang='lat' dir='ltr'>paullo</span> <span class='ocrx_word' id='word_1_260' title='bbox 1577 2024 1650 2061; x_wconf 89' lang='lat' dir='ltr'>du-</span> 
     </span>
     <span class='ocr_line' id='line_1_48' title="bbox 936 2082 1650 2132; baseline 0.003 -15"><span class='ocrx_word' id='word_1_261' title='bbox 936 2082 1018 2118; x_wconf 89' lang='lat' dir='ltr'>rius</span> <span class='ocrx_word' id='word_1_262' title='bbox 1051 2095 1125 2132; x_wconf 90' lang='lat' dir='ltr'>pro</span> <span class='ocrx_word' id='word_1_263' title='bbox 1157 2082 1254 2119; x_wconf 90' lang='lat' dir='ltr'>tuba</span> <span class='ocrx_word' id='word_1_264' title='bbox 1278 2082 1343 2120; x_wconf 82' lang='lat' dir='ltr'>vel</span> <span class='ocrx_word' id='word_1_265' title='bbox 1373 2082 1475 2119; x_wconf 85' lang='lat' dir='ltr'>lituo</span> <span class='ocrx_word' id='word_1_266' title='bbox 1503 2083 1650 2132; x_wconf 85' lang='lat' dir='ltr'>posuit.</span> 
     </span>
     <span class='ocr_line' id='line_1_49' title="bbox 935 2138 1654 2191; baseline -0.001 -14"><span class='ocrx_word' id='word_1_267' title='bbox 935 2141 1038 2177; x_wconf 78' lang='lat' dir='ltr'>Nam</span> <span class='ocrx_word' id='word_1_268' title='bbox 1064 2152 1138 2176; x_wconf 90' lang='lat' dir='ltr'>nec</span> <span class='ocrx_word' id='word_1_269' title='bbox 1164 2141 1208 2176; x_wconf 91' lang='lat' dir='ltr'>in</span> <span class='ocrx_word' id='word_1_270' title='bbox 1229 2139 1320 2177; x_wconf 80' lang='lat' dir='ltr'>litui</span> <span class='ocrx_word' id='word_1_271' title='bbox 1341 2138 1406 2191; x_wconf 86' lang='lat' dir='ltr'>(v.</span> <span class='ocrx_word' id='word_1_272' title='bbox 1431 2138 1538 2191; x_wconf 87' lang='lat'>167)</span> <span class='ocrx_word' id='word_1_273' title='bbox 1562 2152 1654 2190; x_wconf 83' lang='lat' dir='ltr'>pro-</span> 
     </span>
     <span class='ocr_line' id='line_1_50' title="bbox 936 2195 1652 2247; baseline 0 -15"><span class='ocrx_word' id='word_1_274' title='bbox 936 2198 1102 2247; x_wconf 88' lang='lat' dir='ltr'>prietate</span> <span class='ocrx_word' id='word_1_275' title='bbox 1135 2207 1193 2234; x_wconf 88' lang='lat' dir='ltr'>est</span> <span class='ocrx_word' id='word_1_276' title='bbox 1225 2197 1471 2236; x_wconf 85' lang='lat' dir='ltr'>haerendum.</span> <span class='ocrx_word' id='word_1_277' title='bbox 1507 2198 1570 2235; x_wconf 89' lang='lat' dir='ltr'>Sic</span> <span class='ocrx_word' id='word_1_278' title='bbox 1606 2195 1652 2232; x_wconf 80' lang='lat' dir='ltr'>li-</span> 
     </span>
     <span class='ocr_line' id='line_1_51' title="bbox 938 2251 1649 2306; baseline 0 -16"><span class='ocrx_word' id='word_1_279' title='bbox 938 2263 1046 2291; x_wconf 80' lang='lat' dir='ltr'>tuum</span> <span class='ocrx_word' id='word_1_280' title='bbox 1066 2263 1105 2291; x_wconf 92' lang='lat' dir='ltr'>et</span> <span class='ocrx_word' id='word_1_281' title='bbox 1123 2255 1257 2292; x_wconf 81' lang='lat' dir='ltr'>tubam</span> <span class='ocrx_word' id='word_1_282' title='bbox 1274 2251 1423 2306; x_wconf 80' lang='lat' dir='ltr'>paucos</span> <span class='ocrx_word' id='word_1_283' title='bbox 1440 2256 1543 2291; x_wconf 87' lang='lat' dir='ltr'>intra</span> <span class='ocrx_word' id='word_1_284' title='bbox 1563 2266 1649 2290; x_wconf 75' lang='lat' dir='ltr'>ver-</span> 
     </span>
     <span class='ocr_line' id='line_1_52' title="bbox 938 2310 1647 2352; baseline 0.004 -4"><span class='ocrx_word' id='word_1_285' title='bbox 938 2325 1003 2349; x_wconf 83' lang='lat' dir='ltr'>sus</span> <span class='ocrx_word' id='word_1_286' title='bbox 1034 2323 1227 2351; x_wconf 88' lang='lat' dir='ltr'>memorat</span> <span class='ocrx_word' id='word_1_287' title='bbox 1257 2315 1402 2352; x_wconf 85' lang='lat' dir='ltr'>Statius</span> <span class='ocrx_word' id='word_1_288' title='bbox 1432 2314 1492 2349; x_wconf 85' lang='lat' dir='ltr'>VI</span> <span class='ocrx_word' id='word_1_289' title='bbox 1521 2310 1647 2351; x_wconf 86' lang='lat' dir='ltr'>Theb.</span> 
     </span>
     <span class='ocr_line' id='line_1_53' title="bbox 944 2369 1649 2417; baseline -0.003 -11"><span class='ocrx_word' id='word_1_290' title='bbox 944 2383 1022 2407; x_wconf 89' lang='lat'>120</span> <span class='ocrx_word' id='word_1_291' title='bbox 1038 2399 1049 2417; x_wconf 92' lang='lat'>‚</span> <span class='ocrx_word' id='word_1_292' title='bbox 1082 2372 1175 2409; x_wconf 83' lang='lat'>128.</span> <span class='ocrx_word' id='word_1_293' title='bbox 1204 2370 1432 2408; x_wconf 83' lang='lat' dir='ltr'>Tubicinem</span> <span class='ocrx_word' id='word_1_294' title='bbox 1449 2369 1649 2406; x_wconf 90' lang='lat' dir='ltr'>Misenum</span> 
     </span>
     <span class='ocr_line' id='line_1_54' title="bbox 937 2425 1649 2478; baseline -0.001 -15"><span class='ocrx_word' id='word_1_295' title='bbox 937 2437 1054 2464; x_wconf 85' lang='lat' dir='ltr'>vocat</span> <span class='ocrx_word' id='word_1_296' title='bbox 1075 2432 1255 2478; x_wconf 87' lang='lat' dir='ltr'>Propert.</span> <span class='ocrx_word' id='word_1_297' title='bbox 1279 2429 1365 2472; x_wconf 92' lang='grc' dir='ltr'>ΙΙΙ,</span> <span class='ocrx_word' id='word_1_298' title='bbox 1399 2426 1446 2462; x_wconf 88' lang='lat'>18</span> <span class='ocrx_word' id='word_1_299' title='bbox 1463 2453 1474 2472; x_wconf 83' lang='lat'><strong>,</strong></span> <span class='ocrx_word' id='word_1_300' title='bbox 1497 2427 1518 2462; x_wconf 83' lang='lat'><strong>3</strong></span> <span class='ocrx_word' id='word_1_301' title='bbox 1536 2439 1546 2472; x_wconf 81' lang='lat'><em>3</em></span> <span class='ocrx_word' id='word_1_302' title='bbox 1570 2425 1649 2462; x_wconf 81' lang='lat' dir='ltr'>liti-</span> 
     </span>
     <span class='ocr_line' id='line_1_55' title="bbox 937 2483 1647 2533; baseline 0 -13"><span class='ocrx_word' id='word_1_303' title='bbox 937 2484 1066 2522; x_wconf 80' lang='lat' dir='ltr'>cinem</span> <span class='ocrx_word' id='word_1_304' title='bbox 1082 2488 1178 2523; x_wconf 89' lang='lat' dir='ltr'>Stat.</span> <span class='ocrx_word' id='word_1_305' title='bbox 1200 2487 1258 2522; x_wconf 86' lang='lat' dir='ltr'>IV</span> <span class='ocrx_word' id='word_1_306' title='bbox 1268 2484 1362 2522; x_wconf 86' lang='lat' dir='ltr'>Silv.</span> <span class='ocrx_word' id='word_1_307' title='bbox 1385 2497 1404 2530; x_wconf 91' lang='lat'><strong>7</strong></span> <span class='ocrx_word' id='word_1_308' title='bbox 1422 2511 1433 2530; x_wconf 89' lang='lat'>‚</span> <span class='ocrx_word' id='word_1_309' title='bbox 1458 2496 1522 2533; x_wconf 88' lang='lat'>19.</span> <span class='ocrx_word' id='word_1_310' title='bbox 1541 2483 1647 2521; x_wconf 85' lang='lat' dir='ltr'>conf.</span> 
     </span>
     <span class='ocr_line' id='line_1_56' title="bbox 939 2538 1650 2581; baseline 0.001 -1"><span class='ocrx_word' id='word_1_311' title='bbox 939 2542 1076 2580; x_wconf 88' lang='lat' dir='ltr'>Cerda.</span> <span class='ocrx_word' id='word_1_312' title='bbox 1102 2544 1279 2578; x_wconf 83' lang='lat' dir='ltr'>Demens</span> <span class='ocrx_word' id='word_1_313' title='bbox 1299 2542 1558 2578; x_wconf 88' lang='lat' dir='ltr'>Homericum</span> <span class='ocrx_word' id='word_1_314' title='bbox 1575 2538 1650 2581; x_wconf 61' lang='lat' dir='ltr'>Ni-</span> 
     </span>
     <span class='ocr_line' id='line_1_57' title="bbox 936 2596 1645 2649; baseline -0.001 -13"><span class='ocrx_word' id='word_1_315' title='bbox 936 2601 1045 2642; x_wconf 70' lang='grc' dir='ltr'>πιοςέ</span> <span class='ocrx_word' id='word_1_316' title='bbox 1085 2598 1199 2636; x_wconf 85' lang='lat' dir='ltr'>Iliad.</span> <span class='ocrx_word' id='word_1_317' title='bbox 1232 2596 1281 2646; x_wconf 86' lang='grc' dir='ltr'>β,</span> <span class='ocrx_word' id='word_1_318' title='bbox 1326 2599 1376 2636; x_wconf 82' lang='grc'>38</span> <span class='ocrx_word' id='word_1_319' title='bbox 1413 2607 1453 2635; x_wconf 88' lang='lat' dir='ltr'>et</span> <span class='ocrx_word' id='word_1_320' title='bbox 1478 2611 1580 2649; x_wconf 88' lang='lat' dir='ltr'>saepe</span> <span class='ocrx_word' id='word_1_321' title='bbox 1596 2599 1645 2636; x_wconf 89' lang='lat' dir='ltr'>al.</span> 
     </span>
     <span class='ocr_line' id='line_1_58' title="bbox 936 2656 1651 2706; baseline -0.001 -13"><span class='ocrx_word' id='word_1_322' title='bbox 936 2659 1160 2705; x_wconf 74' lang='lat' dir='ltr'>Exceptum</span> <span class='ocrx_word' id='word_1_323' title='bbox 1184 2656 1233 2694; x_wconf 89' lang='lat' dir='ltr'>cf.</span> <span class='ocrx_word' id='word_1_324' title='bbox 1262 2669 1349 2706; x_wconf 86' lang='lat' dir='ltr'>sup.</span> <span class='ocrx_word' id='word_1_325' title='bbox 1385 2658 1468 2704; x_wconf 84' lang='grc' dir='ltr'><strong>ΙΙΙ,</strong></span> <span class='ocrx_word' id='word_1_326' title='bbox 1501 2657 1582 2694; x_wconf 80' lang='grc'>332</span> <span class='ocrx_word' id='word_1_327' title='bbox 1605 2664 1651 2692; x_wconf 93' lang='lat' dir='ltr'>ut</span> 
     </span>
     <span class='ocr_line' id='line_1_59' title="bbox 935 2708 1650 2765; baseline -0.003 -13"><span class='ocrx_word' id='word_1_328' title='bbox 935 2708 1225 2765; x_wconf 68' lang='grc' dir='ltr'>ὑποδέχεσθαι,</span> <span class='ocrx_word' id='word_1_329' title='bbox 1258 2713 1423 2752; x_wconf 84' lang='lat' dir='ltr'>insidiis.</span> <span class='ocrx_word' id='word_1_330' title='bbox 1455 2717 1554 2752; x_wconf 86' lang='lat' dir='ltr'>Puta</span> <span class='ocrx_word' id='word_1_331' title='bbox 1587 2725 1650 2750; x_wconf 89' lang='lat' dir='ltr'>au-</span> 
     </span>
    </p>
   </div>
  </div>
 </body>
</html>
