1767 3054
666 193 739 229 AD
771 193 974 230 Limum
1006 194 1097 229 vn.
1546 194 1597 243 39
1609 205 1624 229 t

136 265 199 301 sit.
229 264 466 302 Proelii-iore
490 275 650 314 quoque
670 250 879 302 studi0⁸ad
900 263 1173 302 declarandam
1193 262 1295 300 hanc
1320 265 1439 302 Italiae
1461 267 1629 316 antiqui-

139 338 256 367 tatem
277 330 401 375 feror,
422 342 503 380 quo
519 330 633 380 plura
651 332 725 367 viri
744 331 872 378 docti,
892 332 1002 368 nulla
1025 331 1242 368 subtilitate
1258 329 1399 378 judicii
1423 331 1627 383 (criticam

137 395 359 433 historicam
388 396 658 447 appellamus)
686 397 860 435 adhibita
880 397 1147 444 tradiderunt,
1170 410 1330 449 qnoque
1350 398 1535 448 pauciora
1557 401 1628 436 rite

134 470 174 499 et
191 461 239 498 ad
265 463 505 514 scriptorum
526 466 678 515 aevique
707 466 825 516 prisci
855 464 974 502 fidem
996 478 1224 516 moremque
1251 473 1346 502 sunt
1367 464 1571 516 explorata
1591 474 1628 502 et

133 530 359 568 constituta.

188 598 297 635 Intra
317 599 582 651 Aboriginum
599 599 760 652 stirpem
780 608 939 651 poetam
956 601 1056 637 Latii
1073 613 1133 636 res
1150 600 1354 637 continere
1370 607 1409 636 et
1426 598 1630 637 includere

134 665 253 703 modo
273 667 463 705 diximus.
486 670 567 717 Qui
590 669 649 705 illi
678 669 847 714 fuerint,
867 669 1032 718 quaestio
1056 675 1113 705 est
1132 669 1236 704 inter
1257 677 1406 705 veteres
1429 675 1468 704 et
1495 680 1630 704 recen-

133 734 251 771 tiores
270 736 386 772 variis
403 735 530 773 modis
552 738 705 788 agitata.
726 739 922 774 Pouemus
933 735 999 773 hic
1016 749 1058 774 ea
1071 765 1081 783 ‚
1101 749 1211 786 quae,
1230 744 1319 786 post
1342 735 1570 787 diligentem
1586 736 1628 771 in

133 801 193 838 his
209 802 328 839 rebus
352 803 427 841 alio
454 803 543 842 loco
562 805 793 842 collocatam
818 817 976 855 operam
990 832 1000 851 ‚
1023 817 1073 841 ex
1091 805 1229 842 ceteris
1255 805 1427 840 maxime
1453 803 1570 840 nobis
1589 816 1629 839 se

133 869 373 919 probarunt,
400 884 521 922 eaque
551 872 635 909 aliis
668 872 889 910 rationibus
919 871 1224 917 illustrabimus3
1253 880 1447 922 quantum
1467 869 1629 922 quidem

133 937 180 974 ad
199 937 355 975 doctam
374 949 501 989 poetae
517 942 884 991 interpretationem
901 942 994 977 satis
1013 954 1094 978 esse
1113 940 1327 978 videbitur.

188 1007 312 1042 Fuere
341 1005 579 1057 Aborigines
609 1019 660 1043 ex
684 1008 965 1057 antiquissimis
993 1008 1136 1043 veteris
1163 1007 1286 1044 Italiae
1314 1005 1625 1052 habitatoribus,

132 1069 200 1108 sed
223 1079 314 1121 post
345 1071 508 1108 Umbros
536 1081 574 1109 et
599 1073 764 1111 Siculos.
789 1076 890 1124 Quae
920 1072 968 1109 de
997 1086 1136 1110 eorum
1164 1073 1317 1122 origine
1349 1072 1468 1123 vulgo
1490 1071 1629 1109 tradita

130 1139 317 1190 legimus,
350 1152 400 1176 ex
430 1142 603 1177 nominis
623 1140 704 1178 fere
733 1142 878 1178 caussis
898 1153 1039 1191 parum
1062 1141 1228 1176 feliciter
1248 1141 1369 1190 petita
1394 1148 1500 1178 sunt.
1524 1140 1628 1178 Mihi

130 1218 225 1242 vero
243 1218 294 1243 ne
310 1205 353 1242 id
371 1206 532 1256 quidem
548 1206 700 1257 liquere
717 1207 877 1244 videtur
889 1235 899 1253 ,
919 1219 966 1244 an
985 1208 1191 1257 antiquum
1209 1219 1348 1243 eorum
1365 1219 1511 1243 nomen
1526 1206 1628 1244 illud

130 1271 262 1310 fuerit.
283 1274 321 1309 A
343 1273 579 1319 serioribus,
603 1275 673 1324 qui
699 1275 878 1323 antiquas
899 1287 959 1310 res
976 1273 1164 1309 memoria
1181 1272 1244 1307 vel
1262 1271 1466 1308 literarum
1484 1285 1628 1310 monu-

131 1340 273 1376 mentis
294 1348 537 1390 repeterent,
561 1341 771 1376 inventum
790 1352 938 1376 nomen
960 1347 1080 1389 puto,
1103 1346 1149 1375 ut
1166 1338 1316 1388 primos
1335 1338 1436 1374 Latii
1455 1345 1494 1375 et
1517 1338 1627 1377 loco-

130 1417 219 1442 rum
239 1407 342 1443 circa
359 1406 536 1443 Tiberim
557 1406 605 1443 ad
628 1419 734 1443 mare
760 1414 1039 1456 properantem
1061 1405 1232 1442 cultores
1252 1403 1520 1454 designarent,
1542 1414 1626 1442 tan-

131 1484 249 1521 quam
267 1470 515 1521 σιὺτόχθενσις,
534 1481 714 1522 respectu
733 1471 780 1508 ad
795 1472 962 1509 advenas
978 1472 1128 1518 habito,
1147 1472 1217 1522 qui
1233 1471 1418 1522 deinceps
1434 1473 1476 1508 in
1494 1472 1627 1510 eadem

129 1539 214 1576 loca
240 1525 530 1578 confluxerant.
552 1539 811 1578 Oblituerunt
829 1538 1004 1589 posthaec
1031 1538 1270 1588 Aborigines
1296 1537 1372 1574 sub
1396 1540 1627 1578 Latinorum

129 1607 312 1652 nomine,
340 1605 449 1656 quod
465 1607 665 1657 principio
688 1614 840 1656 partem
863 1614 1014 1642 tantum
1040 1604 1200 1655 populi,
1222 1606 1292 1654 qui
1310 1605 1386 1642 sub
1410 1619 1499 1658 rege
1519 1617 1622 1654 erat,

126 1673 367 1725 designasse,
393 1687 486 1720 nec,
505 1675 581 1710 m'si
601 1673 853 1710 Albanorum
871 1686 1008 1724 regum
1029 1672 1296 1710 crescentibus
1319 1673 1484 1723 opibus,
1508 1675 1626 1714 latius

126 1749 258 1791 patere
278 1741 442 1791 coepisse
460 1740 628 1777 videtur.
651 1740 845 1791 Virgilius
866 1749 1016 1785 tamen,
1038 1747 1084 1775 nt
1109 1748 1246 1789 poeta,
1272 1741 1353 1787 jam
1373 1742 1506 1777 AEneae
1524 1750 1622 1779 tem-

125 1819 222 1857 pore
248 1805 401 1844 Latium
429 1816 468 1844 et
489 1808 649 1844 Latinos
680 1820 731 1843 ex
750 1807 1001 1856 sequentium
1026 1813 1251 1855 temporum
1274 1805 1503 1844 conditione
1522 1810 1622 1846 aesti-

128 1886 232 1910 mare
252 1874 397 1923 potnit.

184 1941 474 1991 Antiquiorum
493 1948 720 1985 anctorum,
742 1953 842 1990 quos
865 1941 1083 1991 Dionysius
1098 1940 1326 1989 exscripsit,
1344 1936 1424 1976 fide
1443 1948 1596 1978 constat
1609 1971 1620 1988 ,

128 2008 391 2061 Aboriginum
412 2008 612 2044 memoriae
632 2015 669 2043 et
690 2008 861 2044 nominis
878 2007 1014 2058 prima
1037 2007 1211 2059 vestigia
1239 2008 1340 2043 circa
1360 2009 1501 2054 Reate,
1519 2008 1622 2046 ultra

124 2075 314 2112 ,Velinum
331 2074 459 2111 lacum
477 2082 513 2110 et
531 2073 698 2111 fluvium
710 2102 721 2120 ‚
738 2075 780 2111 in
798 2075 959 2112 Umbris
979 2087 1199 2112 occurrere.
1217 2076 1279 2111 Ex
1294 2073 1354 2111 his
1370 2074 1470 2112 locis
1486 2088 1622 2113 versus

126 2154 232 2178 mare
261 2140 392 2178 vicina
422 2153 589 2191 quaeque
622 2139 807 2191 deinceps
838 2149 1063 2186 tenuerant,
1088 2151 1126 2179 et
1149 2142 1190 2178 in
1217 2140 1357 2178 iisdem
1387 2142 1486 2179 locis
1509 2143 1622 2193 plura

125 2210 210 2247 loca
239 2221 378 2246 eorum
401 2209 629 2245 memoriam
654 2208 862 2245 servabant
897 2209 1082 2259 Dionysii
1114 2208 1242 2245 adhuc
1272 2217 1472 2259 tempore,
1503 2223 1620 2260 quem

130 2276 210 2314 vid.
227 2275 298 2313 lib.
321 2277 339 2312 Ι
353 2304 363 2321 ,
379 2289 412 2313 c.
438 2288 451 2311 1
464 2282 617 2322 4—17‚
646 2276 692 2311 18
717 2289 807 2312 cum
825 2275 1155 2313 illustrationibus
1177 2276 1377 2322 locorum;
1395 2289 1491 2327 quas
1513 2276 1621 2314 dedit

136 2345 220 2395 Cap
253 2343 405 2381 Blattin
444 2343 493 2380 de
526 2341 777 2394 Chaupy(in
801 2337 1040 2380 De'cou'verte
1067 2344 1116 2381 de
1146 2345 1186 2381 Ia
1217 2343 1371 2381 maison
1395 2344 1616 2390 d'Horace,

130 2418 225 2448 tom.
261 2412 340 2458 111,
362 2424 401 2461 p.
431 2424 443 2447 ι
459 2423 505 2447 12
537 2411 652 2461 sqq.)
673 2419 718 2447 ut
741 2409 837 2447 adeo
860 2410 1125 2460 Aboriginum
1152 2423 1298 2448 nomen
1327 2410 1376 2448 ad
1401 2424 1526 2449 unum
1551 2412 1619 2449 ali·

129 2489 244 2527 quem
267 2491 350 2516 non
371 2477 482 2515 valde
505 2487 728 2528 potentem,
750 2486 817 2514 aut
838 2477 914 2514 late
945 2477 1185 2515 habitantem
1217 2478 1410 2529 populum
1430 2487 1619 2530 spectasse

130 2557 284 2583 necesse
300 2548 362 2584 sit.

187 2613 343 2651 Mature
361 2626 453 2651 cnm
473 2613 649 2650 barbaris
668 2612 744 2650 illis
761 2613 986 2663 promiscue
1001 2611 1230 2650 habitarunt
1250 2612 1419 2664 Pelasgi;
1441 2621 1578 2650 terram
1599 2626 1618 2650 a

131 2679 287 2729 populis
304 2694 375 2732 per
395 2680 626 2719 solitudines
650 2680 874 2718 errantibus
894 2680 993 2717 male
1012 2679 1224 2718 habitatam
1240 2680 1351 2719 facile
1371 2691 1617 2732 occuparunt

130 2743 310 2794 adveuae,
325 2757 371 2786 ut
383 2750 527 2787 nostris
545 2749 727 2787 aetatibus
746 2749 982 2787 Americam.
1004 2747 1169 2802 Pelasgi
1184 2761 1260 2802 qua
1279 2749 1429 2802 origine
1446 2750 1592 2787 fuerint
1604 2777 1614 2794 ,

130 2810 309 2850 nondum
327 2815 540 2867 quicquam
560 2817 650 2854 satis
671 2816 865 2867 explorati
890 2816 1031 2855 habeo.
1051 2818 1111 2855 Ex
1129 2813 1307 2856 Thrabiae
1335 2815 1493 2867 quidem
1521 2815 1619 2852 locis
