1767 3054
175 156 221 185 io
799 150 1042 190 AENEIDOS

169 246 185 261 «
211 222 372 278 Salve,
394 231 551 267 sancte
573 218 765 283 parens',
790 221 984 282 iterun13
1008 223 1204 281 salvete,
1227 222 1401 285 recepti
1628 236 1666 264 80

168 296 504 360 Nequidquam
526 299 729 356 cineres,
757 297 1017 358 animaeque
1037 298 1313 361 umbraeque
1333 310 1555 360 paternae.

168 377 277 419 Non
301 374 432 419 licuit
457 374 560 419 finis
583 374 725 419 Italos
741 407 753 430 ,
780 373 1033 434 fataliaque
1059 389 1192 432 arva,

166 451 265 494 Nec
285 460 439 494 tecum
455 447 717 493 Ausonium
729 483 740 503 ,
755 447 1042 508 quicumque
1056 460 1148 506 est,
1162 465 1374 510 quaerere
1394 448 1663 509 Thybrim.»

231 522 429 568 Dixerat
450 521 550 566 haec
567 557 579 578 ,
610 521 762 582 adytis
784 537 931 582 quum
956 521 1166 569 lubricus
1188 524 1351 585 anguis
1379 522 1439 569 ab
1464 524 1569 570 imis

167 601 360 659 Septem
384 598 547 657 ingens
573 612 738 657 gyros,
762 607 956 657 septena
980 597 1221 643 volumina
1242 598 1412 656 traxit,
1627 609 1664 639 85

167 672 427 733 Amplexus
449 670 633 731 placide
654 670 912 726 tumulum,
936 671 1188 731 lapsusque
1210 687 1296 732 per
1317 688 1445 731 aras;

167 850 312 875 ornans
342 837 539 884 adjectum
560 849 581 873 a
600 843 708 874 certo
740 849 882 888 genere

166 896 337 939 florum,
369 904 464 944 puta
492 895 687 931 violarum
719 903 758 930 et
786 895 882 932 alio-

166 965 256 989 rum
275 951 506 988 rubentium
525 952 639 987 fusco
663 951 809 989 colore.

227 1010 293 1046 80.
320 1011 471 1060 Magne
491 1022 536 1058 p.
562 1009 737 1046 Parrhas.
763 1011 886 1046 Sanc-

166 1077 205 1104 te
215 1075 338 1116 pater
354 1067 450 1103 alter
469 1065 613 1104 Hamb.
640 1068 793 1103 Sancta
819 1067 883 1105 ed.

164 1126 215 1164 N.
273 1125 479 1170 Heinsius,
524 1124 687 1170 vitiose3
728 1125 781 1161 ita
825 1134 883 1161 ta-

166 1195 259 1219 men
291 1195 452 1232 quoque
475 1182 558 1219 duo
589 1181 777 1220 Gothani.
809 1185 885 1220 Pa-

166 1252 258 1276 rens
278 1253 291 1275 .·
313 1239 455 1276 iterum
484 1253 514 1277 s.
543 1238 795 1290 distinguunt
814 1244 884 1277 Zu-

166 1297 263 1335 lich.
294 1305 333 1333 et
355 1296 462 1334 Leid.
482 1310 551 1335 un.
571 1300 755 1347 Recepeae
773 1298 882 1337 Leid.

166 1355 280 1391 alius.
298 1375 356 1382 —
370 1355 422 1392 80
463 1368 547 1404 sqq.
588 1354 637 1392 cf.
675 1355 785 1394 Iliad.
830 1352 880 1406 ψ,

171 1425 250 1461 179
276 1425 362 1463 sqq.
385 1411 629 1462 Animaeque
656 1413 881 1464 umbraeque

158 1479 367 1520 paternae,
394 1483 468 1521 pro
495 1471 624 1507 anima
648 1478 687 1507 et
714 1471 877 1519 umbra3

165 1541 216 1565 ne
235 1527 389 1565 dubita.
418 1528 495 1566 Sed
527 1540 575 1564 an
601 1527 704 1564 hanc
724 1542 881 1579 recepe-

165 1594 227 1622 rat
238 1588 378 1623 AEneas
388 1586 405 1621 ,³
414 1587 542 1635 Atqui
553 1586 681 1622 anima
693 1595 731 1622 et
741 1589 862 1624 Mane

164 1643 209 1680 in
230 1643 391 1687 inferis,
414 1656 453 1680 v.
475 1643 545 1681 inf.
568 1644 620 1693 98
636 1671 647 1689 ,
674 1657 743 1694 99.
767 1645 879 1683 Scili-

165 1708 228 1737 cet
255 1702 415 1750 proprie
432 1700 565 1750 pacris
592 1701 746 1738 cineres
774 1715 881 1739 rece-

162 1766 296 1807 perat3
322 1759 403 1805 jam
419 1758 526 1794 idem
554 1759 621 1796 ille
643 1769 805 1809 patrem
824 1774 880 1797 re-

163 1814 310 1864 cepisse
332 1815 434 1852 bene
457 1815 627 1862 dicitur3
651 1816 728 1854 hoc
749 1826 879 1854 autem

161 1871 268 1909 idem
285 1881 405 1921 poeta
421 1886 492 1922 per
507 1873 657 1910 cineres
670 1901 680 1919 ‚
699 1873 881 1912 animam

163 1938 202 1966 ee
221 1930 400 1966 umbram
418 1930 644 1968 declaravit.
655 1933 737 1970 Nec
751 1941 882 1970 tamen

162 1987 241 2024 hoc
286 2000 464 2034 necesse3
515 1987 585 2024 sed
645 1989 843 2041 distingue
868 2001 879 2029 ε

163 2045 328 2089 salvete,
356 2044 504 2094 recepti
514 2047 567 2083 N.
593 2045 744 2083 cineres
757 2060 773 2091 ,⁸
787 2047 878 2083 ani-

165 2115 320 2152 maeque
344 2102 492 2139 umbrae
507 2116 552 2152 p.
584 2106 672 2141 Hoc
708 2104 879 2141 voluisse

163 2159 323 2196 videtur
353 2163 546 2210 Pompon.
577 2160 667 2198 Sab.
685 2173 735 2196 ae
754 2161 789 2197 si
819 2161 880 2198 di-

165 2226 271 2254 ceret
292 2230 306 2253 .·
327 2217 484 2254 Salvece
502 2231 524 2253 0
547 2219 689 2254 fllanes
704 2218 878 2268 paterni.

222 2276 276 2320 84
294 2287 378 2325 sqq.
399 2275 638 2325 Comparant
649 2285 881 2325 portentum

163 2333 288 2369 simile
309 2345 371 2382 ap.
397 2335 559 2370 Homer.
588 2334 700 2371 Iliad.
727 2331 775 2381 β,
797 2335 877 2372 308

162 2403 221 2440 sq.
244 2390 414 2427 dracone
427 2392 470 2427 in
485 2391 632 2428 Aulide
651 2392 797 2428 Graecis
814 2392 883 2429 ol]-

162 2447 269 2493 jecto
291 2460 300 2484 :
322 2447 430 2496 quod
451 2461 648 2485 annorum
666 2462 880 2486 numerum

165 2503 393 2540 obsidendae
432 2506 561 2551 Trojae
600 2504 877 2554 portendebat.

164 2560 257 2598 Alio
275 2560 394 2597 modo
409 2570 446 2598 et
462 2561 646 2610 proeclare
659 2561 707 2597 ad
722 2562 763 2598 h.
775 2562 802 2598 l.
820 2575 880 2599 ac-

164 2617 458 2655 commodatum
477 2626 533 2654 est
550 2627 779 2667 portentum
797 2632 877 2655 ser-

163 2677 292 2726 pentis
325 2688 345 2711 e
377 2674 532 2711 tumulo
564 2675 747 2711 Anchisae
774 2676 877 2712 inter

163 2732 319 2769 inferias
331 2732 449 2768 saetas
464 2731 710 2781 prodeuntis.
730 2733 877 2770 Genios

163 2791 271 2828 enim
283 2791 365 2828 sive
381 2789 560 2828 locorum
574 2789 655 2826 sive
667 2789 878 2828 hominum

950 845 1031 874 tota
1052 839 1266 889 antiquitas
1279 866 1289 885 ,
1303 838 1496 889 imprimis
1513 838 1667 876 Etrusci

950 903 989 930 et
1008 897 1199 942 Romani,
1228 909 1300 944 per
1327 905 1526 946 serpentes
1559 896 1669 934 exhi-

950 952 1149 998 buerunt3
1190 965 1275 989 non
1314 966 1416 1000 una,
1456 961 1577 1003 puto,
1618 954 1667 991 de

951 1022 1098 1047 caussa.
1113 1010 1294 1048 Plurium
1306 1012 1411 1047 enim
1419 1023 1553 1047 rerum
1564 1024 1668 1062 sym-

951 1066 1091 1103 bolum
1125 1078 1171 1104 ac
1198 1075 1293 1104 nota
1322 1067 1482 1106 habitus
1512 1076 1570 1105 est
1591 1081 1669 1105 ser-

951 1137 1048 1174 pens
1064 1153 1076 1170 ,
1100 1138 1138 1162 v.
1169 1138 1202 1161 c.
1228 1133 1273 1161 ut
1294 1122 1337 1162 τὸ
1369 1123 1556 1180 ἐγχώριον
1571 1153 1582 1172 ,
1602 1139 1665 1163 so-

949 1182 1036 1218 lum
1068 1183 1267 1232 patrium,
1297 1183 1443 1229 vitam,
1478 1183 1662 1229 salutem,

948 1239 1287 1287 incolumitatem,
1335 1240 1666 1278 immortalitatem

950 1305 1022 1336 etc.
1060 1299 1258 1335 innueret.
1305 1301 1513 1348 Per-peram
1556 1300 1663 1337 Serv.

950 1354 1075 1393 Cerda
1109 1364 1148 1392 et
1170 1355 1236 1391 alii
1270 1355 1319 1392 de
1349 1364 1530 1406 serpente
1560 1355 1600 1394 h.
1636 1355 1663 1393 l.

949 1421 1071 1464 agunt
1101 1425 1152 1449 ex
1190 1413 1262 1458 iis,
1299 1426 1388 1462 quae
1421 1427 1458 1450 v.
1491 1425 1526 1450 c.
1558 1412 1664 1463 apud

948 1470 1065 1509 Ovid.
1080 1473 1158 1509 XV
1176 1471 1274 1507 Met.
1300 1471 1380 1520 399
1393 1498 1403 1517 ,
1428 1471 1508 1520 390
1529 1469 1663 1521 legun-

948 1536 1041 1566 tur:
1065 1528 1137 1565 ubi
1162 1540 1183 1564 e
1209 1527 1392 1564 medullis
1426 1527 1660 1564 cadaverum

947 1597 1094 1634 angues
1109 1587 1217 1622 nasci
1242 1585 1381 1622 crediti
1398 1593 1505 1622 sunt.
1523 1586 1661 1635 Itaque

946 1651 986 1679 et
1000 1643 1040 1680 h.
1058 1643 1085 1681 1.
1105 1656 1203 1680 mox
1220 1642 1271 1679 ad
1293 1643 1466 1680 Genium
1493 1655 1563 1679 seu
1579 1642 1660 1680 loci

946 1713 1016 1737 seu
1043 1701 1230 1739 Anchisae
1258 1710 1457 1738 ostentum
1491 1699 1659 1739 refertur

945 1771 984 1795 v.
1004 1759 1071 1808 95.
1102 1758 1247 1807 Adytis
1262 1773 1279 1804 ;
1306 1757 1509 1809 splendide
1544 1766 1661 1795 ornat

944 1817 1065 1865 patris
1084 1816 1303 1862 tumulum,
1322 1824 1508 1866 tanquam
1523 1815 1660 1852 locum

947 1885 1100 1910 sacrum
1119 1886 1164 1910 ac
1183 1873 1395 1924 templum,
1419 1885 1516 1910 mox
1542 1873 1659 1909 etiam

948 1929 1046 1980 (inf.
1071 1945 1108 1969 v.
1137 1932 1217 1978 760
1232 1957 1242 1977 ‚
1270 1929 1380 1981 761)
1404 1931 1484 1966 fani
1505 1930 1661 1981 religio-

947 2001 997 2024 ne
1015 1997 1301 2026 consecratum.
1324 1987 1570 2038 Amplexus,
1593 2000 1660 2038 gy-

946 2046 1000 2081 ris
1019 2046 1207 2085 ambiens.
1235 2048 1393 2096 Septem
1407 2058 1550 2096 gyros,
1574 2047 1659 2082 Ser-

946 2104 1067 2142 vius:
1103 2106 1247 2141 AEneae
1285 2115 1401 2139 omen
1434 2101 1496 2137 sui
1522 2101 1659 2138 erroris

946 2159 1169 2196 ostenditur
1199 2168 1347 2209 septem
1377 2158 1489 2211 gyris
1503 2172 1520 2203 ;
1561 2172 1658 2195 nam

946 2217 1132 2266 septimus
1159 2217 1197 2254 ei
1213 2230 1343 2253 annus
1369 2214 1528 2269 escfinz's
1551 2229 1656 2253 erro-

947 2274 1026 2319 r1‘s;
1049 2284 1089 2312 ec
1117 2284 1176 2312 esc
1196 2274 1333 2327 (addit
1370 2274 1458 2319 ille;
1485 2286 1573 2322 quae
1601 2283 1657 2311 ta-

947 2345 1040 2369 men
1062 2342 1245 2383 praestare
1264 2333 1386 2369 nolim
1404 2339 1561 2381 poetam
1579 2333 1657 2368 ani-

947 2403 1014 2427 mo
1047 2388 1246 2440 tenuisse)
1268 2388 1459 2438 optimum
1478 2387 1656 2441 figmen-

947 2457 1043 2484 tum.
1064 2449 1207 2484 Annus
1228 2446 1333 2483 enim
1349 2446 1564 2483 secundum
1582 2448 1655 2484 AE-

942 2504 1103 2555 gyptios
1126 2503 1375 2541 indicabatur
1401 2513 1497 2540 ante
1530 2503 1656 2541 inven-

948 2570 1009 2598 tas
1042 2560 1177 2598 liceras
1198 2560 1308 2610 picto
1340 2561 1537 2606 dracone,
1560 2574 1654 2598 cau-

946 2618 1041 2654 dam
1065 2631 1178 2654 suam
1202 2618 1426 2665 mordente,
1444 2631 1534 2668 quoe
1556 2618 1595 2655 in
1614 2632 1656 2656 se

943 2675 1114 2712 recurrit.
1136 2674 1211 2713 Sed
1233 2684 1272 2712 et
1307 2676 1550 2726 septenarius
1581 2689 1656 2712 nu-

944 2745 1074 2769 merus
1108 2741 1292 2782 tanquam
1319 2735 1446 2783 impar
1478 2741 1517 2770 et
1547 2745 1655 2770 sacer

944 2791 1041 2841 poni
1075 2792 1218 2842 potuit.
1246 2812 1304 2821 --
1329 2791 1395 2830 86.
1415 2792 1566 2842 Lapsus
1580 2803 1659 2842 per
