1767 3054
135 106 210 145 162

766 105 1006 144 AENEIDOS

132 186 355 227 Inventas
380 190 461 226 aut
483 177 567 241 qui
587 176 735 224 vitam
760 180 1012 226 excoluere
1036 193 1122 242 per
1148 178 1287 236 artis;

138 254 331 316 Quique
354 253 428 301 sui
451 269 681 300 memores
707 253 822 300 alios
845 254 998 300 secere
1021 253 1270 299 merendo:

141 329 376 377 Omnibus
400 329 474 375 his
498 329 637 376 nivea
661 329 915 391 cinguntur
939 339 1153 389 tempora
1171 327 1302 373 vitta.

1578 332 1640 363 665

145 407 279 462 Quos
302 404 612 449 circumfusos
637 404 702 450 sic
727 414 796 449 est
821 403 978 449 adfata
1003 401 1211 463 Sibylla,

144 481 377 525 Musaeum
405 489 511 523 ante
536 479 709 536 omnis;
739 477 947 523 medium
971 493 1079 523 nam
1103 475 1308 537 plurima
1332 473 1471 521 turba

146 555 286 599 Hunc
311 552 479 608 habet,
504 564 646 613 atque
666 552 877 599 humeris
903 562 1165 598 exstantem
1184 549 1380 612 suspicit
1402 548 1504 595 altis
1530 564 1538 590 τ

152 650 170 668 «
191 627 370 684 Dicite,
397 625 553 671 felices
580 625 770 683 animae,
795 638 965 687 tuque,
990 625 1168 688 optime
1191 635 1344 681 vates;

152 705 272 758 Quae
297 701 429 762 regio
452 700 709 758 Anchisen,
736 701 842 762 quis
867 700 1013 747 habet
1033 701 1194 746 locus?
1218 699 1342 745 illius
1365 714 1477 760 ergo
1589 708 1650 748 670

153 776 404 831 Venimus,
430 786 476 821 et
499 790 694 837 magnos
720 775 864 822 Erebi
891 776 1182 822 tranavimus
1209 773 1371 820 amnis.
1394 793 1413 814 »

156 853 312 911 Atque
336 849 449 894 huic
471 865 751 911 responsum
771 849 934 911 paucis
958 851 1024 896 ita
1043 848 1252 895 reddidit
1274 847 1415 893 heros
1438 865 1449 894 z

157 1018 204 1055 ad
238 1019 342 1064 VII,
393 1019 561 1065 178.—-
583 1020 702 1055 Vaces
744 1019 875 1056 sintne

156 1084 284 1127 poetae
312 1087 362 1112 an
394 1076 663 1122 conjectores,
703 1074 877 1113 dubitari

156 1141 300 1184 potest.
330 1133 406 1171 Sed
437 1134 554 1171 Silius
582 1133 683 1171 ibid.
719 1147 758 1171 v.
795 1134 874 1172 538

159 1190 229 1242 qui
245 1213 302 1218 —-
325 1204 398 1228 nec
427 1190 690 1241 dedignanda
715 1191 882 1241 parenti

163 1247 356 1287 Carmina
384 1246 582 1300 fuderunt
613 1247 789 1294 Pkoeb0;
806 1251 879 1287 ita-

163 1319 239 1357 que
268 1315 306 1343 et
334 1307 368 1343 is
396 1306 444 1343 de
463 1308 591 1357 poetis
622 1308 787 1357 accepit.
816 1307 884 1345 Pii

160 1365 206 1401 in
234 1363 312 1400 hoc
335 1365 423 1414 ipso
449 1364 559 1414 quod
590 1363 736 1402 Plzoebo
753 1363 880 1416 digna

159 1421 411 1470 loquuntur,
438 1423 492 1458 ita
521 1430 567 1458 ut
593 1436 684 1459 vere
704 1436 889 1472 pronun--

163 1480 264 1516 tient
298 1491 338 1515 se
376 1492 515 1516 canere
548 1478 612 1517 dei
645 1480 778 1517 afflatu
805 1482 877 1517 im-

164 1536 300 1586 pulsos
313 1563 324 1582 ‚
375 1536 474 1573 dum
527 1536 686 1587 grandia
701 1566 711 1584 ‚
758 1538 880 1575 subli-

164 1594 243 1630 mia
257 1621 268 1639 ‚
302 1593 491 1643 praeclara
521 1604 683 1633 canunt.
703 1617 760 1623 —
780 1596 877 1641 664.

164 1650 283 1688 Alios
298 1660 403 1688 recte
421 1660 620 1689 servatum
634 1654 678 1690 in
694 1652 784 1691 edd.
802 1655 882 1701 jam

166 1707 262 1745 inde
291 1709 339 1745 ab
366 1708 486 1747 Aldd.
508 1709 589 1747 Alii
609 1710 778 1761 aliquos,
803 1713 882 1749 Mi-

167 1779 258 1803 rum
275 1767 318 1803 in
345 1767 449 1804 hanc
468 1768 649 1805 vitiosam
671 1769 883 1806 lectionem

170 1825 396 1874 conspirare
426 1826 735 1863 vetustissimum
759 1835 797 1864 et
815 1840 884 1877 op-

169 1882 313 1918 timum
355 1895 552 1932 quemque
566 1911 576 1929 ,
611 1885 727 1920 etiam
765 1887 883 1923 Rom.

171 1938 320 1977 Medic.
341 1939 478 1990 fragm.
492 1942 637 1987 Vatic„
656 1940 735 1979 hoc
755 1951 885 1979 tamen

172 2008 193 2032 a
213 2008 317 2033 man.
336 2009 397 2046 pr.
416 2019 474 2025 —-
497 1997 653 2048 Quique
669 1999 731 2035 sui
745 2013 887 2037 memo-

174 2066 235 2089 res
267 2053 369 2090 alios
389 2054 530 2106 fecere
561 2056 749 2093 merendo
766 2071 782 2102 ;
822 2070 886 2094 or-

174 2119 263 2148 nate
277 2123 287 2149 :
301 2125 451 2163 magnae
470 2113 547 2149 illae
561 2141 572 2158 ,
593 2122 631 2149 et
647 2113 795 2151 divinae
810 2116 891 2151 ani-

175 2181 250 2205 mae
263 2196 273 2214 ‚
295 2183 384 2220 quae
401 2169 503 2206 bene
520 2169 568 2206 de
588 2183 730 2221 genere
752 2170 889 2208 huma-

176 2238 229 2263 no
243 2228 392 2264 meritae
409 2236 503 2264 sunt
517 2241 526 2273 3
538 2239 639 2277 saepe
656 2227 725 2274 sic,
743 2236 788 2265 ut
805 2229 890 2265 nul-

173 2282 252 2318 lam
271 2285 432 2334 gratiam
455 2284 674 2330 auferrent,
688 2285 889 2323 interdum

177 2338 278 2376 odiis
314 2350 352 2377 et
379 2342 530 2378 invidia
558 2343 735 2392 oppressi
766 2345 889 2380 vitam

178 2398 358 2434 miseram
379 2408 548 2449 agerent.
562 2400 766 2447 BIerendo,
783 2401 889 2438 idem

176 2454 286 2504 quod
303 2457 346 2491 in
363 2456 516 2506 vulgari
533 2470 712 2495 sermone
726 2486 736 2504 ‚
757 2457 887 2495 deme-

177 2511 323 2557 rendo,
359 2513 645 2562 promerendo,
677 2514 780 2553 bene
809 2529 886 2553 me-

176 2568 302 2606 rendo
329 2568 377 2605 de
412 2570 507 2607 aliis.
531 2571 593 2608 Sic
615 2574 761 2609 Seneca
789 2575 886 2623 Hip-

175 2626 306 2678 polyt.
336 2626 418 2664 632
456 2637 495 2664 ec
520 2636 557 2664 te
580 2629 777 2676 merebor,
814 2631 888 2668 ubi

174 2696 215 2722 V.
247 2685 448 2722 Gron.—
469 2685 566 2722 665.
609 2686 795 2724 Omnibus
827 2686 886 2724 his

172 2743 329 2780 Servius
353 2754 361 2781 :
381 2760 400 2775 α
420 2755 492 2794 per
522 2742 629 2793 quod
664 2756 730 2781 eos
755 2753 884 2782 osten-

942 1021 1001 1058 dit
1026 1020 1214 1057 meruisse
1244 1018 1400 1056 divinos
1429 1017 1615 1055 honores.
1639 1035 1656 1049 1>

944 1079 1058 1117 Certe
1075 1076 1248 1115 declarat
1264 1077 1341 1114 hoe
1369 1075 1521 1126 insigne
1536 1102 1546 1122 ,
1575 1087 1656 1112 esse

944 1149 1010 1174 eos
1034 1136 1140 1173 viros
1158 1147 1290 1173 sacros
1308 1142 1347 1171 et
1364 1140 1534 1171 sanctos.
1553 1133 1655 1171 Nam

945 1195 1108 1231 vittatos
1128 1193 1246 1231 fuisse
1264 1191 1485 1230 sacerdotes
1498 1217 1510 1237 ,
1525 1199 1634 1227 vates
1646 1217 1658 1234 ‚

946 1251 1040 1289 deos
1052 1279 1062 1297 ,
1084 1252 1175 1288 satis
1193 1258 1337 1287 notum
1355 1257 1427 1287 est.
1441 1247 1547 1286 conf.
1568 1247 1658 1285 Val.

946 1310 1004 1348 Fl.
1024 1309 1097 1347 lib.
1119 1311 1162 1355 Ι,
1186 1308 1268 1346 836
1283 1335 1294 1353 ,
1314 1307 1411 1352 840.

1005 1367 1088 1404 666
1107 1376 1145 1404 et
1161 1379 1268 1416 seqq.
1290 1364 1464 1403 Platonis
1481 1363 1594 1401 locus
1614 1361 1662 1399 de

946 1428 1047 1475 Rep.
1065 1426 1105 1461 II
1119 1453 1130 1471 ‚
1150 1438 1190 1475 p.
1212 1424 1292 1460 363
1313 1431 1404 1460 ante
1423 1421 1562 1459 oculos
1579 1433 1664 1457 ver-

946 1483 1024 1519 sari
1050 1483 1197 1533 potuit,
1223 1479 1345 1530 Quod
1372 1480 1572 1517 Musaeum
1590 1491 1664 1528 po-

947 1541 1142 1577 tissimum
1162 1539 1341 1576 nominat
1358 1544 1499 1587 poeta,
1522 1537 1666 1574 miran-
1733 1535 1736 1538 ’

948 1606 1014 1635 tur
1036 1599 1171 1647 Intpp.
1197 1598 1396 1634 Homerus
1421 1608 1513 1632 sane
1537 1597 1669 1632 AEneae

948 1657 991 1692 in
1010 1655 1146 1692 inferis
1170 1666 1378 1691 occurrere
1399 1665 1485 1690 non
1501 1652 1638 1702 potuit
1659 1664 1667 1687 :

949 1713 1117 1750 turbatae
1131 1712 1297 1749 fuissent
1308 1720 1533 1761 temporum
1552 1710 1672 1745 ratio·

949 1784 1032 1808 nes.
1056 1773 1195 1821 Quum
1213 1777 1345 1806 autem
1364 1768 1412 1805 de
1436 1766 1670 1817 antiquiori-

950 1828 1026 1865 bus
1045 1827 1186 1878 aliquis
1205 1835 1304 1864 esset
1329 1823 1553 1863 laudandus
1566 1852 1577 1871 ‚
1594 1826 1670 1862 Or-

950 1885 1077 1936 pheus
1095 1897 1192 1922 vero
1209 1885 1290 1933 jam
1307 1897 1396 1934 sup.
1423 1896 1439 1920 1
1452 1895 1501 1932 19
1520 1894 1670 1919 memo-

951 1952 1060 1980 ratus
1076 1950 1199 1988 esset,
1221 1943 1293 1979 vix
1313 1941 1412 1978 alius
1437 1947 1581 1991 praeter
1608 1941 1671 1976 Li-

952 2014 1050 2038 num
1061 2029 1072 2047 ,
1091 2000 1156 2037 vel
1165 2001 1365 2038 Musaeum
1380 1997 1587 2049 subrogari
1605 2009 1676 2047 po-

955 2060 1044 2096 tnit.
1066 2059 1210 2108 Magna
1232 2064 1364 2093 autem
1383 2056 1527 2094 Musaei
1541 2062 1674 2091 aucto-

954 2116 1047 2152 ritas
1066 2124 1231 2165 propter
1249 2114 1459 2165 religiones
1478 2120 1517 2150 et
1538 2111 1674 2150 teletas

954 2173 1174 2219 institutas;
1214 2180 1253 2209 et
1289 2171 1402 2209 facile
1440 2182 1552 2207 nunc
1590 2169 1675 2216 ejus

957 2230 1281 2267 commemoratio
1303 2229 1349 2267 h.‘
1379 2228 1409 2266 l.
1444 2227 1672 2278 opinionem

955 2300 1116 2325 movere
1138 2295 1268 2338 potest
1280 2315 1290 2334 ‚
1310 2294 1468 2337 poetam
1484 2283 1533 2320 de
1551 2283 1675 2320 initiis

957 2345 1144 2397 cogitasse
1157 2374 1167 2391 ‚
1198 2357 1324 2395 quum
1343 2356 1394 2381 ex
1418 2339 1674 2379 nobilissimis

954 2402 1225 2453 hierophantis
1236 2413 1364 2438 unum
1374 2406 1671 2436 commemoret.

953 2461 1138 2498 Ceterum
1171 2458 1220 2495 ad
1247 2461 1461 2496 Homerum
1485 2456 1529 2492 in
1554 2455 1672 2492 simili

950 2517 1041 2554 loco
1054 2529 1137 2553 rem
1145 2514 1346 2553 transtulit
1356 2512 1543 2564 praeelare
1554 2513 1671 2552 Sih'us

952 2575 1076 2619 XIII,
1104 2573 1185 2620 780
1208 2584 1295 2622 sqq.

1010 2630 1090 2677 667
1105 2658 1116 2677 ,
1137 2629 1235 2667 668.
1276 2630 1380 2666 Bene
1412 2627 1491 2666 hoc
1518 2639 1568 2665 ex
1601 2626 1667 2665 he—

952 2700 1068 2725 roum
1088 2696 1200 2725 aetate
1217 2694 1257 2724 et
1274 2687 1477 2737 opinione.
1499 2686 1600 2725 Nam
1619 2684 1667 2722 ad

951 2745 1153 2783 Platonem
1186 2757 1278 2783 eum
1303 2744 1543 2795 respexisse,
1560 2743 1667 2794 apud
