1767 3054
749 144 900 182 LIBER
932 144 985 180 v,
1569 142 1620 187 07

185 223 247 265 At
271 229 406 282 pater
428 218 620 275 AEneas,
638 232 750 262 casu
773 230 1028 262 concussus
1053 213 1249 270 acerbo,
1563 235 1622 265 ς...)

119 295 258 340 Nunc
280 292 375 339 huc
399 292 624 355 ingentis,
643 308 770 337 nunc
794 291 906 337 illuc
927 299 1120 353 pectore
1146 303 1285 334 curas

119 367 338 416 Mutabat
355 384 549 415 versans
570 387 580 414 ε
604 367 836 415 Siculisne
860 365 1090 414 resideret
1115 365 1261 422 arvis,

119 444 308 492 Oblitus
334 443 562 501 fatorum,
584 444 787 491 Italasne
813 453 1082 507 capesseret
1106 457 1229 487 oras.

117 523 238 567 ‘sum
262 519 422 567 senior
446 522 651 578 NauteS,
674 537 820 568 unum
839 519 1055 566 Tritonia
1079 517 1226 564 Pallas

118 599 271 653 Quem
293 594 478 653 docuit,
505 597 747 659 multaque
774 595 1003 658 insignem
1027 592 1239 640 reddidit
1260 603 1383 648 arte,

118 674 231 718 Haec
249 687 475 734 responsa
500 672 665 729 dabat,
691 673 764 719 vel
786 688 891 734 quae
912 669 1221 734 portenderet
1246 668 1318 714 ira

119 749 291 810 Magna
316 747 481 804 deum,
503 748 577 794 vel
599 765 704 810 quae
726 748 929 794 fatorum
952 755 1170 809 posceret
1195 743 1329 789 ordo.

120 912 272 955 agunt:
293 904 371 942 hoc
400 904 528 942 imbre
567 905 737 955 desuper
768 906 840 942 im-

120 962 282 1013 plentur
302 976 433 1000 naves.

183 1033 260 1068 701
278 1049 289 1067 ‚
310 1033 405 1068 702.
424 1023 566 1057 Versat
595 1033 733 1066 curas;
752 1033 842 1070 quae

121 1087 253 1115 autem
269 1086 476 1116 versantur
491 1107 500 1121 ,
517 1078 607 1115 loco
628 1086 842 1115 moventur

121 1145 159 1172 et
208 1145 438 1181 mutantur3
478 1135 575 1172 hinc
617 1137 812 1185 exquisite
832 1164 842 1181 ‚

121 1207 295 1230 versans
344 1193 536 1231 mutabat.
580 1195 842 1231 Homericum

123 1245 313 1302 διάνδιχα.
330 1248 552 1305 μερμήριξε.
566 1274 625 1280 -
640 1265 735 1299 702.
759 1254 843 1289 Mo-

124 1309 239 1348 tabae
274 1310 357 1348 duo
404 1311 538 1348 Burm.
563 1310 627 1347 hic
654 1318 699 1347 ut
735 1310 841 1347 alibi.

121 1368 204 1407 vid.
222 1381 310 1420 sup.
335 1369 414 1413 ΙΙΙ,
441 1367 536 1405 581.
559 1371 729 1405 Jactam
754 1376 842 1405 tert.

121 1427 312 1466 Rottend.
345 1427 497 1464 Dubius
524 1427 653 1465 codex
676 1428 843 1465 Pierian.

120 1486 289 1537 propius
319 1484 367 1522 ad
401 1485 607 1537 vulgarem
634 1487 842 1524 rationem,

124 1545 268 1581 Versas
294 1543 417 1583 Goth.
446 1552 536 1582 tert.
571 1544 756 1582 Ceterum
787 1543 844 1581 di-

122 1602 377 1640 stinctionem
399 1604 505 1640 inter
522 1602 730 1647 Mutabac,
752 1616 844 1640 ver-

121 1673 218 1697 sans
252 1661 419 1706 sustuli,
451 1674 502 1698 ne
539 1661 589 1698 ad
622 1661 842 1699 orationem

121 1717 344 1769 pedestrem
373 1732 434 1756 res
468 1719 627 1757 rediret.
657 1720 844 1756 Mutabac

122 1790 295 1814 versans
312 1786 369 1814 est
380 1778 558 1828 pleniore
577 1791 646 1815 ore
658 1791 732 1828 pro
748 1791 842 1815 ver-

124 1834 415 1882 sabat—703.
437 1836 668 1886 Capesseret
685 1836 734 1873 de
751 1849 842 1874 con-

126 1891 214 1929 silio
233 1905 278 1929 ac
297 1901 458 1931 conatu.

187 1957 267 1997 704
300 1971 358 1977 ——
396 1951 492 1998 708.
531 1952 669 2001 Magni
711 1960 840 2001 poetae

125 2010 205 2046 vim
224 2017 262 2046 et
284 2007 462 2046 indolem
482 2021 648 2059 agnosce
670 2010 712 2045 in
736 2008 814 2045 hoc
827 2037 838 2055 ‚

123 2066 234 2116 quod
268 2079 372 2112 rem,
407 2079 526 2116 quam
562 2066 707 2102 factam
743 2066 840 2103 alius

125 2124 232 2162 nude
255 2126 339 2161 siue
362 2126 595 2161 auctoritate
623 2132 660 2160 et
681 2137 841 2174 appara-

124 2183 234 2220 tione
251 2183 512 2232 exposuisset,
531 2195 552 2217 a
567 2181 733 2218 consilio
749 2195 842 2232 pru-

124 2240 254 2277 dentis
280 2240 448 2287 alicujus
475 2241 589 2276 amici
619 2238 840 2290 proficisci,

124 2308 163 2337 et
186 2298 236 2336 ab
254 2298 443 2336 Anchisae
471 2298 611 2334 umbra
640 2311 711 2348 per
739 2311 842 2335 som-

123 2369 225 2394 num
245 2356 380 2394 oblata
407 2359 539 2394 AEneae
560 2355 771 2406 approbari
789 2357 841 2393 fa-

124 2415 200 2460 cit3
242 2414 371 2452 multo
403 2427 500 2451 vero
534 2415 656 2465 magis
691 2415 733 2450 iu
767 2428 838 2458 eo,

125 2471 238 2524 quod
256 2474 394 2511 Nautae
415 2485 584 2523 persona
604 2474 731 2509 utitur
744 2500 754 2518 ‚
775 2486 842 2509 eu-

123 2531 189 2578 jus
207 2543 355 2568 nomen
377 2543 464 2568 nou
489 2530 708 2568 obscurum
740 2532 843 2568 inter

126 2601 194 2626 eos
211 2589 405 2636 Trojauos
430 2588 506 2625 fuit
520 2618 530 2631 ,
551 2602 571 2625 a
594 2588 740 2638 quibus
765 2592 842 2627 Ro-

126 2659 252 2684 manae
283 2655 419 2697 gentes
452 2647 647 2698 originem
689 2656 839 2697 repete·

126 2703 235 2743 bant.
270 2706 362 2742 Fuit
401 2706 508 2742 enim
545 2705 688 2742 Nautia
722 2717 817 2755 gens
831 2734 841 2752 ,

125 2761 233 2812 apud
255 2775 374 2814 qnam
393 2761 557 2802 Palladii
575 2776 671 2800 cura
690 2777 842 2801 reman-

122 2827 247 2866 serat,
281 2829 415 2858 ortum
446 2820 598 2859 ducens
635 2834 655 2858 a
687 2823 841 2870 Naute,

906 903 971 941 vel
989 904 1160 949 Nautio,
1179 902 1250 952 qui
1278 902 1474 938 Minervae
1504 899 1611 937 Polia

908 962 968 1000 dis
1008 960 1190 998 sacerdos
1233 958 1451 998 Palladium
1493 971 1628 994 secum

908 1020 1028 1066 Troja
1084 1019 1328 1068 absportasse
1379 1015 1628 1052 narrabatur.

910 1080 986 1114 Res
1008 1083 1101 1113 nota
1120 1089 1170 1112 ex
1194 1076 1365 1125 Dionys.
1392 1073 1518 1110 Halic.
1543 1074 1602 1108 vl
1618 1102 1627 1118 ,

911 1135 964 1184 69
986 1133 1053 1184 (p.
1077 1134 1201 1183 393),
1224 1141 1261 1169 et
1281 1132 1418 1169 Servio
1446 1131 1495 1168 ad
1521 1130 1561 1169 h.
1583 1130 1627 1175 l.‚

909 1193 979 1243 qui
998 1192 1191 1229 Varronis
1211 1193 1270 1228 De
1291 1190 1463 1228 Familiis
1493 1190 1630 1236 Troja-

909 1251 971 1287 nis
1003 1250 1128 1287 libros
1160 1251 1319 1286 excitat.
1351 1249 1456 1286 Hinc
1487 1248 1630 1284 Pallas

909 1309 1069 1346 Nauten
1086 1307 1126 1346 h.
1145 1307 1172 1345 l.
1196 1307 1352 1351 docuit,
1379 1315 1424 1343 ut
1443 1318 1545 1356 saepe
1565 1318 1627 1356 ap.

910 1368 1132 1404 Homerum
1154 1379 1173 1402 a
1196 1365 1272 1403 diis
1291 1373 1392 1402 artes
1415 1364 1545 1401 edocti
1570 1366 1630 1400 in-

912 1424 1132 1463 ducuntur.
1151 1447 1208 1452 —
1231 1427 1381 1468 Unum,
1412 1421 1523 1474 quod
1546 1422 1629 1472 ple-

911 1485 1002 1520 nius
1033 1483 1223 1523 effertur:
1244 1495 1362 1533 quem
1393 1494 1521 1518 unum
1546 1493 1630 1518 om-

911 1542 1023 1579 nium
1043 1543 1215 1579 maxime
1232 1541 1355 1579 Pallas
1373 1539 1525 1577 docuit.
1547 1540 1629 1576 Nec

910 1613 1062 1637 novum
1079 1600 1158 1638 hoc
1171 1629 1182 1647 ,
1211 1598 1320 1650 quod
1350 1598 1473 1637 Pallas
1492 1598 1630 1634 vatici-

910 1658 1031 1696 nandi
1061 1668 1184 1696 artem
1217 1659 1458 1708 impertitur.
1498 1655 1630 1692 Habes

909 1717 1139 1768 exemplum
1156 1718 1199 1754 in
1218 1717 1367 1754 Tiresia
1390 1729 1451 1766 ap.
1474 1713 1629 1753 Callim.

909 1777 960 1813 H.
982 1777 1025 1813 in
1046 1777 1140 1814 Lau.
1171 1789 1212 1826 p.
1250 1776 1327 1811 123
1348 1786 1433 1824 sqq.
1451 1795 1509 1801 —
1532 1773 1626 1819 706.

909 1835 1008 1871 Haec
1035 1847 1067 1872 r.
1089 1834 1226 1870 dabat.
1256 1832 1459 1872 Salebrosa
1479 1832 1628 1872 oratio,

908 1901 1098 1940 sequente
1123 1892 1307 1941 inprimis
1344 1892 1460 1939 Isque
1486 1888 1544 1925 leis
1575 1897 1626 1926 A.

907 1949 1047 1986 Malim
1076 1960 1086 1986 :
1108 1948 1186 1985 Hic
1206 1946 1411 1998 (Nautes)
1436 1959 1628 1995 responsa

907 2006 1052 2051 dabat,
1083 2005 1174 2042 dare
1198 2005 1371 2050 solebat,
1403 2016 1524 2054 super
1553 2005 1625 2044 iis.

907 2077 998 2114 quoe
1032 2065 1105 2100 rvel
1135 2085 1192 2091 —-
1225 2063 1309 2101 vel,
1346 2063 1464 2112 Isque
1489 2084 1549 2091 —-
1578 2071 1624 2099 ut

904 2123 1130 2172 jungatur:
1171 2123 1269 2158 Tum
1308 2120 1443 2158 sem'or
1473 2121 1628 2157 Nautes

909 2179 998 2232 infit
1011 2193 1025 2216 .·
1046 2179 1115 2216 sed
1136 2180 1340 2227 interjecta
1359 2178 1431 2215 alia
1449 2180 1601 2216 ratione
1616 2209 1625 2225 ,

908 2239 1040 2287 Isque,
1063 2239 1100 2275 Is
1116 2238 1301 2287 inquam,
1314 2236 1539 2284 subjectum
1557 2246 1627 2274 est.

909 2297 967 2332 Ita
988 2295 1100 2333 facile
1129 2307 1258 2332 careas
1281 2297 1545 2345 interpretum
1567 2308 1627 2331 ar-

907 2355 1038 2403 gutiis,
1064 2356 1114 2392 Et
1141 2361 1200 2390 est
1226 2353 1366 2392 Hicin
1387 2366 1455 2403 qu.
1478 2355 1624 2390 Moret.

908 2412 1233 2450 Emendatiouem
1260 2421 1437 2450 nostram
1464 2412 1505 2447 in
1534 2424 1627 2448 con-

908 2478 1063 2508 textum
1100 2473 1250 2522 recepit
1287 2469 1528 2508 Brunckius.
1567 2490 1625 2498 —-

908 2530 985 2567 Hic
1004 2530 1152 2568 Nautes
1170 2542 1358 2580 responsa
1374 2527 1459 2566 ha’c
1478 2527 1621 2572 dabat,

910 2600 999 2638 quae
1035 2601 1132 2625 mox
1166 2589 1333 2638 exponit
1361 2600 1370 2626 :
1396 2588 1504 2624 Nate
1533 2587 1624 2623 dea.

910 2646 1131 2697 Respondit
1173 2654 1304 2684 autem
1351 2653 1390 2682 et
1433 2646 1626 2695 interpre-

909 2703 1029 2742 tando
1047 2705 1284 2742 vaticinatus
1302 2712 1359 2741 est
1375 2715 1440 2750 ea,
1458 2716 1548 2754 qnae
1565 2701 1627 2738 vel

909 2762 965 2798 ira
995 2762 1113 2800 deum
1135 2761 1414 2813 portenderet,
1436 2761 1498 2797 vel
1525 2759 1624 2796 fato-

911 2833 999 2858 rum
1020 2820 1120 2859 ordo
1142 2829 1341 2872 posceret,
1370 2826 1525 2856 ostento
1546 2815 1624 2854 hoc
