1767 3054
86 126 166 151 212

714 117 956 156 AENEIDOS

83 185 308 231 Certatim
328 184 591 233 instaurant
612 188 796 249 epulas,
824 199 964 250 atque
989 187 1145 234 omine
1170 202 1339 252 magno

85 262 300 307 Crateras
321 261 416 307 laeti
440 274 676 320 statuunt,
702 276 748 309 et
771 264 883 309 vina
911 275 1155 310 coronant.

151 339 343 384 Postera
367 355 513 400 quum
537 340 689 400 prima
710 338 941 384 lustrabat
965 338 1179 400 lampade
1204 349 1353 386 terras

88 413 207 456 Orta
229 412 351 469 dies,
377 413 566 471 urbem,
593 424 638 458 et
658 414 783 469 finis,
811 424 856 458 et
882 413 1022 458 litora
1047 415 1197 476 gentis

87 487 275 533 Diversi
303 490 552 550 explorant
574 507 582 532 :
611 488 712 532 haec
735 488 874 533 sontis
897 499 1062 549 stagna
1083 490 1296 547 Numici,
1527 498 1586 529 1⁵⁰

89 562 228 606 Hunc
251 561 484 623 Thybrim
507 562 728 617 fluvium,
752 562 829 607 hic
851 562 986 608 fortis
1006 561 1225 608 habitare
1246 562 1454 610 Latinos.

88 638 209 681 Tum
233 648 360 683 satus
381 637 589 683 Anchisa
613 638 818 684 delectos
839 637 1006 683 ordine
1032 637 1091 683 ab
1115 638 1244 684 omni

90 711 287 755 Centum
311 723 523 758 oratores
548 724 745 773 augusta
770 712 829 757 ad
849 711 1020 757 moenia
1042 712 1166 774 regis

90 787 168 829 Ire
188 784 350 846 jubet,
373 787 514 832 ramis
541 787 718 834 velatos
738 787 936 833 Palladis
961 802 1146 845 omnes,

91 861 323 921 Donaque
349 861 472 906 serre
496 862 624 918 viro,
650 878 909 924 pacemque
930 877 1186 924 exposcere
1205 860 1414 908 Teucris.

1531 871 1592 903 155

92 934 234 979 Haud
255 950 410 993 mora;
431 936 651 981 festinant
668 937 809 999 jussi,
835 936 1107 999 rapidisque
1129 936 1347 983 feruntur

93 1007 326 1055 PassibuS.
349 1013 456 1071 Ipse
481 1008 650 1055 humili
674 1010 887 1073 designat
909 1012 1081 1057 moenia
1105 1011 1249 1069 fossa,

94 1150 259 1195 Heins.‚
282 1151 360 1188 nisi
390 1152 501 1202 quod
536 1161 612 1190 tres
640 1153 804 1200 dieitur,

95 1216 134 1244 et
153 1210 282 1257 Sprot.
317 1208 458 1249 editur.
491 1210 655 1248 Diditur
680 1221 811 1250 tamen

94 1265 266 1303 Pieriani
299 1266 451 1317 aliquot
481 1268 747 1316 exhibebant,
774 1279 813 1307 et

96 1324 273 1373 agnoseit
291 1325 363 1362 Ge.
383 1325 557 1372 Fabric.;
581 1329 714 1377 sicque
733 1329 813 1376 jam

98 1380 347 1418 emendatum
368 1396 387 1419 a
406 1385 604 1435 Naugerio
618 1413 627 1431 ,
655 1394 692 1422 et
709 1399 729 1422 a
745 1388 814 1423 Be-

98 1438 260 1476 nedicto
280 1452 300 1475 e
319 1441 409 1479 cod.
438 1442 518 1479 Pal.
535 1464 592 1470 —-
620 1444 710 1488 146.
745 1445 814 1480 Or-

101 1496 192 1533 dine
216 1496 370 1535 Zulich.
400 1499 562 1549 agmine
581 1514 641 1550 pr.
668 1501 812 1540 Hamb.

101 1562 141 1591 et
167 1555 296 1603 Bigot.
315 1555 392 1592 Sed
422 1556 556 1593 omine
580 1570 727 1608 magno
748 1558 814 1595 ab·

101 1610 230 1648 solute
256 1610 430 1658 dictum,
462 1627 587 1663 quum
624 1623 704 1651 tam
735 1615 813 1651 cla—

102 1681 192 1705 rum
210 1677 248 1705 et
265 1669 515 1707 manifestum
535 1673 747 1723 augurium
762 1674 819 1723 ip-

101 1727 151 1762 sis
174 1725 311 1763 datum
334 1736 452 1774 esset,
471 1736 546 1766 etc.

168 1783 245 1828 148
260 1804 317 1811 —·
335 1785 428 1822 151.
460 1785 637 1831 Diversi,
675 1799 816 1823 secun-

103 1839 201 1878 dum
224 1840 289 1878 illa
310 1855 348 1879 v.
380 1843 457 1879 132
477 1856 502 1878 α
520 1853 638 1892 portu
663 1844 818 1881 diversa

98 1908 300 1948 petamus,
329 1900 434 1936 Tum
458 1901 699 1950 explorant,
734 1903 816 1938 am‘-

105 1969 170 1994 mo
204 1956 400 2007 subjunge
415 1986 425 2003 ,
471 1966 509 1994 et
551 1960 816 2008 comperiunt.

105 2015 212 2050 Hinc
228 2015 361 2064 itaque
379 2014 427 2050 ad
443 2015 633 2061 Tiberim,
645 2016 756 2052 illinc
768 2015 818 2052 ad

104 2072 336 2109 Numicium
348 2084 474 2122 usque
485 2082 741 2123 procurrunt,
754 2073 819 2110 ha-

105 2127 224 2165 bitari
246 2129 333 2166 loca
363 2142 382 2166 a
406 2131 554 2167 Latinis
585 2133 816 2169 resciscunt.

107 2186 290 2224 Ceterum
319 2186 367 2224 ab
393 2187 470 2224 hoc
497 2188 591 2224 inde
622 2189 716 2226 loco
746 2189 818 2226 ob-

105 2243 362 2292 servandum,
390 2245 591 2295 quomodo
610 2248 652 2282 in
668 2260 820 2283 summa

106 2313 240 2336 rerum
264 2310 302 2338 et
324 2302 532 2340 hominum
559 2305 749 2341 tenuitate
768 2305 820 2341 le-

107 2359 303 2407 gationem
344 2361 500 2397 missam
540 2370 579 2397 et
615 2371 820 2412 exceptam

108 2417 330 2461 ornaverit,
368 2426 406 2453 et
429 2419 478 2454 ad
500 2418 729 2469 dignitatem
748 2421 821 2456 mi-

108 2484 192 2508 ram
241 2473 449 2519 extulerit,
500 2478 641 2525 partim
687 2491 818 2514 rerum

107 2528 441 2580 descriptionibus
458 2541 495 2568 et
512 2533 720 2582 adjunctis,
737 2547 823 2585 par-

107 2587 180 2624 tim
197 2586 327 2624 verbis
343 2588 615 2637 amplioribus.

171 2645 247 2682 152
267 2666 321 2672 —
345 2645 437 2682 156.
469 2647 654 2682 Deleccos
683 2648 820 2685 ordine

108 2701 158 2738 ab
175 2702 296 2750 omni,
317 2715 368 2739 ex
384 2702 570 2739 omnibus
586 2704 794 2742 ordinibus
808 2719 818 2751 ;

108 2771 191 2798 non
225 2768 283 2797 est
313 2761 549 2812 urgendum.
583 2761 722 2799 Ramis
748 2775 823 2799 ve-

877 1155 980 1192 latos
1010 1153 1195 1192 Palladis
1214 1168 1228 1191 :
1252 1150 1443 1206 ἱκετηρίας
1457 1180 1468 1201 ,
1486 1153 1595 1192 fron-

878 1211 945 1249 des
976 1212 1194 1264 oleagineas
1224 1213 1379 1249 vittatas
1408 1211 1596 1250 manibus

878 1269 1062 1320 praeferre
1075 1269 1243 1320 putandi
1257 1277 1350 1306 sunt
1362 1296 1373 1315 ,
1391 1269 1500 1307 unde
1515 1269 1589 1307 inf.

878 1341 918 1365 v.
942 1328 1049 1374 236,
1088 1329 1165 1375 237
1183 1356 1193 1374 ,
1228 1341 1278 1364 ne
1298 1336 1448 1372 temne,
1483 1327 1594 1378 quod

880 1385 981 1422 ultro
1014 1384 1268 1437 Proefizrimus
1293 1378 1480 1421 'manibus
1510 1383 1592 1421 vic-

879 1452 942 1479 tas
964 1457 1013 1480 ac
1029 1443 1159 1480 verba
1166 1442 1392 1493 precantia.
1410 1445 1488 1480 Res
1506 1443 1595 1492 ipsa

879 1502 970 1537 satis
988 1510 1082 1537 nota
1101 1513 1111 1539 :
1130 1500 1235 1538 conf.
1262 1500 1334 1538 inf.
1352 1501 1452 1538 VIII
1464 1528 1475 1547 ,
1513 1513 1530 1536 1
1542 1499 1594 1536 16

880 1559 1022 1594 -128
1039 1572 1049 1603 3
1067 1560 1150 1604 XI,
1184 1559 1264 1595 332
1279 1586 1290 1605 ,
1316 1557 1386 1594 sed
1405 1557 1453 1594 de
1472 1556 1593 1595 modo

882 1614 1074 1664 loquendi
1101 1624 1251 1664 quaerat
1275 1616 1428 1664 aliquis.
1459 1616 1523 1652 Sic
1556 1622 1596 1651 et

884 1673 956 1710 inf.
977 1674 1033 1710 XI
1046 1700 1057 1719 ,
1088 1685 1163 1709 101
1185 1672 1318 1709 velati
1336 1671 1460 1708 ramis
1478 1673 1592 1716 oleae,

885 1738 923 1766 et
952 1729 1058 1780 apud
1085 1730 1245 1766 Graecos
1278 1741 1316 1767 v.
1347 1741 1381 1766 e.
1408 1728 1594 1778 Sophocl.

885 1787 986 1825 OEd.
1012 1789 1050 1825 3.
1076 1783 1254 1839 ἱκτηρίοις
1279 1780 1476 1824 κλάδοισιν
1495 1784 1597 1832 ἐξεσ-

883 1842 1078 1897 τεμμένοι.
1095 1844 1251 1882 Scilicet
1269 1842 1497 1894 στέφεσθαι,
1520 1857 1595 1881 ve-

884 1902 984 1948 lari,
1015 1902 1176 1952 proprie
1194 1901 1242 1938 de
1259 1901 1418 1938 corollis
1434 1908 1473 1937 et
1487 1902 1597 1939 vittis

884 1958 951 2009 (v.
974 1959 1022 1995 ad
1037 1972 1138 1996 vers.
1162 1957 1266 2010 72),
1287 1971 1376 2008 quae
1391 1957 1574 1996 ambiunt
1586 1984 1599 2004 ‚
1626 1985 1627 1989 ,

885 2015 1059 2067 adeoque
1088 2024 1249 2067 tegunt,
1276 2016 1471 2061 frontem,
1502 2024 1598 2054 tem·

884 2087 994 2124 pora.
1023 2074 1244 2112 Transtulit
1286 2073 1364 2111 hoc
1398 2082 1516 2123 poeta
1547 2073 1596 2111 ad

885 2145 1014 2169 ramos
1030 2133 1138 2169 vittis
1156 2140 1196 2168 et
1209 2130 1345 2168 infulis
1361 2131 1596 2177 obvolutos,

886 2192 954 2239 qui
998 2188 1311 2240 praeferebantur
1349 2201 1370 2226 a
1410 2189 1600 2239 supplici-

885 2247 960 2284 bus
985 2275 996 2293 ,
1043 2256 1082 2284 et
1119 2247 1356 2285 tenebantur
1400 2245 1594 2283 manibus.

886 2304 962 2342 Sed
990 2305 1126 2343 infulis
1146 2313 1185 2341 et
1202 2305 1312 2341 vittis
1343 2301 1597 2354 dependenti-

886 2361 962 2399 bus
981 2375 1003 2398 a
1019 2376 1129 2400 ramo
1156 2374 1297 2399 manus
1319 2361 1414 2410 ipsae
1436 2359 1596 2410 obtege-

885 2419 1034 2457 bantur
1048 2447 1058 2467 ‚
1096 2419 1203 2457 unde
1238 2430 1381 2455 manus
1413 2416 1565 2453 velata>
1576 2431 1595 2460 ;

886 2486 925 2514 et
948 2477 1054 2514 dicta
1079 2477 1174 2514 hinc
1189 2475 1423 2512 velamenta
1442 2474 1518 2523 ipsi
1534 2486 1595 2510 ra-

885 2535 941 2570 mi
971 2535 1113 2571 vittati.
1142 2533 1269 2583 Igitur
1293 2529 1426 2567 velati
1445 2530 1592 2576 ramis,

883 2591 1073 2628 habentes
1089 2588 1386 2626 ramos-vittatus
1396 2588 1593 2626 manibus.

885 2651 1032 2686 Pacem
1045 2675 1057 2692 ,
1078 2645 1208 2683 foedus
1237 2652 1276 2683 et
1296 2646 1525 2692 amicitiam,
1549 2653 1596 2683 ut

885 2714 924 2743 et
939 2705 988 2745 al.

949 2760 1185 2811 157—159.
1207 2761 1389 2799 Castrum
1405 2759 1483 2798 hoc
1504 2761 1602 2798 Tro·-
