1767 3054
223 181 303 220 μζ,
801 170 1075 210 EXCURSL‘S
1107 172 1146 208 ΙΙ

222 252 270 288 ab
292 247 441 288 artifice
468 245 557 285 duae
580 245 731 298 aspides
751 259 944 297 expressae
970 256 1105 294 erant;
1126 247 1261 297 sicque
1289 252 1348 284 tot
1366 244 1440 284 alia
1458 242 1506 283 ad
1532 252 1716 284 ornatum

225 319 400 364 faciunt,
440 324 508 353 aut
546 316 699 366 poetica
737 314 1006 365 phantasmata
1043 314 1261 363 objiciunt,
1297 314 1444 364 quibus
1478 311 1717 351 inflammata

224 398 336 423 mens
365 384 490 422 multa
519 382 649 428 videt,
680 394 770 432 quae
798 381 978 418 sensibus
1003 382 1180 430 subjecta
1199 395 1282 420 non
1303 391 1420 419 sunt:
1444 381 1565 419 Illum
1585 379 1717 431 indig-

224 453 345 491 nanti
370 450 536 489 similem
551 479 561 495 ,
596 449 843 500 similemque
864 448 1035 486 mmanci
1057 449 1294 499 Adspiceres
1316 458 1390 489 etc.
1415 448 1489 489 Sed
1508 450 1552 486 in
1569 448 1630 485 his
1644 477 1654 495 ,
1674 448 1717 484 in

223 522 370 572 quibus
404 532 478 570 pro
513 531 552 555 se
582 518 750 568 quisque
779 517 892 554 facile
920 517 1090 555 disertus
1114 530 1195 555 esse
1224 526 1376 568 potest,
1411 518 1603 556 disertum
1636 530 1716 554 esse

224 589 324 625 m'hil
348 589 499 624 attinet.

278 654 525 693 Difficiuima
544 656 673 706 operis
693 652 921 691 declarandi
935 663 974 691 et
990 652 1295 692 commendandi
1317 666 1407 705 pars
1425 661 1483 691 est
1501 666 1636 704 pugna
1654 667 1719 690 na-

221 725 317 761 valis
336 737 416 760 una
436 737 528 760 cum
557 725 677 769 mari,
702 735 780 773 qua
805 723 848 758 in
868 722 999 774 clypei
1021 730 1131 773 parte
1157 721 1224 759 illa
1252 720 1419 759 locanda
1444 722 1494 758 sit
1519 721 1563 758 iu
1589 723 1719 772 operis

224 793 487 844 descriptione
506 804 514 829 :
536 792 718 842 inprimis
735 804 859 841 quum
876 800 991 841 poeta
1006 790 1048 827 id
1064 799 1142 827 tam
1158 803 1299 842 parum
1316 789 1459 827 diserte
1475 789 1720 840 exposuerit,

225 860 334 907 6713
370 861 467 896 Hoec
498 858 622 905 inter,
652 860 727 903 ait,
755 857 897 895 tumidi
925 858 1006 895 late
1034 857 1157 894 maris
1175 857 1261 894 ibat
1285 856 1433 909 imago.
1454 859 1588 894 Potest
1619 855 1718 893 adeo

221 940 302 964 esse
330 928 432 964 inter
451 935 578 964 cetera
591 954 601 972 ,
627 939 714 976 quae
737 926 902 977 clypeus
924 925 1161 973 exhibebat,
1183 934 1433 978 argumenta,
1451 933 1519 962 aut
1539 926 1644 962 inter
1659 937 1720 962 ce-

222 1005 303 1032 tera
317 1024 327 1043 ,
355 1008 444 1046 quae
471 1004 588 1046 poeta
613 1008 779 1032 recensu
799 995 903 1032 facto
923 1003 1234 1042 memoraverat3
1257 1008 1338 1045 quo
1362 1007 1479 1031 sensu
1498 994 1717 1032 constituto

220 1074 350 1114 pugna
363 1071 443 1098 erat
455 1070 729 1113 argumentum
745 1074 842 1099 areae
859 1064 998 1100 ceteris
1010 1062 1158 1100 similis.
1174 1061 1424 1100 Probabih'us
1437 1070 1579 1108 tamen,
1592 1068 1721 1098 totum

222 1142 328 1166 mare
346 1141 438 1165 cum
461 1141 597 1179 pugna
622 1130 665 1165 in
693 1128 910 1166 umbonem
937 1143 981 1167 ac
1004 1129 1173 1166 mediam
1191 1137 1342 1179 partem
1370 1129 1490 1165 fuisse
1516 1129 1719 1176 rejectum.

221 1200 279 1234 Ita
306 1207 437 1235 tamen
455 1207 634 1248 superest
660 1197 734 1234 alia
757 1196 992 1245 difficultas,
1016 1212 1093 1249 qua
1110 1200 1152 1235 in
1170 1208 1280 1250 parte
1300 1198 1528 1249 triumphus
1550 1199 1722 1249 Augusti

222 1279 240 1312 ς
255 1279 269 1301 1
280 1272 303 1309 4
317 1278 401 1315 sqq.
420 1278 628 1315 expressus
646 1278 726 1302 esse
743 1264 870 1302 videri
887 1265 1041 1304 debeat.
1062 1266 1206 1305 Saltem
1224 1268 1268 1303 in
1284 1265 1414 1303 medio
1431 1265 1572 1317 clypeo
1585 1264 1720 1302 locum

218 1334 289 1368 rix
316 1332 461 1370 habere
494 1335 640 1383 potuit.
673 1333 901 1372 Secundum
923 1334 1032 1379 haec,
1064 1336 1098 1371 si
1127 1335 1232 1384 aequi
1261 1347 1341 1371 esse
1366 1333 1576 1380 volumus,
1602 1345 1720 1368 suum

219 1400 363 1448 cuique
382 1400 599 1437 aestimandi
616 1400 799 1437 relictum
815 1409 898 1437 esto
918 1401 1141 1438 arbitrium.

278 1468 345 1502 An
365 1466 497 1516 clypei
509 1467 732 1520 superficies
749 1476 807 1504 tot
821 1481 952 1504 rerum
971 1467 1212 1505 diversarum
1233 1475 1473 1519 argumenta
1491 1478 1633 1516 capere
1649 1478 1720 1514 po-

219 1533 359 1576 tnerit,
387 1546 498 1569 nunc
518 1546 636 1569 nemo
662 1533 779 1570 facile
805 1544 975 1583 quaerat,
995 1543 1087 1584 post
1111 1536 1291 1572 virorum
1307 1535 1604 1585 ingeniosorum
1622 1544 1717 1581 ope-

217 1612 300 1635 ram
328 1600 371 1636 iu
401 1599 532 1650 clypei
558 1599 857 1637 adumbratione
885 1601 975 1637 stilo
1003 1614 1105 1638 aereo
1135 1602 1234 1638 facta
1264 1602 1509 1639 collocatam.
1533 1600 1718 1637 Alterum

216 1667 445 1716 exemplum
468 1667 510 1702 in
536 1666 705 1716 Anglica
725 1667 1050 1716 interpretatione
1076 1681 1196 1718 supra
1216 1676 1520 1706 commemorata
1546 1666 1719 1704 vidimus

217 1733 265 1770 ad
298 1733 541 1771 Whitelzead
563 1733 784 1781 judicium,
817 1736 860 1770 L.
892 1737 934 1772 P.
970 1736 1148 1772 Boitardi
1174 1745 1280 1782 arte,
1316 1736 1408 1782 sed,
1434 1734 1544 1786 quod
1570 1734 1717 1772 factum

217 1799 413 1836 nollemus
427 1827 438 1845 ,
470 1798 519 1835 ad
546 1800 714 1849 picturae
735 1805 920 1835 naturam
941 1801 1106 1850 propius
1125 1814 1379 1852 expressum3
1400 1802 1588 1848 alterum,
1608 1801 1719 1850 quod

217 1866 486 1918 anaglyphum
507 1867 646 1903 melius
670 1866 813 1911 refert,
842 1875 924 1903 arte
952 1876 1084 1904 tamen
1112 1876 1152 1903 et
1178 1868 1331 1916 judicio
1351 1869 1461 1906 alteri
1477 1861 1736 1920 posthaben-'

218 1935 314 1972 dum
330 1962 340 1980 ,
360 1947 480 1984 opera
503 1937 558 1971 Le
575 1932 745 1970 Lorrain
767 1933 817 1970 ad
843 1934 1005 1972 Comitis
1028 1935 1078 1973 de
1102 1934 1249 1985 Caylus
1270 1935 1464 1988 praecepta
1482 1936 1538 1988 (t.
1556 1938 1716 1975 XXVII

216 2001 321 2039 Hist.
351 2001 401 2037 de
431 2001 595 2039 l’Acad.
619 2001 687 2037 des
714 2000 897 2051 Insa-ripe.
921 2011 949 2040 t.
974 2002 1076 2054 111).
1100 2004 1308 2042 Consentit
1328 2014 1497 2056 uterque
1515 2003 1656 2054 artifex
1671 2003 1716 2039 in

216 2069 318 2115 hoc,
347 2076 394 2105 ut
412 2070 586 2106 exterior
606 2068 737 2119 clypei
763 2080 854 2114 ora,
878 2070 922 2105 in
939 2070 1075 2119 plures
1100 2073 1280 2122 regiones
1295 2072 1508 2118 distincta,
1534 2084 1714 2122 compre-

216 2137 366 2174 hendat
397 2151 440 2174 ea
472 2150 561 2187 quae
586 2149 607 2172 a
632 2149 691 2173 vs,
715 2137 799 2173 630
824 2135 873 2173 ad
894 2150 934 2174 v.
963 2136 1045 2184 670
1074 2146 1378 2175 commemorata
1406 2146 1523 2185 sunt;
1565 2137 1715 2187 reliqua

216 2215 346 2242 autem
377 2207 421 2243 in
448 2206 679 2242 interiorem
706 2217 831 2240 aream
851 2205 1047 2252 rejiciunt.
1068 2206 1286 2244 Exterioris
1305 2206 1412 2242 illius
1437 2219 1518 2244 orae
1535 2206 1716 2256 regiones

218 2275 470 2311 constituunt
486 2282 654 2323 uterque
672 2271 897 2310 duodecim.
910 2274 1013 2310 Sunt
1027 2281 1159 2310 tamen
1174 2273 1246 2310 alia
1259 2300 1270 2319 ‚
1286 2274 1330 2310 in
1346 2274 1490 2323 quibus
1505 2275 1549 2311 in
1563 2273 1715 2310 diversa

219 2340 391 2386 abeunt3
414 2341 458 2377 in
475 2340 558 2377 aliis
574 2348 743 2391 uterque
759 2340 963 2376 veritatem
982 2339 1204 2391 argumenti
1219 2348 1260 2377 et
1277 2341 1398 2377 moris
1416 2339 1585 2378 Romani
1603 2338 1712 2375 dese-

219 2414 327 2443 runt.
354 2406 430 2445 Sed
445 2407 599 2458 singula
618 2407 803 2457 persequi
825 2406 924 2443 velle
938 2434 948 2452 ,
971 2408 1153 2457 inprimis
1172 2407 1282 2444 nulla
1302 2407 1434 2457 clypei
1449 2405 1712 2442 delineatione

220 2470 391 2518 adjecta,
424 2473 624 2510 fastidium
646 2473 804 2511 faceret.
839 2474 1075 2510 Interiorem
1101 2487 1231 2511 aream
1256 2473 1307 2510 ab
1338 2473 1534 2509 exteriore
1559 2482 1714 2522 separat

219 2538 510 2577 circumductus
527 2543 571 2577 in
590 2541 751 2587 orbem,
772 2540 839 2578 sed
863 2541 973 2578 tenui
986 2540 1134 2588 limbo,
1154 2543 1359 2585 Oceanus;
1376 2540 1573 2586 innatant,
1600 2541 1711 2591 quod

216 2606 342 2644 rideas
355 2634 365 2651 ‚
384 2607 588 2657 delphines
602 2609 730 2660 :apud
746 2611 966 2646 Homerum
981 2617 1020 2646 et
1036 2607 1276 2653 Hesiodum,
1297 2609 1479 2645 Oceanus
1496 2616 1710 2645 extremam

219 2674 352 2724 clypei
383 2686 493 2710 oram
522 2675 655 2713 ambit.
680 2677 736 2712 At
758 2675 950 2725 Virgilius
970 2678 1174 2713 Oceanum
1199 2673 1364 2712 omnino
1390 2686 1475 2711 non
1494 2684 1708 2722 memorat,

217 2739 287 2790 sed
315 2740 394 2787 651
427 2739 619 2777 tumidum
640 2754 773 2786 mare,
800 2754 856 2779 sc.
880 2743 1041 2779 Ionium
1057 2753 1068 2780 ε
1085 2740 1195 2792 quod
1214 2741 1340 2778 nostri
1367 2737 1534 2779 artifices
1559 2743 1603 2780 in
1622 2755 1710 2791 area

215 2808 405 2845 interiore
434 2816 615 2858 ponunt;
643 2806 745 2844 hanc
773 2808 902 2852 enim,
933 2820 1003 2844 seu
1031 2807 1248 2845 umbonem
1277 2806 1408 2857 clypei
1437 2806 1509 2859 (ut
1535 2808 1634 2846 adeo
1661 2810 1710 2845 In
