1767 3054
711 122 865 162 LIBER
894 120 971 160 vn
977 122 1007 159 1.

1536 128 1615 175 2⁰33

116 199 350 263 Expedias
370 197 547 252 victor,
570 192 760 256 paucls,
785 193 1004 249 adverte,
1030 191 1227 239 docebo.
1576 208 1618 237 50

114 274 321 321 Arcades
340 271 413 318 his
434 271 553 327 oris,
578 284 725 331 genus
745 284 771 313 a
793 268 999 314 Pallante
1024 267 1290 329 profectum
1304 302 1316 324 ,

113 347 211 405 Qui
231 361 388 408 regem
411 343 684 390 Evandrum
708 342 925 402 comites,
949 342 1032 404 qui
1056 342 1187 404 signa
1210 342 1381 401 secuti,

111 421 340 483 Delegere
362 419 541 477 locum,
568 430 614 465 et
637 434 839 480 posuere
865 418 912 463 in
935 416 1176 464 montibus
1197 417 1387 475 urbem,

111 495 330 542 Pallantis
350 495 518 557 proavi
544 494 602 540 de
626 493 816 539 nomine
836 492 1141 539 Pallanteum.

111 571 174 618 Hi
195 570 371 617 bellum
396 570 581 616 assidue
607 569 787 614 ducunt
812 584 919 614 cum
944 578 1080 630 gente
1101 567 1268 614 Latina
1278 588 1291 627 ;
1575 579 1612 609 55

108 649 209 693 Hos
230 646 394 691 castris
416 644 592 690 adhibe
617 644 795 700 socios,
821 655 866 689 et
890 642 1066 688 foedera
1083 643 1244 705 junge.

108 722 216 782 Ipse
236 734 324 782 ego
350 729 394 764 te
419 719 535 781 ripis
560 730 606 765 et
627 730 756 764 recto
783 716 976 763 flumine
998 716 1192 774 ducam,

109 794 378 842 Adversum
400 795 540 840 remis
564 810 759 856 superes
783 792 1038 839 subvectus
1062 803 1116 838 ut
1139 809 1338 839 amnem.

109 872 284 930 Surge,
310 885 419 931 age,
442 880 551 915 nate
577 867 687 927 dea;
713 867 972 930 primisque
996 866 1273 915 cadentibus
1297 869 1432 916 astris

107 943 284 989 Junoni
306 943 377 988 fer
400 942 489 988 rite
514 959 677 1005 preces
687 961 700 1000 3
727 943 965 1004 iramque,
994 943 1237 1004 minasque
1568 956 1608 985 ‹20

110 1016 415 1079 supplicibus
435 1033 608 1078 supera
631 1017 784 1062 votis':
816 1016 934 1062 mihi
958 1017 1112 1061 victor
1135 1016 1368 1063 honorem

113 1092 369 1139 Per-solves.
391 1095 491 1154 Ego
516 1108 641 1151 sum,
663 1092 804 1155 pleno
828 1109 969 1155 quem
992 1093 1189 1141 flumine
1214 1094 1367 1140 cernis

171 1321 218 1358 51
252 1333 337 1371 sqq.
369 1318 558 1357 Evander
586 1332 677 1357 cnm
700 1327 823 1356 matre

106 1379 317 1418 Carmenta
341 1390 411 1414 seu
437 1378 681 1421 Nicostrata,
710 1385 821 1423 vate,

109 1448 162 1473 ex
190 1434 361 1473 Arcadia
386 1434 611 1485 profectus,
646 1434 824 1485 Pelasgos

108 1505 200 1530 suos
228 1494 273 1529 in
303 1492 390 1529 loca
419 1493 523 1528 circa
556 1491 733 1529 Tiberim
760 1491 825 1527 ad-

107 1549 249 1595 duxit,
288 1558 327 1586 et
360 1551 402 1584 in
435 1556 594 1593 monte,
630 1549 702 1598 qui
731 1547 824 1585 inde

107 1607 309 1646 Palatinus
339 1605 494 1651 dictus,
519 1605 712 1654 oppidum
736 1606 822 1642 Pal-

105 1664 307 1710 lanteum,
354 1676 452 1701 mox
490 1662 733 1709 palantium,
785 1671 824 1700 et

106 1722 299 1761 Palatium
330 1720 591 1772 appellatum,
629 1719 823 1758 condidit.

107 1780 254 1817 Fuerat
281 1780 359 1826 jam
392 1780 437 1815 in
465 1776 636 1815 Arcadia
670 1777 822 1816 Pallan·

109 1837 212 1873 tinm
247 1848 394 1886 pagus,
435 1842 475 1872 et
511 1836 615 1871 inter
652 1847 823 1885 proavos

107 1893 255 1939 Pallas,
293 1906 315 1930 a
348 1904 429 1942 quo
461 1890 505 1929 hi
538 1891 712 1928 Arcades
748 1893 827 1930 orti

110 1950 302 1988 djenutm·
330 1958 478 2000 poetae3
513 1962 640 2000 genus
674 1963 700 1986 a
729 1950 827 1987 Pal-

110 2008 244 2052 lame,
271 2006 348 2044 hoc
375 2015 452 2052 est,
478 2005 662 2044 Pallantis
683 2019 824 2058 proge-

110 2067 208 2103 nies.
228 2067 276 2102 In
293 2063 479 2102 Evandro
494 2065 687 2114 potuisset
709 2072 823 2114 poeta

112 2123 246 2160 omnia
290 2122 338 2159 ad
373 2123 562 2170 majorem
600 2121 823 2160 admiratio—

110 2192 203 2218 nem
222 2189 373 2216 struere
395 2188 434 2216 et
464 2191 612 2229 parare.
640 2179 824 2217 Evander

109 2245 226 2289 gente
247 2237 440 2288 Pelasgica
468 2235 662 2274 oriundus
679 2238 747 2273 vix
766 2239 824 2274 vi·

109 2294 278 2332 debatur
301 2295 419 2332 bonae
435 2296 518 2344 spei
536 2306 580 2330 ac
597 2292 753 2331 fiduciae
770 2294 824 2332 lo-

112 2364 204 2390 cum
227 2353 451 2403 relinquere
480 2352 687 2398 Troianis,
711 2353 742 2388 si
761 2365 822 2390 re·

110 2418 229 2461 pente
264 2411 308 2447 in
346 2423 438 2447 eum
474 2409 715 2447 incidissent.
748 2409 824 2448 Sed

109 2475 239 2517 poetae
259 2467 409 2518 placuit
431 2468 504 2504 alia
531 2468 654 2513 ratio,
688 2476 734 2504 ut
752 2480 825 2518 per

108 2536 295 2563 somnum
326 2525 412 2562 haec
444 2525 717 2570 denuntiaret,
758 2533 824 2562 ut-

110 2593 212 2632 que,
240 2591 405 2634 propter
429 2585 660 2620 Latinorum
689 2583 732 2619 in
761 2582 824 2619 ad·

108 2650 229 2677 venas
265 2640 438 2678 Arcadas
469 2641 582 2685 odia,
621 2641 822 2678 communi

110 2697 277 2744 periculi
306 2706 416 2735 metu
444 2699 643 2746 Trojanos
674 2706 712 2734 et
742 2700 819 2735 Ar-

891 1320 1020 1358 foedus
1054 1330 1095 1358 et
1124 1322 1351 1358 societatem
1379 1322 1606 1365 adduceret.

893 1378 999 1415 conf.
1015 1379 1086 1416 inf.
1107 1391 1185 1429 129
1203 1392 1261 1430 sq.
1274 1381 1326 1417 Et
1344 1393 1441 1417 vero
1457 1382 1614 1431 Achaei,

891 1437 925 1472 si
951 1438 1118 1486 propius
1147 1438 1368 1487 inspexeris
1386 1466 1396 1484 ,
1423 1439 1493 1488 qui
1510 1441 1611 1478 Tro-

890 1493 970 1539 jam
986 1503 1326 1544 expugnaverant,
1349 1494 1513 1533 diversae
1524 1499 1609 1535 stir-

891 1551 953 1599 pis
980 1558 1086 1588 snnt.
1109 1572 1167 1579 —
1194 1552 1260 1588 53.
1297 1553 1347 1588 In
1385 1554 1604 1601 montibus,

891 1619 942 1644 ne
971 1610 1188 1660 arguteris3
1213 1616 1292 1654 est,
1317 1609 1358 1646 ιή
1384 1620 1518 1648 monte
1538 1615 1609 1651 Pa-

890 1663 1028 1703 latino.
1049 1687 1107 1694 -——-
1125 1667 1192 1714 57.
1218 1666 1327 1717 Ripis
1346 1680 1438 1706 sane
1465 1682 1608 1719 parum

892 1722 1172 1770 commodum,
1218 1724 1460 1774 secundum,
1504 1729 1608 1766 intra

892 1783 1020 1832 ripas,
1052 1781 1179 1820 alveo.
1213 1783 1331 1818 Tecto
1360 1784 1519 1835 Menag.
1543 1799 1606 1836 pr.

892 1852 968 1890 pro
987 1847 1092 1876 recto
1109 1853 1125 1883 ;
1149 1847 1187 1875 et
1211 1840 1266 1875 sic
1289 1838 1413 1877 Cerda
1437 1842 1542 1889 conj.
1560 1844 1609 1881 ad

893 1910 1013 1934 verss.
1052 1895 1134 1945 95,
1165 1896 1234 1945 96.
1265 1895 1515 1935 Schraederus
1538 1913 1608 1937 au-

893 1963 971 1991 tem
1007 1955 1111 2001 conj.
1137 1953 1239 1990 silvis
1268 1963 1308 1990 et
1332 1963 1434 1991 tecto
1454 1955 1501 2004 fl.
1532 1958 1607 1996 ele-

892 2020 1029 2063 ganter
1068 2023 1172 2048 sane.
1198 2033 1256 2039 —
1284 2013 1405 2049 Recto
1424 2013 1605 2065 flumine

892 2078 1002 2106 recto
1031 2068 1205 2106 fluminis
1234 2069 1399 2116 itinere;
1432 2083 1507 2108 nec
1532 2085 1603 2110 au-

888 2126 1058 2164 diendus
1084 2128 1265 2172 Servius,
1298 2129 1368 2177 qui
1396 2128 1441 2165 in
1467 2141 1516 2166 eo
1546 2143 1605 2168 ar-

890 2193 1073 2236 gutatur,
1096 2184 1207 2234 qnod
1233 2183 1452 2222 flexuosam
1478 2187 1602 2238 ripam

890 2241 985 2279 alibi
1012 2242 1246 2279 memoravit
1274 2255 1331 2280 vs.
1363 2243 1433 2294 95.
1453 2264 1513 2272 -
1533 2247 1600 2296 59.

891 2299 1113 2350 Primt‘sque
1128 2299 1362 2337 cadentibus
1384 2299 1503 2339 astris
1523 2305 1599 2342 sub

889 2358 1063 2408 primum
1085 2356 1335 2404 diluculum3
1363 2371 1454 2396 nam
1473 2364 1602 2411 poetis

890 2414 1015 2453 sidera
1043 2427 1163 2452 cursu
1182 2416 1310 2453 noctis
1336 2425 1477 2454 exacto
1497 2421 1600 2457 occi-

890 2471 983 2510 dere
1008 2471 1211 2511 dicuntur.
1228 2487 1268 2512 v.
1286 2472 1378 2513 adl.
1399 2476 1439 2512 11
1452 2503 1463 2522 ,
1486 2476 1508 2512 8
1521 2504 1534 2523 ,
1557 2491 1598 2528 9.

889 2530 1044 2567 lunoni
1070 2528 1146 2582 fer
1182 2530 1254 2568 rite
1289 2545 1450 2582 preces,
1488 2535 1598 2585 quod

890 2587 996 2625 idem
1024 2587 1198 2627 Helenus
1227 2587 1366 2627 sedulo
1388 2602 1598 2629 monuerat

889 2644 994 2684 libro
1012 2648 1073 2685 111
1085 2673 1097 2692 ,
1122 2646 1206 2690 435
1236 2659 1345 2698 seqq.
1361 2675 1372 2694 ,
1391 2655 1438 2684 ut
1465 2647 1596 2686 videas

886 2711 1045 2753 poetam
1062 2702 1140 2741 sihi
1156 2712 1348 2743 constare.
1360 2704 1488 2743 -61.
1514 2706 1597 2761 νίς-

111 2751 247 2802 οίᾶω,
266 2755 475 2809 Pelasgicae
491 2756 584 2795 licet
602 2756 756 2808 stirpis,
775 2756 819 2795 in
883 2769 968 2808 eor,
989 2760 1031 2802 h.
1052 2775 1088 2802 e.
1107 2761 1294 2801 omnibns
1315 2775 1366 2801 ex
1388 2770 1484 2800 voto
1509 2774 1598 2814 per-

1356 2838 1440 2884 25*
