1767 3054
684 74 838 112 LIBER
870 75 943 110 VI.

1488 81 1566 126 145

60 154 182 200 Hinc
204 148 421 198 exaudiri
445 147 669 211 gemitus,
693 155 741 190 et
764 160 886 190 saeva
911 158 1080 190 sonare

58 226 273 275 Verbera
294 244 305 272 :
332 235 431 271 tum
455 221 633 268 stridor
658 220 795 276 ferri,
821 230 1076 281 tractaeque
1101 229 1291 267 catcnae.

59 306 281 354 Constitit
304 306 473 351 AEneas
485 332 500 354 ,
528 295 875 359 strepitumque
897 295 1153 343 exterritus
1177 297 1348 345 hausit.

60 405 78 421 «
101 385 221 441 Quae
246 379 476 428 scelerum
503 372 673 420 facies?
695 386 723 417 ο
743 372 901 435 virgo,
926 370 1097 431 esfare5
1118 371 1353 435 quibusve
1503 389 1561 419 561,

59 458 302 518 Urgentur
324 451 507 516 poenis?
530 448 635 511 quis
661 457 818 494 tantus
843 448 1041 511 plangor
1066 447 1128 494 ad
1153 452 1320 495 auras?
1343 470 1364 490 »

56 534 178 577 Tinn
197 542 328 577 vates
349 529 415 575 sic
439 542 547 574 orsa
572 525 703 587 loqui
728 541 738 568 :
762 547 781 567 «
802 527 915 571 Dux
938 525 1113 571 inclute
1136 528 1396 584 Teucrum,

60 605 190 651 Nulli
212 605 280 652 sas
305 613 434 651 casto
455 601 736 649 sceleratum
754 599 968 647 insistere
993 601 1134 647 limen
1143 620 1157 661 ;

59 680 152 727 Sed
178 695 277 738 me,
295 695 441 742 quum
467 676 584 722 lucis
608 679 786 722 Hecate
806 675 1017 738 praefecit
1041 677 1241 723 Avernis
1256 711 1269 733 ,

56 757 166 817 Ipsa
191 745 332 801 deum
358 769 518 817 poenas
539 751 724 808 docuit,
750 767 930 814 perque
953 751 1111 798 omnia
1133 751 1282 798 duxit.
1498 766 1557 796 565

57 831 263 876 Gnosius
285 829 386 876 haec
410 826 800 874 Rhadamanthus
828 826 972 874 habet
993 826 1244 873 durissima
1267 843 1431 891 regna,

56 907 357 968 Castigatque
381 904 608 966 auditque
626 901 782 960 dolos,
803 903 1074 966 subigitque
1099 903 1235 948 fateri

55 1071 133 1109 que
149 1067 245 1096 vett.
267 1061 305 1096 E
328 1057 474 1095 somnis
497 1056 559 1094 ed.
587 1060 690 1096 Ven.
713 1081 770 1087 —

837 1069 883 1097 ut
899 1060 1099 1107 sacerdos3
1119 1074 1211 1098 nam
1229 1061 1453 1098 sacerdotes
1457 1075 1559 1112 prae-

57 1117 299 1154 Vestibulum
323 1116 453 1167 simpl.
476 1127 550 1165 pro
569 1114 694 1154 aditu.
712 1138 770 1145 —
823 1117 903 1170 fici
912 1146 924 1162 ,
940 1131 1114 1168 pra-esse
1127 1147 1137 1162 ‚
1159 1127 1205 1155 nt
1220 1118 1366 1163 sacris,
1388 1120 1441 1155 ita
1458 1129 1557 1158 tem-

57 1175 134 1221 557
154 1205 164 1222 ‚
205 1174 300 1211 558.
330 1174 651 1212 Numerosissimi
682 1187 769 1210 ver-

54 1245 144 1279 sus3
176 1231 241 1269 sed
278 1240 315 1268 et
343 1232 468 1267 mirus
509 1230 678 1267 dilectus
708 1244 769 1267 re-

54 1303 168 1336 rum,
199 1303 289 1340 quae
317 1288 454 1325 auditu
485 1296 655 1325 mentem
678 1300 767 1338 per-

53 1349 226 1394 cellum,
269 1347 396 1384 factus
437 1354 508 1384 est.
549 1345 768 1383 Miltonum

51 1404 124 1442 hos
142 1418 277 1443 versus
297 1405 532 1455 expressisse
551 1403 622 1440 lib.
641 1405 762 1449 VIII,

55 1471 137 1508 ‘²40
161 1476 245 1513 sqq.
265 1491 274 1509 ‚
294 1463 371 1510 jam
394 1461 462 1498 alii
484 1468 690 1498 notarunt.
709 1483 767 1489 —-

51 1522 108 1558 55
115 1534 158 1571 9.
176 1519 428 1571 Strepituque
451 1532 485 1556 e.
513 1517 650 1562 haesic,
679 1519 766 1556 Me-

48 1577 153 1623 dic.‚
182 1586 221 1615 at
250 1579 293 1615 in
328 1579 445 1615 Rom.
481 1575 764 1626 strepitumque

47 1649 82 1673 e.
119 1634 257 1679 hoesit,
291 1637 387 1673 item
421 1635 465 1670 in
498 1631 679 1683 Longob.
721 1642 762 1670 et

46 1694 185 1745 fragm.
200 1694 329 1730 Vatic.
344 1721 355 1738 ‚
387 1691 456 1728 sed
474 1704 500 1727 ιι
517 1691 758 1741 superscrip-

48 1760 103 1788 to.
127 1749 301 1787 Videtur
328 1759 459 1787 tamen
480 1748 647 1786 alterum
666 1746 762 1786 Ῐιαιι-

47 1808 97 1844 sit
119 1815 236 1858 poeta
257 1807 416 1859 dignius
429 1835 440 1854 ‚
471 1805 581 1857 quod
611 1805 760 1856 ubique

46 1865 219 1911 editum,
242 1865 379 1902 saltem
401 1864 493 1901 inde
513 1863 562 1901 ab
577 1862 701 1902 Aldo.

107 1922 203 1960 561.
237 1922 373 1972 Vulgo
422 1921 533 1972 quis,
564 1920 674 1971 quod
708 1928 762 1958 ta-

47 1994 137 2018 men
164 1979 205 2017 h.
230 1979 257 2017 l.
281 1979 488 2017 Mediceus
510 1986 651 2015 servat.
672 1978 762 2015 Cla-

44 2052 132 2076 mor
159 2037 256 2075 alter
278 2038 438 2087 Menag.
461 2035 633 2086 clangor
651 2034 760 2073 Gud.

44 2106 82 2133 et
114 2094 222 2133 Leid.
265 2108 358 2148 cum
391 2095 496 2133 binis
527 2092 649 2131 Goth.
683 2092 764 2142 Qui

43 2153 218 2205 clangor
233 2149 364 2191 tantus
382 2151 542 2190 Vratisl.
559 2151 630 2188 Ad
645 2163 762 2188 aures

43 2211 194 2262 aliquot
210 2213 312 2250 Pier.
332 2219 370 2248 et
388 2212 526 2248 Burm.
538 2230 595 2238 —
610 2209 689 2247 562
702 2229 763 2238 -

46 2269 142 2318 569.
161 2269 369 2314 Insistere,
395 2268 589 2318 exquisite
607 2279 680 2317 pro
697 2267 761 2303 in—

44 2326 179 2378 gredi3
205 2336 244 2365 et
262 2327 385 2365 limen
403 2340 476 2378 pro
489 2325 617 2363 limini
639 2323 700 2361 vel
716 2323 760 2361 in

42 2384 192 2423 limine.
212 2408 270 2415 --
295 2386 390 2423 563.
411 2383 653 2422 Sceleratum
677 2380 758 2420 vid.

42 2441 162 2481 ovid,
175 2445 273 2482 Met.
287 2444 360 2490 IV,
376 2443 458 2487 455
471 2470 482 2489 ,
500 2449 538 2478 et
550 2440 598 2478 ad
608 2438 759 2478 Tibuu.

43 2501 83 2546 I,
110 2501 156 2548 3,
176 2502 245 2550 67.
267 2501 510 2539 Sceleratum
534 2507 593 2536 est
608 2496 762 2536 sceleri-

40 2556 117 2595 bns
136 2560 450 2598 contaminatum
462 2588 473 2606 ‚
492 2556 672 2609 adeoque
686 2555 760 2591 im-

39 2627 189 2665 purum
201 2644 213 2666 ,
254 2618 472 2669 incestum3
507 2617 641 2666 itaque
680 2613 759 2664 pii,

41 2672 162 2720 casti,
181 2675 370 2713 amentur
396 2674 447 2712 ab
475 2674 554 2713 hoc
581 2673 686 2711 1000.
703 2691 761 2700 —

43 2729 295 2775 5641*er
309 2732 459 2785 Sibylla
471 2732 565 2771 luco
576 2732 757 2779 Averno,

250 2812 338 2858 111.

830 1176 926 1224 plo,
971 1175 1174 1212 dicuntur.
1203 1197 1261 1205 —-
1290 1176 1386 1213 565.
1426 1178 1556 1216 Deum

828 1246 994 1282 poenczs,
1014 1245 1110 1282 quas
1133 1233 1189 1269 dii
1217 1233 1456 1270 nocentibus
1480 1245 1557 1272 sta-

837 1299 1001 1326 tuerunt
1020 1302 1029 1327 :
1048 1298 1094 1326 nt
1113 1289 1219 1340 apud
1238 1292 1394 1328 Auson.
1418 1291 1461 1328 in
1475 1293 1556 1331 Cu-

834 1347 916 1398 pid.
943 1346 1080 1384 crucis.
1104 1349 1179 1392 56,
1199 1356 1357 1398 myrtus
1391 1348 1557 1387 invidio-

834 1418 879 1441 sa
895 1405 1013 1442 deum
1027 1405 1173 1455 poem's.
1211 1407 1298 1443 Hoc
1335 1419 1386 1442 ex
1417 1409 1555 1446 Servio

835 1463 1069 1502 tenendum.
1087 1464 1155 1500 Me
1163 1477 1242 1514 per
1253 1463 1389 1500 omnia
1407 1465 1529 1503 duxit
1543 1495 1554 1512 ‚

833 1534 902 1558 seu
944 1521 1144 1559 narrando
1157 1550 1167 1568 ,
1204 1530 1243 1558 et
1280 1524 1553 1572 percensendo

830 1579 1005 1632 singula3
1022 1588 1067 1616 ut
1082 1580 1157 1630 ipsi
1168 1579 1448 1629 percurrimus,
1462 1594 1554 1631 per-

830 1635 1062 1683 lustramus,
1082 1638 1258 1688 singula,
1287 1639 1341 1675 ita
1376 1637 1443 1675 alii
1478 1652 1552 1678 nos

828 1691 983 1731 ducunt
1000 1707 1072 1744 per
1087 1703 1237 1744 partes;
1259 1708 1328 1732 seu
1354 1705 1402 1734 ut
1423 1698 1551 1734 Heca-

828 1760 866 1789 te
886 1751 1078 1803 Sibyllam
1103 1765 1195 1789 vere
1214 1765 1284 1802 per
1310 1755 1465 1791 Tartari
1491 1768 1551 1792 re-

827 1822 957 1846 cessus
980 1809 1164 1856 duxerin
1195 1819 1235 1848 et
1257 1822 1349 1847 sane
1372 1811 1451 1849 582
1475 1813 1550 1850 Hic

828 1876 868 1903 ec
889 1867 1064 1904 Aloidas
1074 1889 1129 1895 —-
1137 1867 1297 1904 vidi-
1308 1867 1450 1907 vidiet
1464 1871 1551 1907 Sal-

828 1937 972 1961 monea
985 1939 1001 1969 ;
1017 1933 1056 1961 et
1078 1925 1158 1974 596
1186 1925 1355 1962 Cernere
1373 1936 1474 1964 erat.
1491 1949 1549 1956 —

830 1982 926 2028 567.
960 1981 1084 2019 Dolos
1096 1997 1113 2027 ;
1140 1982 1281 2020 scelera
1314 1981 1411 2020 dolo
1445 1985 1550 2023 malo

828 2040 1046 2077 commissa.
1060 2043 1184 2078 Porro
1205 2041 1311 2091 cogit
1328 2041 1439 2078 fateri
1450 2042 1546 2092 pia-

827 2097 937 2142 cula,
979 2098 1164 2144 crimina,
1196 2098 1406 2135 commissa
1438 2101 1552 2151 apud

826 2166 1008 2205 superos,
1034 2156 1077 2192 in
1095 2157 1198 2203 vita,
1231 2169 1321 2206 quae
1350 2155 1436 2207 quis
1467 2157 1547 2196 dis-

829 2212 920 2250 tulit
933 2241 945 2258 ,
970 2212 1185 2265 sc.sateri,
1209 2213 1384 2266 adeoque
1407 2215 1544 2254 occul-

828 2272 947 2317 tavit,
967 2270 1008 2308 h.
1035 2284 1071 2309 e.
1105 2271 1262 2319 effecit,
1287 2285 1337 2310 ne
1365 2274 1410 2310 in
1436 2273 1546 2321 judi-

826 2327 935 2365 cium
965 2327 1229 2368 adduceretur
1265 2338 1305 2369 et
1331 2331 1545 2382 puniretur

827 2384 842 2434 (
862 2395 908 2422 ut
943 2399 1086 2424 caussa
1107 2416 1118 2431 ,
1155 2386 1354 2440 judicium
1372 2417 1383 2434 ‚
1419 2402 1543 2439 poena

825 2442 986 2495 defferri
1015 2444 1161 2483 dicitur
1189 2447 1233 2483 in
1269 2446 1423 2499 vulgari
1467 2460 1544 2486 ser-

826 2501 994 2554 mone):
1018 2502 1059 2540 in
1075 2516 1208 2541 seram
1230 2514 1396 2543 mortem
1409 2533 1422 2549 ,
1440 2504 1482 2543 h.
1505 2519 1540 2544 e.

826 2571 908 2597 nou
929 2572 1020 2598 reus
1046 2561 1173 2600 factus
1199 2570 1275 2608 est,
1296 2575 1425 2614 neque
1445 2562 1543 2602 adeo

826 2629 985 2667 poenam
1017 2632 1156 2657 eorum
1198 2620 1407 2671 persolvit,
1446 2619 1545 2659 dum

827 2675 1001 2724 viveret,
1030 2676 1148 2730 fiat-to
1196 2677 1355 2716 loeeaeus
1401 2677 1540 2725 inani,

827 2732 938 2782 quod
958 2734 1078 2774 latere
1093 2734 1187 2775 deos
1200 2764 1212 2783 ,
1232 2743 1272 2774 et
1288 2737 1452 2788 impune
1468 2736 1546 2774 sibi

1334 2815 1389 2862 13
