1767 3054
161 140 241 178 400
740 132 1014 172 EXCURSUS
1044 132 1085 168 11

157 206 415 247 Plutarchum
434 209 513 259 Qu.
541 210 657 248 Rom.
679 220 720 258 p.
754 209 834 258 269
864 209 925 254 A?
945 208 1064 254 alios,
1091 206 1161 257 qui
1183 219 1235 244 ex
1263 206 1407 245 Creusa
1421 234 1432 254 ,
1454 203 1665 244 Erechthei

160 278 408 317 Athenarum
428 279 528 330 regis
544 276 625 316 filia
638 306 648 324 ‚
667 287 826 324 natum,
848 276 952 327 apud
966 277 1121 315 Victor.
1142 278 1191 315 Ο.
1211 277 1261 315 G.
1280 279 1328 315 R.
1350 289 1389 314 2.
1405 275 1537 326 Quid?
1555 275 1666 327 quod

160 347 395 386 Janiculum
421 346 471 384 ab
495 349 615 392 Ione,
640 347 797 384 Creusae
827 343 933 391 filio,
958 358 1008 382 ex
1036 345 1236 396 Euripidis
1260 345 1391 382 fabula
1410 354 1534 392 noto,
1557 344 1667 382 fuere

162 415 233 466 qui
261 414 467 452 conditum
497 413 695 451 traderent
721 426 782 463 ap.
805 412 944 450 Aurel.
967 414 1076 450 Vict.
1096 415 1145 451 Ο.
1169 414 1287 459 6.,Ιὶ.
1312 427 1349 451 2.
1369 415 1499 459 Maia,
1517 426 1607 464 quae
1624 421 1670 451 ut

163 495 281 534 supra
299 483 471 519 vidimus
486 510 496 528 ,
522 489 644 518 mater
664 483 784 518 Terra
806 488 887 517 erat
899 508 909 526 ‚
929 479 977 517 ad
995 481 1142 518 Maiam
1164 482 1358 518 Mercurii
1372 490 1536 519 matrem
1553 495 1668 520 revo-

163 559 248 588 cata
266 559 336 588 est.
354 551 543 588 Nerienes
559 578 569 595 ‚
583 550 720 586 Virtus
746 548 808 585 vel
827 548 1039 586 Fortitudo
1059 549 1164 585 inter
1191 548 1357 586 Sabinos
1370 577 1381 596 ,
1401 550 1443 586 in
1460 548 1669 587 Nereidem

164 625 224 655 est
242 617 466 668 depravata.
486 617 587 655 Gell.
609 616 714 654 conf.
735 618 838 654 XIII
852 644 862 663 ‚
881 629 949 654 22.
965 617 1189 666 Corrupere
1209 628 1372 666 quoque
1389 628 1495 652 sacra
1507 629 1577 653 sua
1595 619 1671 654 Ro-

162 686 271 722 mani
289 685 475 722 admixtis
495 685 630 722 alienis
650 684 908 735 opinionibus
922 713 932 733 ‚
950 693 997 722 ut
1012 684 1295 736 Lupercalium
1311 685 1412 721 ritus
1434 686 1596 736 arreptis
1619 684 1675 722 fa-

165 750 274 788 bulis
293 751 342 789 de
363 755 468 790 Pane
494 753 742 790 Graecorum.

222 820 401 858 Tandem
423 830 565 871 quarto
593 820 682 857 loco
715 820 863 870 ineptis
890 828 928 857 et
946 821 1079 871 pravis
1110 820 1362 872 etymologiis
1386 818 1555 857 turbatae
1583 829 1675 856 sunt

163 887 341 926 historiae
365 890 536 938 antiquae
566 888 713 934 Italiae,
746 888 837 938 plus
867 902 987 938 quam
1016 887 1123 926 credi
1142 896 1285 939 potest.
1309 890 1397 925 Hoc
1419 886 1579 938 quidem
1597 895 1677 924 stu-

165 953 278 991 dium
300 964 449 991 veteres
472 968 531 990 res
551 967 594 991 ac
615 955 715 991 ritus
736 968 786 991 ex
809 956 1020 992 nominum
1036 957 1189 1006 origine
1208 953 1515 1006 interpretandi,
1534 956 1677 1005 ipsam·

168 1034 246 1072 que
264 1020 362 1058 adeo
385 1021 603 1058 verborum
627 1022 821 1073 originem
840 1022 1103 1074 investigandi
1118 1051 1128 1070 ‚
1142 1024 1221 1070 jam
1238 1023 1343 1059 inter
1360 1022 1521 1060 Graecos
1538 1033 1679 1072 parum

171 1088 221 1127 ad
238 1090 432 1127 sermonis
449 1089 627 1128 indolem
648 1098 687 1127 et
703 1092 997 1142 grammaticam
1017 1092 1211 1128 rationem
1231 1090 1308 1127 fuit
1325 1098 1556 1137 tractatum,
1575 1090 1680 1126 inter

168 1160 372 1197 Romanos
398 1167 530 1196 autem
558 1160 662 1196 intra
694 1172 823 1196 meros
846 1172 1039 1196 sonorum
1061 1159 1171 1196 lusus
1194 1159 1393 1205 substitit;
1414 1158 1526 1209 quod
1542 1171 1562 1195 e
1578 1159 1680 1195 Var-

171 1239 295 1272 rone,
317 1227 486 1271 Catone,
509 1228 702 1265 Cicerone
731 1235 769 1264 et
800 1226 885 1264 aliis
912 1225 1071 1263 infinita
1100 1226 1375 1277 exemplorum
1398 1227 1510 1277 copia
1539 1224 1680 1272 docet,

171 1302 219 1331 ut
252 1294 610 1331 Grammaticorum
642 1294 844 1331 volumina
873 1303 1035 1332 taceam.
1052 1293 1199 1331 Eadem
1220 1307 1281 1330 res
1310 1294 1406 1343 ipsis
1431 1292 1609 1330 historiis
1640 1300 1680 1329 et

172 1361 317 1399 fabulis
340 1375 458 1399 noxae
478 1361 576 1408 fuit,
595 1360 692 1398 dum
713 1374 774 1398 eas
799 1375 851 1398 ex
867 1363 1078 1399 nominum
1097 1361 1318 1413 originibus
1342 1360 1591 1412 interpretati
1615 1372 1683 1397 va-

173 1429 242 1466 riis
267 1427 396 1466 modis
421 1429 715 1480 interpolarunt
740 1437 892 1466 veteres
920 1431 1145 1481 scriptores.
1166 1431 1222 1468 Ut
1250 1428 1425 1467 Umbros
1452 1428 1564 1479 quasi
1586 1429 1682 1466 Om-

176 1495 286 1533 brios
318 1495 467 1541 dictos,
487 1497 667 1533 Thuscos
691 1509 711 1533 a
733 1495 912 1533 sacrifico
938 1499 1017 1533 ritu
1052 1497 1204 1544 dictos,
1234 1504 1274 1533 et
1300 1496 1442 1532 similia
1471 1495 1650 1532 omittam
1671 1505 1682 1532 ε

178 1561 229 1599 de
251 1562 540 1612 Aboriginibus
572 1575 690 1611 quam
726 1562 849 1598 multa
881 1563 940 1599 illi
971 1564 1186 1600 commenti
1213 1569 1307 1600 sunt
1337 1576 1388 1599 ex
1413 1563 1524 1599 vocis
1557 1561 1683 1598 sono!

178 1630 334 1668 Latium
359 1642 379 1666 a
406 1627 566 1666 latendo
592 1642 719 1678 quum
743 1629 974 1675 duxissent,
999 1643 1088 1679 quae
1113 1642 1199 1666 non
1223 1630 1501 1679 excogitarunt
1529 1629 1572 1664 in
1600 1639 1685 1664 eam

180 1698 282 1734 rem!
303 1697 409 1733 Hinc
433 1696 525 1747 fuga
543 1697 703 1733 Saturni
723 1697 765 1732 in
785 1696 938 1733 Italiam
958 1705 996 1733 et
1013 1695 1174 1733 latebrae
1191 1706 1202 1733 :
1221 1696 1340 1733 Anna
1358 1698 1534 1733 Perenna
1553 1694 1598 1731 in
1615 1694 1688 1730 Di-

184 1764 301 1802 donis
332 1777 508 1802 sororem
539 1771 710 1810 mutata,
736 1772 774 1801 et
798 1764 986 1815 Nympha
1005 1765 1185 1802 Numicii
1210 1763 1278 1800 illa
1312 1763 1434 1810 facta,
1463 1775 1589 1813 quum
1615 1761 1687 1800 dea

183 1841 283 1870 esset
308 1846 358 1870 ex
375 1833 595 1884 indigetum
615 1844 784 1870 numero
798 1859 809 1878 ,
834 1840 873 1869 et
889 1831 997 1868 haud
1016 1831 1137 1869 dubie
1169 1832 1266 1868 anni
1284 1832 1398 1868 initia
1418 1830 1541 1868 fausta
1565 1830 1689 1882 desig-

185 1908 322 1937 naret:
344 1899 450 1939 conf.
463 1899 658 1942 „Macron
689 1901 708 1937 I
730 1901 808 1938 Sat.
838 1911 886 1936 12
903 1913 914 1946 3
934 1902 959 1939 J
963 1900 1128 1936 anuario
1149 1908 1246 1936 —et
1258 1897 1419 1949 publice
1440 1907 1481 1935 ec
1497 1896 1689 1949 privatim

187 1967 247 2005 ad
265 1968 434 2004 Annam
458 1970 686 2005 Perennam
717 1966 986 2021 sacrificatum
1013 1966 1118 2012 icur;
1147 1976 1190 2004 ut
1209 1956 1369 2004 armare
1385 1979 1692 2016 perennareque

187 2035 393 2073 commode
413 2035 546 2074 liceat.
566 2034 697 2073 Ardea
712 2063 722 2082 ‚
742 2036 989 2074 Rutulorum
1016 2035 1114 2073 urbs
1127 2062 1138 2082 ,
1158 2048 1307 2072 nomen
1331 2034 1482 2071 hahens
1502 2047 1594 2071 cum
1621 2046 1691 2071 ave

190 2103 304 2141 ardea
327 2116 559 2150 commune,
579 2102 753 2141 fabulam
782 2103 992 2141 absurdam
1018 2104 1173 2154 peperit
1196 2103 1276 2139 avis
1295 2113 1355 2139 ‘ex
1382 2100 1494 2138 urbis
1520 2103 1693 2138 incensae

190 2172 392 2211 cineribus
413 2182 535 2210 enatae
555 2185 566 2211 :
587 2172 669 2212 vid.
689 2171 808 2212 ovid.
829 2173 929 2210 Met.
948 2173 1049 2211 XIV
1062 2200 1073 2219 ,
1097 2172 1204 2220 574,
1222 2171 1317 2209 580.
1331 2169 1495 2207 Virbius
1512 2169 1629 2208 heros
1649 2170 1694 2207 in

191 2241 455 2293 Hippolytum
483 2239 686 2288 deflexus,
716 2240 828 2292 quasi
858 2239 919 2277 bis
952 2240 1037 2287 vir,
1067 2247 1107 2278 et
1140 2239 1234 2276 vitae
1257 2236 1438 2276 redditus
1467 2237 1568 2275 ibid.
1591 2238 1692 2282 XV,

199 2317 278 2359 497
307 2322 392 2359 sqq·

251 2376 385 2413 Fuisse
400 2375 480 2423 jam
502 2375 605 2412 inter
626 2375 788 2412 Graecos
803 2375 1014 2425 scriptores
1034 2371 1217 2410 Dioclem
1234 2369 1518 2422 Peparethium
1537 2375 1577 2405 et
1594 2367 1691 2405 alios

193 2443 265 2494 qui
291 2443 514 2479 Italicarum
537 2442 696 2479 urbium
720 2443 890 2493 origines
915 2441 1024 2478 hunc
1053 2442 1098 2478 in
1117 2440 1283 2478 modum
1309 2441 1668 2489 interpretarentur
1683 2465 1694 2483 ,

198 2509 345 2545 docent
374 2509 553 2559 exempla
582 2507 689 2560 apud
717 2511 887 2560 Dionys.
916 2508 988 2546 lib.
1007 2509 1051 2556 Ι,
1074 2509 1129 2553 34
1152 2520 1211 2558 sq.
1232 2513 1285 2557 49
1305 2518 1391 2556 sqq.
1414 2516 1463 2551 72
1493 2515 1579 2553 sqq.
1603 2503 1695 2539 Esse

196 2578 241 2615 in
257 2575 318 2612 his
338 2578 556 2627 Scymnum
578 2576 731 2614 videbis
751 2577 795 2613 in
815 2577 897 2624 ejus
915 2577 1087 2614 carmine
1106 2589 1165 2615 vs.
1191 2574 1289 2612 225.
1315 2575 1364 2610 In
1383 2569 1581 2610 Paranelis
1601 2569 1694 2608 Plu-

197 2642 335 2681 tarcho
355 2642 514 2679 tributis
536 2657 701 2694 magnus
720 2657 860 2681 eorum
885 2656 1075 2680 numerus
1094 2641 1298 2685 laudatur,
1323 2639 1394 2689 qui
1416 2637 1550 2674 Italica
1578 2637 1697 2688 scrip-

199 2722 285 2748 sere
298 2736 309 2756 ,
325 2708 518 2747 Aristides
534 2711 732 2757 Milesius,
747 2710 994 2757 Theotimus,
1006 2707 1253 2747 Alexarchus
1265 2734 1276 2753 ‚
1291 2706 1533 2756 Cleonymus
1545 2732 1557 2751 ,
1570 2703 1697 2742 Theo·

202 2778 357 2832 philus,
377 2775 626 2825 Dorotheus,
648 2778 887 2825 Aristocles,
910 2777 1147 2830 Merylh'uS,
1174 2774 1444 2826 Chrysippus,
1467 2772 1694 2824 Agesilaus,
