1767 3054
697 95 851 132 LIBER
882 96 955 132 VI.

1504 102 1579 151 193

77 175 194 228 Quae
220 184 470 235 postquam
491 166 722 216 Anchises
742 176 905 212 natum
928 181 1016 228 per
1040 167 1223 230 singula
1248 170 1409 230 duxit,

76 247 387 309 Inconditquc
411 243 620 291 animum
645 243 780 288 famae
804 241 1038 288 venientis
1058 258 1220 290 amore
1245 261 1254 288 :
1524 260 1583 299 890

79 324 199 368 Exin
222 322 343 370 bella
364 321 469 366 viro
490 329 722 366 memorat
746 335 851 382 quae
872 317 1043 365 deinde
1064 320 1294 383 gerenda,

79 399 422 459 Laurentisque
447 395 587 443 docet
611 396 838 459 populos,
863 394 1127 458 urbemque
1151 397 1333 454 Latini,

77 475 134 519 Et
156 488 253 535 quo
270 488 507 536 quemque
531 472 675 519 modo
701 472 944 535 fugiatque
963 472 1178 535 feratque
1200 472 1429 519 laborem.

141 552 261 596 Sunt
285 549 483 611 geminae
509 548 673 596 Somni
697 560 877 611 portae,
907 565 1109 611 quarum
1135 548 1283 595 altera
1304 549 1455 596 fertur

74 627 278 680 Cornea,
299 639 393 685 qua
415 623 540 669 veris
563 624 711 669 facilis
734 623 875 670 datur
896 624 1050 670 exitus
1072 623 1256 669 umbris
1280 641 1288 667 :
1516 636 1577 677 89⁵

75 698 235 744 Altera
259 697 478 744 candenti
502 697 713 758 perfecta
730 698 884 744 nitens
901 697 1154 760 elephanto
1166 715 1180 754 ;

75 899 169 954 ράεις
197 912 320 950 saepe3
345 907 384 936 et
416 910 503 948 sup.
525 897 606 934 828
636 906 790 934 noctem

74 959 122 996 de
141 958 202 995 his
221 958 319 995 locis
337 955 446 993 haud
462 955 671 1007 refugerat.
695 958 789 994 sen-

75 1019 129 1054 tio
158 1025 288 1052 tamen
310 1022 349 1052 et
366 1014 444 1051 hoc
472 1014 692 1050 molestiam
723 1012 790 1050 ha-

73 1074 167 1112 bere
187 1086 195 1111 :
215 1086 339 1124 quum
360 1085 380 1110 a
399 1073 548 1123 campis
567 1072 710 1123 Elysiis
729 1085 790 1108 ca-

71 1133 152 1185 ligo
173 1131 306 1168 abesse
338 1130 501 1176 debcat3
533 1140 571 1167 et
594 1143 682 1181 sup.
708 1130 791 1175 640

71 1191 221 1228 lectum
252 1197 350 1227 esset
370 1201 379 1226 ε
405 1187 575 1241 Largior
595 1187 657 1225 hic
676 1202 791 1226 cam-

66 1263 143 1299 pos
164 1246 289 1285 (ether
310 1257 350 1285 et
367 1246 520 1284 lumine
546 1246 672 1284 vestit
695 1250 792 1284 Pur-

64 1320 216 1358 pureo,
250 1306 452 1356 solemque
477 1319 586 1342 suum
601 1334 612 1351 ‚
649 1319 722 1342 sua
745 1305 791 1342 si-

71 1365 169 1402 dera
212 1373 368 1401 norunt.
404 1364 561 1401 Scilicet
609 1373 789 1415 ereptum

69 1424 117 1460 iis
145 1432 202 1461 est
227 1422 371 1460 coelum
399 1430 606 1468 nostrum;
639 1424 789 1460 namin

72 1481 208 1519 inferis
240 1489 356 1527 sunt3
393 1489 432 1518 at
468 1479 618 1518 habent
654 1494 789 1518 aerem

71 1551 215 1579 suum.
234 1538 419 1577 aetherem
445 1538 560 1576 illum
580 1552 729 1590 purum
750 1548 789 1577 et

72 1606 267 1650 apertum.
288 1599 477 1635 Dicamus
498 1610 591 1649 ergo
623 1610 786 1649 campos

72 1655 177 1693 aeris
203 1669 285 1694 esse
310 1655 439 1694 dictos
467 1655 673 1702 locorum,
717 1658 789 1708 qni

72 1713 140 1751 tali
167 1727 279 1760 aere,
310 1728 385 1767 pro
421 1714 548 1761 coelo,
581 1715 786 1753 fruuntur,

70 1774 147 1810 Pro
188 1775 514 1825 interpretatione
544 1786 626 1810 csse
656 1782 789 1824 potest

69 1830 182 1867 locus
205 1832 319 1869 Statii
336 1845 426 1882 sup.
451 1830 499 1867 ad
518 1844 675 1868 versum
701 1832 781 1878 637

71 1887 293 1938 adscriptus
310 1901 320 1927 ;
340 1888 583 1926 nemus—in
613 1889 787 1941 quosal-

69 1960 115 1982 sa
145 1945 230 1983 dies
264 1947 442 1996 coeloque
474 1945 701 1983 simillimus
732 1960 786 1983 α’-

67 2003 165 2042 ther.
186 2005 302 2041 Dicta
320 2003 459 2040 codem
483 2003 605 2041 modo
626 2004 715 2040 loca
732 2004 788 2040 Iu-

68 2062 145 2106 cis,
174 2062 255 2099 fere
276 2070 319 2098 ut
341 2062 436 2108 761.
456 2084 514 2090 ——
534 2062 630 2111 890.
648 2064 787 2099 Famoe

69 2119 246 2158 melioris
258 2120 408 2158 Medic.
427 2133 477 2157 ex
497 2119 627 2158 Colot.
641 2148 652 2165 ,
678 2118 787 2170 quod

70 2192 122 2216 ex
143 2178 228 2217 aliis
247 2178 346 2215 locis
369 2176 600 2214 translatum
623 2190 704 2213 esse
720 2176 788 2214 be-

70 2250 121 2275 ne
155 2244 293 2275 monet
318 2237 457 2273 Heius.
486 2256 543 2264 —-
566 2233 660 2270 Viro
687 2248 784 2286 pro,

69 2296 119 2335 ei.
141 2295 436 2345 Laurentesque
455 2293 571 2330 docet
586 2293 781 2343 populos,

70 2359 163 2392 nota
184 2353 382 2390 inversam
407 2353 626 2389 orationem
640 2379 650 2396 ,
685 2365 760 2403 pro
773 2379 783 2396 ‚

68 2422 159 2461 quae
180 2409 285 2448 bella
311 2409 481 2462 gerenda
503 2423 593 2447 cum
613 2411 785 2446 Lauren-

70 2467 200 2515 tibus,
223 2468 301 2506 hoc
322 2477 381 2506 est
399 2470 545 2506 Latinis
559 2496 569 2514 ,
591 2467 637 2504 ad
656 2469 786 2505 Latini

71 2524 226 2565 urbem.
261 2526 327 2564 Ad
362 2527 548 2564 vaticinia
582 2528 704 2578 igitur
732 2538 786 2562 re-

70 2591 188 2622 vocat
215 2593 334 2636 poeta
360 2586 477 2623 etiam
512 2597 577 2630 ea,
615 2597 702 2634 quae
738 2583 787 2621 ab

74 2645 195 2680 AEnea
208 2643 252 2680 in
269 2643 382 2681 Italia
404 2643 574 2696 gerenda
594 2651 698 2680 sunt.

134 2700 230 2751 894.
259 2700 403 2739 Somni
429 2715 502 2753 pro
527 2700 679 2739 Somnii
703 2700 787 2738 dic-

860 901 995 937 Burm.
1011 926 1022 945 ‚
1071 901 1184 949 quasi
1229 913 1314 939 non
1362 903 1580 956 elegantius

859 965 975 1008 poeta
1004 959 1196 995 Somnum
1223 958 1438 1000 substituat
1472 966 1583 1003 Som-

861 1016 959 1060 niis,
992 1023 1037 1052 ut
1063 1017 1180 1054 toties
1212 1017 1320 1056 alibi.
1347 1042 1405 1047 —
1436 1021 1580 1071 894-

862 1085 960 1123 90²·
985 1076 1122 1125 Quum
1138 1077 1381 1115 emittendus
1396 1089 1496 1117 esset
1518 1083 1582 1120 Ε·

859 1143 953 1169 neas
981 1146 1001 1170 e
1030 1132 1128 1170 locis
1160 1134 1297 1172 inferis
1326 1136 1400 1174 alia
1434 1147 1578 1188 porta,

859 1203 979 1240 quam
997 1203 1075 1241 qua
1094 1193 1293 1243 ingressus
1309 1203 1412 1241 erat,
1437 1196 1581 1237 incidit

857 1246 974 1286 Maro
992 1250 1036 1286 in
1059 1248 1238 1301 duplices
1258 1253 1396 1290 Somni
1420 1264 1554 1304 portas
1567 1286 1578 1303 ‚

858 1307 1006 1358 quibus
1036 1316 1187 1347 veteres
1217 1311 1380 1348 Somnia
1414 1313 1579 1362 prodire

855 1365 1044 1404 luserant.
1065 1367 1233 1405 Fundus
1253 1367 1399 1420 Odyss.
1418 1383 1464 1415 τ,
1494 1373 1576 1410 562

856 1437 964 1476 seqq.
992 1427 1154 1463 Somnia
1189 1424 1321 1463 sedem
1353 1426 1500 1467 habere
1536 1432 1581 1469 in

857 1484 954 1521 Orci
987 1483 1211 1529 vestibulo,
1250 1498 1369 1536 supra
1402 1486 1578 1527 w'dimus

856 1554 895 1579 v,
926 1543 1154 1590 274—282
1185 1556 1241 1594 sq.
1262 1565 1322 1572 —
1343 1544 1441 1595 895.
1482 1546 1575 1584 Cor-

857 1612 939 1637 nua
971 1602 1088 1639 Rom.
1117 1609 1156 1638 et
1175 1601 1347 1640 Dorvill.
1368 1605 1500 1641 Datus
1524 1606 1577 1644 al-

856 1666 915 1695 ter
945 1658 1091 1698 Hamb.
1120 1662 1247 1698 Totus
1283 1673 1420 1698 versus
1452 1663 1576 1704 Goth.

856 1718 975 1754 tertio
1007 1716 1154 1756 deerat.
1186 1719 1312 1755 Veras
1339 1719 1498 1758 umbras
1528 1721 1577 1761 de

854 1775 1061 1812 animabus
1090 1778 1133 1813 in
1159 1788 1265 1813 nova
1294 1790 1461 1829 corpora
1484 1793 1578 1830 pro-

854 1834 1022 1871 cessuris
1041 1847 1084 1870 ea
1103 1842 1239 1885 porta,
1259 1836 1400 1886 accipit
1416 1839 1577 1876 Beaeeie

854 1893 896 1928 in
918 1893 1127 1930 Transace.
1149 1891 1202 1929 of.
1232 1891 1299 1929 the
1317 1895 1366 1931 R.
1386 1894 1511 1933 Acad.
1534 1905 1576 1934 at

854 1948 1075 2000 Edinburg.
1107 1958 1203 1987 tom.
1239 1951 1302 1995 11,
1340 1963 1386 1987 11
1423 1965 1464 2002 p.
1503 1954 1571 1992 53.

854 2009 1130 2056 Opponuntur
1152 2014 1283 2043 tamen
1287 2006 1406 2058 salsa
1429 2002 1574 2049 insomss

856 2063 1009 2100 nia.-—
1027 2063 1137 2100 Veris
1159 2063 1324 2109 umbris,
1359 2079 1433 2115 pro
1464 2071 1572 2107 Som.

853 2121 953 2166 niis3
989 2121 1028 2157 vi
1058 2121 1253 2172 oppositi3
1286 2122 1436 2162 scilicet
1470 2139 1573 2164 som·

853 2179 1013 2215 niorum
1040 2191 1165 2230 genus
1185 2188 1265 2226 est,
1290 2194 1373 2231 quo
1397 2193 1573 2224 mortuo-

854 2249 942 2273 rum
969 2236 1131 2274 L'mbrae
1157 2240 1448 2279 somniantibus
1479 2242 1572 2282 osfe-

828 2341 833 2347 ἢ
853 2303 948 2331 runt
967 2308 1028 2340 se,
1065 2295 1267 2334 interdum
1291 2306 1336 2334 ut
1358 2300 1569 2340 Furiarum

851 2351 940 2389 loco
961 2365 1098 2403 poenas
1117 2363 1317 2406 expetant.
1343 2370 1381 2395 v.
1405 2358 1455 2395 ad
1476 2362 1570 2399 Pro-

852 2419 952 2458 pert.
972 2412 1046 2457 IV,
1070 2424 1107 2459 7,
1129 2412 1179 2460 87
1199 2421 1238 2450 et
1250 2414 1298 2452 al.
1319 2415 1463 2453 Altera
1479 2431 1570 2468 por·

855 2477 890 2505 ta
917 2468 1079 2507 meliore
1107 2471 1270 2521 quidem
1299 2481 1356 2510 est
1382 2479 1569 2524 materia,

852 2525 1003 2564 scilicet
1029 2527 1204 2575 eburna,
1239 2529 1307 2567 scd
1337 2544 1387 2569 ex
1417 2546 1459 2570 ea
1487 2548 1570 2573 non

855 2586 948 2635 ipsae
978 2586 1162 2630 Umbrae,
1194 2588 1262 2625 sed
1290 2602 1427 2628 earum
1444 2592 1570 2642 phan-

859 2651 1020 2682 tasmata
1035 2673 1045 2692 ,
1067 2657 1135 2682 seu
1153 2648 1302 2694 Larvae,
1320 2649 1570 2700 procedunt:

857 2702 1013 2740 Horatii
1030 2716 1146 2741 vana
1164 2704 1321 2758 image,
1346 2721 1436 2758 quce
1454 2720 1571 2759 porta

75 2767 161 2795 tum
209 2771 290 2796 esse
326 2773 417 2797 cum
453 2761 537 2799 aliis
583 2759 791 2800 contendit
847 2759 962 2812 sugit
978 2761 1150 2810 eburna,
1178 2765 1373 2802 somnium
1394 2766 1540 2803 ducens
1559 2781 1570 2802 .-

267 2838 354 2885 111.

1318 2864 1369 2903 17
