1767 3054
184 142 264 178 240

806 136 1046 174 AENEIDOS

180 211 238 252 Et
258 217 337 252 tua
357 206 609 254 Dardaniis
634 207 883 254 transcribi
907 219 1093 271 sceptra
1117 210 1332 256 colonis?

180 285 282 327 Rex
310 281 394 328 tibi
419 283 713 344 conjugium,
738 295 783 329 et
805 284 1023 344 quaesitas
1046 285 1271 346 sanguine
1296 285 1428 331 dotes

179 356 418 419 Abnegat,
444 369 760 418 externusque
785 358 831 401 in
857 373 1052 418 regnum
1073 360 1302 420 quaeritur
1322 360 1474 405 heres.

180 435 202 476 I
225 448 372 487 nunc,
395 432 588 494 ingratis
612 432 734 477 offer
761 444 828 487 te,
852 431 1019 489 invise,
1045 433 1257 494 pericli53

1613 448 1674 482 425

179 505 472 566 Tyrrhenas,
493 507 533 561 i,
555 518 710 552 sterne
735 505 879 563 acies;
906 516 1010 567 tege
1035 522 1150 568 pace
1173 508 1379 555 Latinos.

180 584 293 626 Haec
318 581 434 626 adeo
456 580 541 627 tibi
566 597 660 638 me,
684 580 868 643 placida
887 596 1034 641 quum
1053 593 1192 627 nocte
1210 582 1413 644 Jaceres‚

179 658 286 715 Ipsa
313 655 466 716 palam
491 654 577 699 fari
602 655 899 716 omnipotens
925 655 1146 700 Saturnia
1164 655 1317 717 jussit.

180 731 339 784 Quare
364 744 472 790 age,
499 739 544 773 et
569 729 742 773 armari
769 727 944 789 pubem
970 729 1216 790 portisque
1241 731 1422 775 moveri

178 803 334 847 Laetus
357 802 403 847 in
430 817 557 846 arma
576 817 714 863 para,
736 812 781 846 et
803 801 1056 864 Phrygios,
1077 803 1160 864 qui
1182 803 1375 849 flumine
1397 804 1598 866 pulchro
1612 815 1672 851 430

178 877 468 933 Consedere,
495 878 660 933 duces,
686 878 931 939 pictasque
953 894 1098 924 exure
1124 879 1321 925 carinas.

177 953 426 997 Coelestum
452 952 521 997 vis
543 967 711 1013 magna
729 949 880 1014 jubet.
903 956 1005 999 Rex
1026 954 1127 1016 ipse
1151 956 1348 1000 Latinus

175 1024 235 1068 Ni
260 1023 372 1070 darc
395 1024 691 1087 conjugium,
721 1037 767 1072 et
792 1026 918 1073 dicto
939 1043 1108 1089 parere
1133 1027 1332 1084 fatetur,

175 1101 381 1156 Sentiat,
402 1111 447 1145 et
469 1100 657 1146 tandem
680 1104 894 1147 Turnum
916 1103 1189 1164 experiatur
1210 1103 1258 1148 in
1279 1104 1433 1149 armis.
1460 1125 1477 1142 »

241 1177 329 1221 Hic
352 1176 538 1239 juvenis
553 1212 565 1234 ,
590 1189 746 1224 vatem
767 1177 998 1235 inridens,
1021 1178 1087 1224 sic
1111 1194 1218 1224 orsa
1241 1177 1444 1224 vicissim

1610 1192 1627 1224 4
1641 1189 1672 1218 55

177 1254 274 1297 Ore
298 1252 440 1298 refert
463 1269 471 1295 z
498 1274 516 1294 «
541 1252 708 1298 Classis
729 1252 935 1300 invectas
959 1252 1216 1314 Thybridis
1238 1253 1395 1310 alveO,

175 1331 305 1383 Non,
331 1339 381 1373 ut
408 1343 533 1385 rere,
558 1343 685 1374 meas
710 1329 877 1391 effugit
900 1328 1100 1374 nuncius
1122 1328 1248 1373 auris
1270 1346 1280 1372 ε

176 1405 245 1447 Ne
272 1413 424 1448 tantos
450 1402 565 1455 mihi
590 1403 710 1465 finge
735 1415 912 1463 metus3
931 1421 1018 1449 ncc
1045 1403 1173 1465 regia
1196 1407 1320 1449 Juno

176 1479 413 1521 Inmemor
435 1488 503 1522 est
527 1478 690 1523 nostri.

175 1622 248 1657 tini
266 1620 396 1658 dotale
417 1634 509 1657 cum
527 1622 689 1658 Lavinia
712 1622 761 1658 ad
779 1631 886 1659 exte-

174 1691 250 1716 ros.
265 1701 322 1706 —
342 1681 438 1723 423.
459 1678 679 1729 Sanguine.
700 1681 798 1717 Nam
813 1693 887 1729 pro

173 1737 311 1773 Latino
348 1749 449 1786 saepe
488 1749 639 1787 pugnas
672 1738 887 1787 suscepisse

172 1792 375 1842 putandus
396 1802 452 1831 est
469 1806 518 1829 ex
538 1806 637 1830 vers.
658 1795 741 1837 425
756 1823 765 1841 ‚
790 1795 886 1839 426.

177 1853 282 1902 Tege
295 1864 398 1901 pace
417 1849 585 1888 Latinos
606 1851 690 1889 scil.
712 1861 887 1889 averten-

172 1907 224 1945 do
241 1917 280 1945 et
302 1908 532 1959 repellendo
553 1909 697 1946 hostes.
710 1931 768 1938 —-
789 1917 885 1956 427.

176 1966 417 2016 Comparant
434 1969 674 2016 Interpretes
690 1967 737 2004 Il.
752 1981 788 2014 σ,
809 1981 823 2004 1
835 1967 896 2011 84,

173 2011 253 2075 {lp-a
275 2037 323 2075 με
340 2022 508 2076 προέηκε
526 2032 601 2061 etc.
619 2046 677 2074 7·
694 2026 791 2069 430.
807 2028 889 2062 Loe-

176 2091 236 2117 tus
267 2083 393 2131 poetis
428 2090 486 2119 est
513 2081 642 2131 simpl.
668 2083 820 2120 alacer:
839 2095 889 2120 ne

173 2141 216 2175 in
235 2138 312 2176 hoc
330 2139 475 2176 haereas
489 2166 499 2184 ‚
521 2139 619 2189 quid
641 2140 801 2177 tandem
820 2140 887 2176 lae-

175 2195 339 2233 tandum
366 2199 442 2247 ipsi
457 2197 588 2235 fuerit.
606 2198 790 2235 Flumine
799 2197 890 2248 pul-

176 2253 268 2290 clzro
282 2282 293 2298 ,
317 2262 374 2291 est
393 2251 631 2308 κιλλίῤῥοος,
650 2268 794 2292 ornans
813 2255 892 2306 epi-

179 2311 328 2349 theton.
348 2313 408 2349 Sic
427 2326 514 2362 sup.
540 2314 591 2350 30
611 2325 891 2351 mmmmm.—

181 2368 276 2409 432.
303 2368 511 2406 Caelestum
528 2369 594 2407 vis
612 2383 777 2422 magna,
790 2383 893 2421 mag·
921 2399 924 2402 -

180 2437 277 2460 num
314 2425 480 2463 deorum
515 2441 690 2474 numen3
736 2427 778 2465 τὸ
816 2431 891 2465 τῶν

181 2481 272 2517 θεῶν
304 2480 443 2534 κράτες
457 2512 467 2526 ,
504 2484 572 2522 dii.
608 2484 802 2537 Phrygios
827 2485 894 2522 du-

182 2551 267 2582 ces,
301 2548 340 2575 et
361 2540 520 2578 carinas
549 2555 694 2589 exure,
728 2552 822 2580 nota
839 2543 894 2580 di-

182 2595 296 2632 cendi
316 2596 463 2635 forma:
482 2599 647 2635 alterum
663 2601 890 2651 improprie.

187 2675 243 2680 —
267 2653 362 2697 433.
384 2653 500 2691 Dicto
520 2669 684 2704 parere,
711 2671 785 2707 pro
811 2658 898 2695 vul-

186 2712 289 2759 gari,
308 2713 502 2761 promisso
521 2721 619 2749 stare
637 2727 676 2750 se
692 2715 791 2752 velle
812 2728 898 2766 pro-

190 2767 340 2806 fitetur.

1015 1622 1254 1666 435-444,
1269 1623 1370 1659 Nota
1383 1631 1522 1659 'vatem
1540 1624 1669 1674 simpl.

954 1693 1028 1729 pro
1045 1678 1258 1716 sacerdote.
1284 1680 1385 1716 Orsa
1403 1692 1477 1729 pro
1496 1680 1668 1732 vulgari,

955 1737 1083 1784 dicta3
1114 1745 1182 1783 ut,
1207 1736 1306 1773 solio
1329 1736 1385 1773 sic
1413 1749 1520 1773 orsus
1543 1738 1593 1774 ab
1614 1740 1672 1776 al·

955 1806 1008 1834 co,
1030 1817 1086 1823 —
1117 1795 1213 1838 436.
1247 1794 1372 1831 Alveo
1400 1795 1587 1832 Heinsius
1614 1810 1669 1833 re—

956 1853 1060 1902 cepit
1094 1850 1311 1889 secundum
1344 1855 1459 1890 Rom.
1495 1852 1670 1904 aliosque

954 1911 1177 1956 Pierianos,
1197 1907 1344 1947 Medic.
1367 1908 1474 1946 Gud.
1494 1918 1533 1946 et
1549 1912 1666 1950 Voss.

954 1980 1029 2018 pro
1061 1980 1142 2005 var.
1176 1967 1268 2005 lect.
1294 1966 1454 2017 Vulgo,
1488 1967 1665 2014 undam,

956 2024 1066 2076 quod
1096 2038 1186 2062 cum
1217 2024 1300 2062 aliis
1330 2023 1445 2062 codd.
1463 2052 1475 2071 ,
1511 2034 1557 2062 ut
1586 2027 1668 2064 Erf.

956 2084 1073 2120 etiam
1101 2083 1239 2134 fragm.
1268 2083 1399 2121 vatic.
1431 2082 1596 2129 retinet,
1631 2093 1670 2121 et

954 2142 1157 2178 revocavit
1189 2138 1364 2180 Brunck.
1396 2139 1500 2186 Alii,
1539 2141 1666 2186 unda,

956 2207 1002 2235 ut
1020 2197 1168 2236 Medic.
1189 2207 1228 2235 et
1250 2197 1298 2235 al.
1313 2225 1324 2245 ‚
1355 2197 1420 2234 vel
1445 2197 1598 2242 undas,
1624 2207 1669 2234 ut

957 2255 1039 2293 duo
1063 2255 1184 2293 Goth.
1209 2258 1309 2294 Sane
1330 2263 1546 2305 utrumque
1566 2254 1669 2292 bene

959 2313 1126 2359 dicitur3
1164 2325 1238 2351 nec
1267 2312 1376 2349 adest
1403 2324 1558 2357 caussa,
1596 2325 1669 2349 cur

960 2371 1126 2408 alterum
1144 2371 1253 2408 alteri
1271 2370 1454 2420 praeferas
1472 2380 1482 2404 ε
1499 2369 1574 2405 nisi
1591 2369 1671 2406 for·
1718 2416 1725 2422 ³

960 2437 998 2465 te
1030 2428 1176 2465 dixeris
1211 2428 1350 2465 variari
1380 2437 1494 2476 posse
1524 2429 1667 2463 oratio-

960 2499 1076 2531 nem,
1111 2498 1239 2536 quum
1265 2485 1344 2531 jam
1372 2495 1459 2532 sup.
1495 2483 1574 2520 303
1601 2496 1665 2521 oc-

960 2545 1164 2580 currisset:
1178 2549 1313 2591 opcato
1328 2540 1552 2577 conduntur
1570 2540 1670 2590 Thy-

958 2599 1078 2637 bridis
1113 2599 1238 2636 alveo.
1275 2598 1455 2648 Legimus
1480 2597 1670 2650 fluminis

964 2657 1117 2694 alveum
1143 2657 1244 2699 VII,
1284 2655 1333 2692 33
1355 2663 1394 2692 et
1411 2655 1493 2701 IX,
1527 2657 1594 2694 32.
1616 2658 1672 2694 At

965 2726 1038 2750 nec
1055 2714 1186 2750 minus
1215 2711 1325 2749 unda
1357 2710 1582 2761 Thybridis,
1605 2726 1673 2749 un-

967 2771 1021 2807 da
1042 2769 1236 2815 Tiberini,
1247 2768 1435 2823 fluminis
1457 2770 1600 2810 undas.
1615 2791 1674 2799 --
