1767 3054
160 105 209 141 58
795 108 1034 147 AENEIDOS

158 175 446 238 Delphinum
469 177 661 235 similes,
690 178 772 239 qui
796 196 881 240 per
904 181 1052 226 maria
1073 179 1268 226 humida
1292 179 1449 226 nando

1593 192 1655 233 594

158 252 465 314 Carpathium
491 253 818 315 Libycumque
839 268 1019 314 secant,
1044 256 1330 318 *luduntque
1356 272 1443 318 per
1466 254 1653 302 undas.*

156 331 297 374 Hunc
321 345 525 387 morem,
550 329 637 376 hos
663 346 850 387 cursus,
873 342 1013 392 atque
1036 332 1137 377 haec
1164 334 1420 379 certamina
1440 332 1620 395 primus

156 405 407 462 Ascanius,
434 405 621 466 longam
641 405 786 449 muris
809 421 957 466 quum
982 405 1190 468 cingeret
1211 407 1405 466 Albam,

155 480 376 536 Rettulit,
402 491 446 525 et
468 479 648 541 priscos
674 479 836 524 docuit
858 479 1100 526 celebrare
1125 483 1341 541 Latinos,

157 561 264 613 Quo
290 572 410 618 puer
429 555 529 615 ipse
549 553 714 611 modO,
741 570 900 600 secum
925 570 1020 617 quo
1038 556 1180 601 Troia
1204 557 1370 618 pubes.

155 629 327 675 Albani
350 629 554 674 docuere
575 644 707 688 suos;
730 629 841 674 hinc
860 645 1081 675 maxuma
1102 645 1248 691 porro

1590 643 1651 672 600

155 705 358 767 Adcepit
380 707 554 762 Roma,
581 716 626 750 et
650 705 857 766 patrium
883 705 1089 751 servavit
1117 704 1368 764 honorem3

152 781 388 843 Trojaque
413 796 561 840 nunc,
582 780 719 842 pueri
743 781 1001 843 Trojanum
1026 779 1200 827 dicitur
1222 797 1399 843 agmen.

156 1031 295 1056 cursus
313 1018 442 1057 flexus
466 1019 685 1070 implicant.
699 1042 757 1050 -—
772 1021 867 1071 594.

156 1079 235 1113 Per
255 1077 385 1113 maria
408 1077 573 1114 humida
594 1075 725 1132 (ὑγρὰ
742 1077 870 1116 κέλευ-

154 1134 203 1171 62
222 1132 412 1178 θαλάσσης
432 1148 492 1186 ap.
515 1138 677 1174 Homer.
696 1136 776 1173 huc
800 1150 870 1174 vo-

154 1200 217 1228 cat
235 1191 419 1243 Servius)
440 1194 576 1231 nando
611 1194 869 1244 Carpathium

155 1247 389 1297 Libyeumve
404 1261 544 1288 secant
564 1252 783 1302 luduntque
794 1265 872 1301 per

156 1307 286 1343 undas
300 1321 313 1343 .·
333 1307 491 1344 videtur
513 1308 662 1358 aliquid
678 1311 795 1346 otiosi
810 1323 868 1346 es-

153 1378 194 1401 se
221 1365 265 1401 in
292 1364 366 1401 hac
395 1365 610 1402 verborum
639 1368 776 1416 copia;
796 1368 867 1404 etsi

153 1421 258 1458 bene
290 1422 405 1459 video
441 1425 610 1460 marium
643 1423 869 1461 denomina-

151 1480 260 1516 tione
284 1481 341 1516 rei
368 1479 600 1530 dignitatem
628 1483 862 1519 increscere.

150 1535 270 1573 Ovid.
298 1536 346 1572 de
365 1537 562 1586 delphinis
583 1541 643 1574 III
663 1541 761 1577 Met.
780 1539 862 1576 685

151 1593 278 1642 Inque
297 1592 407 1630 chori
422 1594 563 1630 ludunt
576 1595 744 1644 speciem
758 1624 768 1642 ,
790 1596 866 1632 Ias-

151 1649 316 1699 civaqne
329 1650 496 1702 jactant
520 1651 717 1702 Corpora,
743 1661 784 1689 et
804 1666 866 1690 ac·-

151 1715 306 1756 cepcum
319 1708 472 1757 patulis
491 1722 602 1746 mare
634 1709 795 1746 naribus
813 1709 867 1761 ef

143 1765 280 1815 flant;
298 1773 337 1801 et
374 1766 445 1814 qui
479 1767 642 1802 anteivit
673 1767 863 1817 Apollon.

152 1819 283 1860 Rhod.
306 1823 376 1868 IV,
403 1823 484 1871 933
505 1835 588 1872 sqq.

211 1878 428 1927 596.Hunc
448 1893 595 1916 morem
615 1893 745 1918 cursus
756 1881 864 1932 vulg.

151 1935 269 1973 codd.
295 1949 357 1986 ap.
387 1937 488 1975 Pier.
506 1939 642 1976 Heius,
669 1947 708 1975 et
728 1940 864 1977 Burni.

151 2003 191 2031 et
209 1995 265 2031 sic
293 2002 371 2030 tres
407 1993 531 2032 Goth.
562 2003 602 2032 et
621 1997 750 2045 primo
775 1996 865 2034 loco

150 2055 370 2091 Romanus.
399 2053 517 2088 Hunc
545 2066 595 2090 m.
622 2051 692 2089 lzos
722 2067 755 2091 c.
795 2054 867 2091 ele-

151 2113 307 2161 gantius
323 2111 404 2158 jam
425 2109 522 2146 olim
547 2124 566 2146 a
587 2110 691 2148 Rob.
710 2111 868 2162 Stepha-

150 2179 206 2204 no
230 2166 323 2203 inde
351 2165 528 2214 editum3
555 2175 601 2204 ut
623 2168 703 2216 jam
725 2168 868 2220 legitur

150 2225 194 2261 in
211 2223 333 2262 Aldd.
355 2224 557 2273 prioribus
571 2253 581 2272 ,
600 2226 715 2262 etiam
732 2228 774 2262 in
793 2228 868 2277 Eg-

151 2282 308 2319 natiana
325 2283 567 2320 recensione.
582 2285 658 2320 Pro
672 2296 713 2319 ea
732 2284 867 2320 lectio-

153 2353 203 2376 ne
225 2338 406 2377 codicem
423 2352 541 2375 suum
560 2340 695 2377 laudat
716 2342 788 2379 Ge.
802 2344 869 2378 Fa-

150 2397 275 2443 bric„
304 2405 344 2433 at
369 2398 555 2433 Heinsius
589 2410 666 2436 sec.
698 2411 741 2435 ac
778 2407 866 2437 tert.

149 2456 383 2492 Moretanos
399 2467 491 2491 cum
509 2454 712 2502 Mediceo,
731 2458 800 2506 qui
811 2465 866 2493 ta-

151 2525 264 2558 men,
285 2520 331 2549 ut
365 2525 386 2548 a
411 2512 603 2564 Fogginio
628 2513 755 2551 editus
777 2522 836 2551 est
853 2541 863 2560 ,

151 2569 320 2605 alterum
337 2569 512 2607 exhibet.
524 2592 583 2598 --
596 2571 677 2620 596
695 2593 752 2600 -—-
765 2572 863 2609 603.

151 2627 267 2663 Hunc
299 2628 674 2673 morem—Retulit,
698 2629 863 2666 innova-

150 2684 233 2729 vit,
251 2691 296 2719 ut
319 2685 446 2730 Serv.‚
468 2686 664 2734 repetivit,
688 2706 745 2714 —-
767 2686 862 2734 597.

152 2741 283 2792 Quum
312 2741 497 2778 conderet
530 2740 636 2779 Gud.
669 2755 742 2792 pro
781 2754 861 2781 var.

934 1021 1203 1071 lect.--598.
1231 1020 1386 1059 Priscos
1415 1019 1581 1058 Latinos
1607 1021 1650 1059 h.

935 1080 962 1117 l.
992 1088 1038 1116 ut
1065 1079 1233 1130 antiqua
1261 1079 1412 1123 Italia,·
1431 1087 1470 1116 et
1494 1080 1549 1115 sic
1570 1081 1649 1116 La-

937 1136 1034 1174 tium
1048 1136 1255 1187 antiquum
1272 1137 1344 1175 inf.
1362 1139 1460 1183 VII,
1484 1136 1549 1174 38.
1568 1136 1650 1173 Ali-

937 1203 996 1232 ter
1013 1194 1139 1244 prisci
1156 1193 1294 1232 Latini
1316 1196 1359 1231 in
1385 1193 1584 1230 historicis
1611 1202 1651 1230 et

936 1252 1208 1304 geographicis
1222 1281 1232 1299 ,
1250 1252 1345 1288 dum
1358 1251 1569 1301 antiquum
1580 1252 1648 1287 La-

936 1312 1035 1347 tium
1070 1318 1108 1346 et
1141 1323 1292 1346 novum
1324 1310 1440 1357 juxta
1468 1308 1646 1358 ponitur.

935 1367 1083 1404 Docuit
1103 1367 1301 1403 celebrare
1328 1379 1374 1403 eo
1402 1365 1545 1411 modo,
1569 1378 1646 1416 quo

933 1426 1016 1474 ipse
1046 1425 1322 1461 celebraverat.
1343 1445 1401 1452 —-
1425 1424 1520 1472 599.
1544 1424 1645 1459 Ver-

931 1495 996 1518 sus
1031 1482 1232 1519 molestus.
1268 1481 1345 1518 Ille
1366 1479 1484 1519 Wall.
1505 1481 1645 1515 Secum

931 1551 1019 1575 cum
1051 1541 1094 1576 T.
1112 1551 1175 1588 pr.
1204 1537 1349 1575 Hamb.
1377 1537 1484 1576 Olim
1511 1536 1647 1573 distin-

931 1595 1150 1647 guebatur:
1168 1617 1225 1624 -—
1242 1593 1420 1632 Latinos.
1446 1595 1532 1643 Quo
1545 1605 1650 1642 puer

932 1674 988 1681 —
993 1652 1140 1702 pubes,
1178 1650 1332 1688 Albani
1364 1650 1402 1687 d.
1415 1678 1427 1696 ,
1470 1658 1514 1686 ut
1547 1649 1645 1686 adeo

933 1718 1032 1746 esset
1052 1721 1062 1747 :
1085 1711 1171 1759 Quo
1180 1702 1488 1758 plcer--Jizcbes
1509 1719 1562 1742 sc.
1585 1719 1645 1743 ce-

931 1766 1181 1803 lebraverant
1209 1765 1295 1802 haec
1319 1765 1551 1808 certamina,
1577 1764 1646 1800 do-

933 1837 1049 1860 cuere
1071 1822 1227 1860 Albam·
1247 1835 1336 1859 suos
1352 1821 1420 1858 illa
1440 1820 1645 1858 celebrari.

933 1881 1079 1919 Melius
1110 1882 1165 1917 sic
1187 1881 1469 1930 interpungas,
1489 1886 1536 1915 ut
1560 1877 1647 1915 seci-

933 1951 1022 1975 mus
1041 1952 1054 1975 .·
1078 1937 1228 1976 Retulit
1255 1946 1296 1974 ec
1308 1950 1354 1988 p.
1387 1935 1522 1974 docuit
1546 1935 1646 1972 cele-

933 1995 1047 2033 brare
1090 1994 1278 2040 Latinos,
1323 1996 1409 2044 Quo
1438 2006 1542 2044 puer
1563 1992 1645 2042 ipse

935 2053 1076 2098 modo,
1099 2067 1130 2091 5.
1160 2066 1198 2103 q.
1229 2055 1272 2090 T.
1294 2052 1420 2102 pubes
1438 2051 1519 2103 (sc,
1545 2050 1644 2088 cele-

932 2111 1164 2157 braverant3
1180 2108 1298 2161 hinc)
1315 2108 1468 2146 Albani
1481 2108 1647 2145 docuere

933 2182 1022 2205 suos
1051 2176 1126 2206 etc.
1139 2189 1198 2196 -—-
1210 2167 1309 2204 601.
1333 2168 1536 2204 Honorem
1549 2193 1560 2210 ‚
1582 2165 1644 2202 lu-

934 2225 1031 2263 dum
1053 2225 1102 2262 ab
1125 2226 1277 2277 origine
1296 2237 1366 2261 sua
1391 2226 1435 2261 in
1461 2221 1647 2261 Anchisae

932 2283 1128 2321 honorem
1143 2280 1503 2321 institutum.-—-6o
1511 2292 1547 2318 2.
1566 2282 1643 2317 Pro

934 2341 1115 2391 vulgari,
1140 2339 1250 2391 quod
1284 2352 1334 2376 ex
1369 2338 1558 2377 Suetonio
1594 2335 1643 2374 de

934 2411 1151 2449 puerorum
1161 2396 1314 2435 lusibus
1323 2397 1482 2434 Servius
1496 2393 1644 2432 laudat:

932 2459 1054 2493 Lusus
1079 2455 1181 2505 ipse,
1203 2466 1321 2504 quem
1343 2453 1469 2504 vulgo
1487 2451 1646 2501 Pyrrhi-

932 2513 1048 2550 clzam
1065 2512 1293 2562 appellant,
1314 2509 1433 2561 Troja
1447 2519 1641 2556 vocatur,

930 2578 1046 2621 poeta
1061 2570 1208 2606 dixisse
1217 2566 1375 2604 videtur
1384 2569 1619 2618 exquisitius
1631 2580 1644 2603 :

932 2636 971 2664 et
985 2639 1093 2663 nunc
1103 2626 1234 2663 honor
1248 2625 1314 2662 ille
1326 2654 1336 2672 ,
1348 2639 1417 2662 seu
1429 2624 1642 2670 ludicrum,

936 2682 1078 2734 Troja,
1103 2696 1249 2735 agmen
1274 2691 1403 2720 autem
1425 2681 1642 2734 Trojanum

932 2740 1178 2792 appellantur
1189 2742 1315 2792 pueri.
1326 2741 1410 2779 Alii
1420 2741 1475 2778 sic
1488 2751 1498 2779 ε
1509 2738 1639 2791 pueri,
