1767 3054
217 88 267 124 553
842 88 1082 127 AENEIDOS

213 161 442 222 Idi-mque
467 161 526 207 ad
552 161 808 218 tumulum,
833 179 928 224 qno
954 178 1203 210 maxumus
1224 164 1426 213 occubat
1448 167 1626 211 Hector

213 237 455 283 Victorem
473 241 626 284 Buten
648 238 825 284 inmani
850 254 1077 300 corpore,
1103 240 1185 302 qui
1209 257 1258 286 se

212 311 445 374 Bebrycia
468 314 660 360 vcnicns
683 313 850 375 Amyci
876 314 933 359 dc
958 325 1094 376 gente
1121 315 1326 373 screbat,

212 389 441 446 Perculit,
467 401 513 435 ct
536 389 663 435 fulva
686 388 1026 436 moribundum
1051 391 1263 438 extendit
1284 408 1441 438 arena.

212 466 337 512 Talis
357 466 510 528 prima
533 469 682 511 Dares
703 477 845 527 caput
870 465 1016 511 altum
1040 466 1087 511 in
1112 468 1274 529 praelia
1296 468 1437 525 tollit,
1657 477 1716 518 37⁵

215 541 530 602 Ostenditque
554 539 780 585 humeros
804 540 949 597 latos,
977 541 1250 604 alternaque
1264 543 1411 605 jactat

214 616 414 662 Brachia
434 615 744 678 protendens,
767 626 813 662 et
833 615 1055 662 verberat
1075 616 1250 664 ictibus
1267 633 1419 663 auras.

213 836 321 872 nitus
367 844 424 872 est
444 863 454 881 ,
495 835 593 872 dum
627 835 767 873 omnia
804 835 930 882 vicit,

213 890 320 930 κατὰ
351 891 485 930 πάντα
516 886 639 940 ἆθλα,
671 903 716 931 ut
743 902 800 931 est
829 894 935 945 apud

213 952 364 1002 Hygin.
383 951 462 989 fab.
486 965 535 1001 91
554 980 564 997 ,
590 961 626 988 et
648 952 724 990 fab.
746 954 825 1000 273
846 965 933 1004 pag.

216 1010 313 1046 322.
341 1011 486 1047 Evenit
515 1009 591 1047 hoc
620 1010 664 1045 in
694 1009 797 1047 ludis
819 1011 931 1047 fune-

213 1066 353 1104 bribus
367 1095 377 1113 ,
403 1081 503 1118 quos
522 1069 557 1104 ei
573 1076 685 1117 pater
702 1069 933 1118 pronuntia-

211 1133 334 1162 verat.
373 1125 583 1162 Probabile
617 1123 665 1162 fit
705 1126 753 1163 ab
799 1126 932 1176 aliquo

212 1185 378 1234 Tragico
406 1183 581 1220 fabulam
614 1185 666 1220 ita
701 1192 932 1221 exornatam

210 1241 342 1278 fuisse.
367 1244 502 1291 Quum
531 1255 626 1279 vero
650 1242 693 1277 in
718 1243 828 1278 omni
849 1255 932 1277 cer-

212 1299 405 1335 taminum
436 1312 577 1350 genere
603 1299 785 1344 vicisset,
817 1300 933 1335 etiam

212 1357 393 1407 pugilatu
412 1370 504 1393 eum
523 1357 662 1393 vicisse
681 1369 837 1393 necesse
853 1365 930 1400 est3

212 1414 330 1450 etiam
364 1415 543 1464 pugilatu
576 1413 766 1450 excellere
801 1415 935 1464 potuit

212 1473 254 1508 in
267 1474 394 1522 poetis
406 1471 718 1523 deperditis—3
727 1485 747 1519 7
759 1485 775 1508 1
785 1501 794 1509 .
809 1474 935 1508 Accu-

214 1530 284 1566 bac
302 1530 480 1568 Parrhas.
504 1539 542 1567 et
564 1530 716 1580 aliquot
739 1531 840 1568 Pier.
858 1531 934 1567 Oc-

216 1587 335 1624 cubat
350 1588 391 1626 h.
416 1589 443 1625 l.
468 1601 542 1639 pro
571 1587 714 1634 cubat,
739 1589 855 1636 jacet.
878 1611 935 1618 —-

214 1645 318 1683 Ludi
338 1646 524 1683 funebres
543 1648 586 1684 in
609 1647 794 1684 Hectoris
809 1646 935 1684 hono-

214 1717 299 1741 rem
319 1704 444 1742 habiti
459 1733 469 1751 ,
493 1717 593 1741 num
616 1704 665 1741 ab
687 1703 826 1741 iisdem
845 1718 936 1755 poe-

215 1764 265 1798 tis
284 1763 494 1800 memorati
513 1763 662 1799 fuerint
677 1791 687 1809 ,
709 1775 758 1799 an
778 1763 936 1813 Virgilii

215 1821 376 1870 ingenio
411 1819 652 1866 debeantur,
688 1833 772 1857 non
808 1819 935 1858 habeo

217 1877 361 1915 dicere.
393 1877 603 1915 Probabile
638 1886 769 1914 tamen
797 1875 872 1924 fit,
915 1892 935 1915 e

219 1935 391 1986 Cyclicis
431 1937 558 1986 poetis
598 1944 637 1972 et
677 1934 750 1972 hos
792 1938 935 1986 petitos

219 2006 314 2031 esse.
344 1995 413 2030 Est
444 2006 605 2044 quoque
638 1994 849 2043 vestigium
879 1995 936 2030 rei

218 2052 261 2087 in
281 2053 423 2088 Darete
448 2052 502 2088 25
518 2051 703 2088 Priamus
726 2052 936 2089 Hectorem

219 2122 286 2146 5110
308 2122 417 2145 more
437 2118 530 2146 ante
549 2119 709 2159 portam
731 2109 907 2159 sepelivit
923 2124 936 2147 .-

219 2166 284 2202 cui
309 2165 748 2218 ludosfimebressecit.
776 2168 832 2204 At
858 2169 938 2205 Bu-

221 2231 287 2260 ten
305 2224 477 2260 suaviter
498 2224 546 2260 ab
567 2226 725 2275 Amyco
744 2223 914 2262 deduxit
927 2253 942 2271 ,

220 2282 291 2329 qui
300 2280 500 2318 Pollucem
508 2291 805 2331 provocaverat,
813 2296 939 2333 quum

220 2339 252 2374 is
282 2351 371 2375 cum
398 2339 640 2389 Argonautis
669 2339 716 2376 ad
743 2340 940 2391 Bithyniae

221 2396 316 2432 litus
337 2397 570 2433 accessisset.
591 2409 629 2434 v,
654 2397 844 2446 Apollon.
867 2397 938 2436 lib.

222 2455 275 2490 11.
301 2467 361 2503 pr.
388 2453 491 2491 Cave
511 2461 642 2491 tamen
660 2467 750 2490 eum
774 2454 940 2492 confun-

227 2511 294 2547 das
332 2523 424 2547 cum
457 2513 583 2557 Buce,
612 2511 811 2548 Teleontis
836 2512 862 2550 f.
892 2526 942 2549 ex

226 2569 550 2618 Argonautarum
573 2581 762 2615 numero,
788 2571 857 2619 qui
884 2571 942 2608 Si-

226 2639 368 2662 renum
390 2634 508 2663 cantu
540 2626 750 2663 fascinatus
773 2627 815 2662 in
838 2627 942 2678 Lily-

227 2683 359 2719 bzeum
393 2685 563 2720 enatavit
592 2684 757 2720 Veneris
791 2683 940 2721 benefi-

231 2740 293 2777 cio
313 2751 321 2777 :
346 2740 534 2792 ApoUon.
555 2743 628 2787 IV,
649 2754 729 2791 912
749 2754 806 2792 sq.
821 2742 943 2792 Apol⁴

999 836 1081 874 lod.
1103 838 1133 874 I.
1156 849 1200 887 9,
1226 835 1294 882 25,
1327 834 1376 873 de
1402 847 1483 886 quo
1512 849 1552 873 v.
1580 836 1715 874 Burm.

1003 895 1124 933 Catal.
1149 897 1372 945 Argonaut.
1400 895 1591 931 Diversus
1617 907 1718 944 quo-

1003 967 1080 1003 que
1115 954 1234 990 Butes
1268 951 1481 989 Pandionis
1515 951 1542 988 f.
1582 963 1603 987 a
1637 965 1719 1001 quo

999 1011 1186 1058 Butadae,
1215 1010 1436 1047 sacerdotio
1463 1008 1632 1046 Athenis
1658 1011 1719 1046 in-

999 1070 1150 1119 signes:
1171 1082 1209 1105 v,
1235 1067 1425 1118 Apollod.
1448 1069 1530 1112 III,
1566 1067 1615 1104 15
1634 1095 1644 1113 ,
1673 1080 1689 1104 1
1708 1096 1718 1115 ‚

1000 1138 1120 1176 quem
1153 1139 1242 1176 sup.
1263 1125 1314 1162 ad
1332 1126 1375 1171 I,
1401 1125 1480 1162 156
1507 1126 1550 1161 in
1576 1124 1721 1174 Orphi-

1001 1197 1046 1220 ca
1086 1183 1290 1220 reduxisse
1327 1181 1480 1220 videor.
1518 1183 1642 1218 Dares
1682 1191 1721 1219 et

1000 1242 1179 1279 Entellus
1206 1242 1323 1278 etiam
1353 1241 1629 1291 epigrammate
1656 1253 1720 1278 or-

1000 1307 1147 1335 nantur
1170 1298 1389 1348 Antholog.
1410 1311 1468 1350 gr.
1497 1297 1568 1336 lib.
1601 1299 1653 1344 V,
1677 1311 1717 1348 p.

1003 1356 1114 1403 526,
1155 1370 1213 1395 vs.
1254 1356 1349 1403 373.
1372 1358 1491 1392 Butes
1524 1355 1719 1404 Bebrycia

1000 1413 1171 1451 veniens
1184 1412 1330 1464 Amyci
1344 1413 1544 1464 degente,
1566 1413 1718 1464 duplici

1001 1472 1121 1510 modo
1157 1472 1287 1509 dictus
1322 1485 1403 1509 esse
1436 1479 1590 1521 potest3
1625 1480 1716 1518 aut,

1002 1532 1070 1581 qui
1091 1544 1140 1568 ex
1156 1530 1350 1581 Bebrycia
1364 1558 1375 1577 ,
1404 1541 1493 1580 quae
1511 1537 1594 1566 erat
1616 1542 1718 1581 gens

1003 1588 1175 1638 Amyci,
1198 1588 1240 1625 id
1257 1596 1336 1635 est,
1357 1588 1431 1625 sub
1451 1599 1576 1638 regno
1595 1588 1718 1638 Amy-

1004 1649 1064 1694 ci,
1088 1655 1251 1684 venerat
1275 1647 1460 1694 Trojam3
1488 1654 1555 1682 aut
1583 1653 1717 1682 ortum

1004 1706 1154 1742 ducens
1172 1718 1191 1742 a
1209 1706 1330 1754 stirpe
1342 1703 1489 1754 Amyci
1507 1702 1717 1753 Bebrycii:

1003 1771 1042 1800 et
1059 1763 1137 1799 hoc
1155 1770 1324 1814 praestat.
1345 1760 1514 1799 Ferebac
1529 1774 1591 1806 se,
1611 1760 1720 1797 ince-

1003 1820 1149 1866 debat,
1181 1828 1227 1857 ut
1266 1821 1309 1866 Ι,
1352 1819 1432 1856 503
1456 1831 1465 1857 :
1490 1817 1601 1854 Talis
1634 1827 1722 1855 erat

1003 1878 1133 1924 Dido,
1173 1878 1296 1914 talem
1332 1890 1374 1914 se
1415 1876 1511 1914 loeca
1532 1873 1718 1927 ferebam

1002 1938 1074 1983 IV,
1112 1948 1157 1973 11
1196 1948 1313 1985 quem
1345 1947 1428 1972 sese
1457 1946 1524 1971 ore
1539 1931 1682 1984 ferens
1701 1937 1718 1970 !

1002 1995 1103 2032 Nam
1121 1994 1202 2030 vim
1225 1993 1357 2030 verbis
1375 1992 1490 2029 facias
1502 2018 1513 2036 ,
1530 1992 1563 2028 si
1578 1991 1720 2038 junxe-

1003 2053 1056 2089 ris
1085 2065 1094 2090 :
1123 2050 1272 2088 ferebat
1301 2063 1341 2087 se
1376 2061 1457 2087 esse
1491 2049 1636 2099 Amyci
1670 2049 1719 2086 de

1005 2119 1132 2161 gente,
1153 2109 1316 2146 veniens
1333 2121 1354 2145 e
1372 2106 1578 2158 Bebrycia.
1597 2107 1718 2156 Apud

1005 2170 1168 2205 Homer.
1184 2165 1213 2204 l.
1251 2179 1284 2204 c.
1306 2164 1416 2203 Iliad.
1435 2160 1460 2215 ψ
1477 2191 1487 2210 ,
1514 2164 1611 2213 679,
1634 2165 1717 2202 680

1005 2225 1169 2277 Euryali
1183 2225 1310 2273 virtus
1332 2222 1451 2260 simili
1472 2221 1593 2259 modo
1611 2233 1718 2258 eom-

1007 2282 1242 2326 mendatur,
1279 2289 1397 2330 atque
1439 2278 1504 2315 hic
1549 2280 1718 2317 Daretis.

1006 2362 1065 2369 ——-
1090 2341 1186 2387 377.
1220 2340 1338 2375 Brac.
1354 2336 1608 2387 praetendens
1637 2335 1719 2374 duo

1006 2399 1221 2438 Burmann,
1241 2423 1252 2441 ,
1272 2407 1376 2432 unus
1392 2393 1721 2443 portendens.—

1006 2454 1154 2493 stolide
1179 2458 1294 2494 ferox
1310 2452 1430 2489 homo
1450 2452 1603 2502 egregie
1630 2459 1720 2489 ante

1009 2512 1146 2550 oculos
1182 2518 1338 2553 nostros
1378 2510 1629 2546 constitutus.
1667 2508 1716 2546 cf.

1008 2569 1199 2619 Apollon.
1232 2572 1260 2610 1.
1292 2580 1326 2605 c,
1362 2567 1412 2611 45
1438 2579 1547 2617 sqq.,
1573 2573 1618 2602 ut
1644 2577 1718 2602 nec

1009 2628 1140 2664 minus
1170 2630 1214 2667 in
1243 2626 1444 2670 oratione,
1475 2635 1564 2673 quae
1595 2624 1720 2672 sequi-

1010 2692 1096 2729 tur;
1124 2685 1167 2723 in
1191 2700 1268 2738 qua
1300 2695 1392 2720 cum
1430 2683 1605 2719 Homero
1628 2691 1720 2729 con-

1010 2741 1160 2792 tendit,
1178 2745 1206 2783 l.
1229 2758 1263 2784 c.
1287 2740 1369 2779 666
1394 2752 1478 2791 sqq.
1498 2750 1536 2776 v.
