1767 3054
612 50 688 88 AD
718 49 923 86 LIBRUM
954 49 1025 85 VI.
1487 50 1565 97 371

66 125 317 178 praetermisit
332 132 468 176 poeta,
485 135 558 160 nec
580 123 623 159 in
640 122 748 159 illam
762 150 773 168 ‚
791 122 873 158 sive
897 129 1086 167 ornatus,
1107 121 1189 157 sive
1212 122 1449 160 narrationis
1463 125 1572 174 quic-

68 207 188 245 quam
208 193 447 239 consumsit,
472 199 615 242 praeter
641 202 790 240 paucos
811 202 947 226 versus
970 202 1008 227 v.
1029 189 1112 226 630
1137 202 1195 239 sq.
1216 191 1318 227 Nam
1337 204 1418 228 rem
1437 206 1458 229 a
1479 205 1574 230 con-

69 260 158 299 silio
196 261 362 299 alienam
394 266 617 304 tractasset,
651 266 690 294 et
725 258 767 294 in
805 270 976 294 summas
1009 258 1207 308 angustias
1238 270 1320 294 sese
1351 259 1575 296 immisisset

70 335 209 377 poeta,
247 327 282 364 si
309 327 454 364 Jovem
484 325 658 362 inferum
685 323 877 362 exhibere
901 324 1109 371 voluisset3
1140 336 1215 362 nec
1245 325 1484 372 majestatem
1512 326 1576 363 dei

68 392 271 444 quomodo
300 394 392 431 satis
420 402 597 431 tueretur
611 421 620 439 ‚
651 394 694 430 in
717 401 881 443 promtu
900 391 1115 431 habuisset.
1139 394 1347 444 Integrum
1365 395 1497 444 itaque
1520 408 1578 431 re-

68 461 187 512 liquit
206 461 286 500 hoc
316 471 595 514 argumentum
621 461 842 500 Claudiano
857 490 867 508 ‚
898 463 1020 499 Tasso
1034 489 1045 507 ‚
1067 461 1243 500 Miltono
1257 490 1268 509 ,
1291 461 1578 513 Messiadisque

66 531 234 582 auctori.
249 532 377 569 Intrat
394 539 525 568 tamen
537 533 679 568 AEueas
697 529 937 566 vestibulum
955 529 1076 581 regiae
1090 559 1100 573 ,
1123 530 1264 567 lustrat
1283 543 1322 567 se
1335 559 1345 579 ,
1365 539 1404 568 et
1423 543 1578 568 ramum

0 598 1 602 ’
68 601 294 637 aureamin
314 599 468 638 foribus
486 598 572 651 figit
585 628 596 647 ,
621 612 658 636 v.
680 598 932 643 634—636‚
954 597 1025 634 ubi
1043 598 1150 636 conf.
1169 599 1264 636 Not.

125 668 272 704 Praeter
291 668 438 719 regiam
458 667 641 705 Plutonis
655 694 666 711 ‚
695 666 758 703 via
782 665 830 702 ad
854 664 1036 714 Elysium
1065 663 1191 703 ducit.
1209 665 1330 716 Apud
1350 665 1579 717 Aristopha-

66 746 159 771 nem
173 763 184 780 ,
209 736 311 774 Ran.
344 735 443 782 162,
479 735 558 772 163
577 733 626 771 de
648 735 812 772 initiatis
834 747 843 772 :
864 725 984 772 Οὗτοι
1009 729 1088 789 γὰρ
1115 731 1321 789 ἐγγύτσιτοι
1340 737 1437 787 παρ’
1458 732 1577 775 αὐτὴν

69 798 137 842 τὴν
163 795 253 838 ὁδόν
274 792 351 839 En}
368 800 472 839 ταῖσι
496 803 562 840 τοῦ
582 799 806 845 Πλούτωνος
830 798 994 839 οἰκοῦσιν
1019 799 1161 854 θύραις.
1183 803 1285 840 Sunt
1303 809 1435 838 autem
1452 801 1581 837 initia-

70 877 205 906 torum
221 867 331 906 sedes
345 868 469 906 nullae
487 867 572 905 aliae
591 881 709 919 quam
733 869 927 920 Elysium.
954 870 1041 906 Hoc
1059 868 1191 919 itaque
1212 881 1297 906 nou
1312 867 1432 919 longe
1450 879 1471 904 a
1489 866 1582 912 Plu.-

70 936 175 972 tonis
203 937 309 988 regia
335 936 468 974 abesse
495 935 686 974 traditum
715 935 817 974 forte
837 938 880 973 iu
902 935 1133 982 Eleusiniis,
1158 944 1203 973 nt
1219 936 1404 987 colligere
1419 935 1514 972 licet
1531 947 1581 971 ex

69 1003 227 1040 scurrili
251 1003 531 1055 Aristophanis
561 1005 820 1041 insectatione
847 1004 1068 1041 initiorum.
1097 1003 1295 1041 Hesiodus
1318 1003 1500 1042 Plutonis
1522 1015 1583 1039 ro-

71 1073 176 1123 giam
213 1073 256 1109 in
286 1073 430 1111 vicinia
461 1074 615 1111 Tartari
645 1072 920 1111 collocaverat.
950 1073 1051 1110 Nam
1088 1080 1177 1108 ante
1209 1074 1440 1118 Tartarum,
1468 1069 1582 1117 ¹Atlas

71 1146 148 1175 stat
184 1139 330 1176 coelum
363 1147 614 1186 sustentans;
647 1138 794 1176 ibidem
820 1140 915 1177 Diei
942 1147 980 1176 et
1008 1140 1146 1178 Noctis
1181 1137 1307 1185 aedes,
1338 1139 1443 1175 circa
1463 1149 1584 1188 quam

71 1205 211 1244 Noctis
241 1206 359 1244 liberi
387 1207 593 1254 habitant,
618 1210 789 1246 Somnus
805 1217 844 1246 et
863 1210 989 1246 Mors.
1007 1199 1109 1246 ἔνθα.
1123 1236 1134 1254 ,
1151 1209 1281 1259 pergit
1296 1235 1306 1254 ‚
1328 1207 1412 1262 θεοῦ
1432 1203 1582 1257 χθονίου

73 1271 234 1327 πρόσθεν
267 1270 382 1328 δόμοι
412 1272 594 1325 τ’,χτῖεντες
625 1267 782 1328 Ῐφθίμου
802 1278 838 1313 τ’
861 1265 989 1314 Ᾰΐὸεω
1014 1272 1082 1313 καὶ
1115 1274 1274 1319 ἐπαινῆς
1307 1271 1583 1329 Περσεφονείης

71 1333 236 1381 Ιῖστᾶσιν
251 1353 362 1390 3aute
373 1343 445 1381 has
460 1344 641 1382 Plutonis
659 1352 697 1380 et
708 1345 955 1394 Proserpinae
971 1342 1072 1380 aedes
1091 1343 1264 1381 excubat
1277 1343 1487 1382 Cerberus.
1501 1344 1584 1383 Nec

74 1411 217 1461 procul
241 1411 337 1449 hinc
350 1419 509 1449 antrum
526 1411 667 1449 incolit
685 1414 801 1463 Styx.
820 1412 1025 1463 Theogon.
1047 1412 1125 1459 767
1146 1425 1232 1462 sqq.

134 1479 194 1516 De
213 1479 356 1528 Elysio
374 1481 465 1516 satis
483 1478 634 1516 dictum
657 1487 715 1516 est
731 1479 778 1516 ad
803 1481 936 1530 ipsum
956 1486 1113 1530 poetam
1127 1508 1138 1527 ,
1158 1493 1197 1517 v.
1223 1479 1302 1528 637
1330 1492 1417 1530 sqq.
1434 1481 1484 1516 In
1500 1480 1584 1528 ejus

77 1546 257 1585 convalle
287 1546 410 1584 Lethe
441 1554 522 1594 est,
556 1547 606 1583 ad
635 1560 752 1597 quam
780 1554 1056 1586 convocantur
1087 1548 1228 1585 animae
1257 1560 1411 1585 novum
1440 1560 1584 1598 corpus

75 1615 313 1665 ingressurae
326 1642 337 1659 ,
359 1628 397 1652 v.
419 1614 469 1661 67
481 1614 503 1651 5
517 1641 528 1659 ,
547 1614 630 1663 679
648 1627 734 1666 sqq.

136 1681 367 1720 Secundum
385 1695 451 1728 ea,
473 1694 562 1733 quae
586 1689 723 1732 poeta,
749 1695 788 1720 v.
817 1683 899 1733 739
919 1695 1020 1732 sqq.‚
1041 1681 1089 1719 de
1108 1682 1344 1733 purgatione
1365 1681 1582 1718 animarum

78 1758 234 1795 narrat,
259 1749 388 1786 Iocum
410 1750 581 1799 aliquem
605 1750 647 1786 in
674 1750 812 1787 inferIs
842 1751 1044 1800 requiras,
1068 1762 1146 1799 quo
1175 1749 1248 1785 illa
1261 1747 1450 1800 purgatio
1473 1747 1583 1785 insti-

82 1822 230 1852 tuatur.
256 1814 330 1854 Sed
349 1814 398 1852 de
415 1815 491 1853 hoc
515 1815 617 1852 nihil
637 1817 965 1854 commemoravit
986 1817 1113 1853 Maro.

714 1962 944 1974 ————-—

511 2083 988 2152 EXCURSUS
1037 2085 1146 2151 ΙΙΙ.

83 2258 365 2312 Locorum
398 2260 550 2311 circa
588 2260 882 2312 Avernum
914 2256 1217 2335 descriptio
1238 2300 1253 2325 ‚
1287 2276 1388 2312 seu
1421 2268 1580 2333 topo-

479 2351 733 2429 graphia
763 2357 896 2430 agri
929 2355 1190 2408 Cumani.

143 2499 252 2537 Libri
273 2498 392 2547 hujus
422 2499 492 2535 vix
521 2500 614 2535 satis
643 2511 781 2550 magua
813 2511 896 2536 esse
925 2506 1056 2550 potest
1079 2501 1274 2548 suavitas,
1297 2499 1377 2538 nisi
1402 2499 1585 2538 looorum

87 2565 392 2618 descriptionem
409 2567 535 2605 oculis
556 2568 766 2617 animoque
783 2566 1000 2614 subjectam
1012 2566 1167 2607 habeas.
1181 2570 1312 2619 Quam
1329 2581 1455 2619 quum
1470 2567 1586 2605 multi

91 2633 293 2681 dederint,
313 2648 443 2686 nuper
471 2643 603 2672 tamen
625 2634 854 2686 diligentius
871 2648 914 2672 ea
932 2635 1055 2672 literis
1082 2635 1259 2687 caeloque
1278 2648 1460 2687 expressa
1486 2642 1544 2672 est
1566 2647 1585 2669 a

91 2699 229 2743 Panno
245 2698 370 2751 (Ant,
388 2702 510 2741 PaoIi
529 2703 572 2741 iu
600 2700 833 2740 Puteolanis
855 2701 1024 2753 Antiqq.
1039 2701 1054 2754 )
1070 2710 1110 2741 et
1126 2701 1330 2742 coloribus
1349 2700 1481 2741 vivide
1505 2697 1587 2737 red-
