1767 3054
165 161 245 199 208

789 156 1030 195 AENEIDOS

159 232 332 280 Omnia
353 229 442 277 sub
466 228 692 292 pedibus,
712 244 807 290 qua
831 229 910 275 Sol
931 239 1185 290 utrumque
1209 244 1458 275 recurrens

1595 249 1652 268 100

157 307 373 370 Adspicit
394 309 660 362 Oceanum,
680 305 898 366 vertique
923 303 1118 366 regique
1142 303 1386 350 videbunt.
1407 326 1426 347 υ

157 387 272 430 Haec
295 397 519 444 responsa
542 381 689 442 patris
715 379 889 435 Fauni,
913 378 1216 440 monitusque
1240 378 1396 425 silenti

155 461 307 504 Nocte
332 457 487 512 datos,
511 471 607 500 non
631 455 731 516 ipsc
753 469 839 500 suo
862 452 1034 514 premit
1058 469 1140 498 ore
1164 453 1358 500 Latinus
1382 472 1393 498 :

153 533 248 579 Sed
272 533 450 578 circum
468 531 560 576 late
582 529 784 575 volitans
801 529 899 591 jam
919 531 1061 573 Fama
1085 544 1170 590 per
1188 527 1319 575 urbis

155 607 388 653 Ausonias
417 605 609 661 tulerat,
632 620 780 665 quum
803 602 1144 649 Laomedontia
1165 601 1315 664 pubes
1600 612 1658 640 10⁵

157 683 412 728 Gramineo
437 679 554 742 ripae
573 679 790 742 religavit
815 677 874 724 ab
896 693 1065 740 aggere
1090 678 1298 724 classem.

224 759 414 812 AEneas,
439 755 677 817 primique
702 754 869 810 duces,
889 763 935 798 et
957 751 1156 814 pulcher
1178 752 1311 798 Iulus

156 833 370 892 Corpora
392 829 480 875 sub
502 829 644 874 ramis
668 828 911 889 deponunt
932 826 1115 872 arboris
1141 826 1268 883 altae;
1291 847 1294 850 “

153 905 508 965 Instituuntquc
532 903 696 963 dapes,
724 913 770 948 et
794 901 968 947 adorea
987 901 1084 947 liba
1109 917 1195 963 per
1217 898 1418 946 herbam

157 979 427 1041 Subjiciunt
450 976 603 1039 epulis
618 1014 629 1034 ,
650 977 718 1023 sic
741 980 768 1023 J
771 977 962 1039 uppiter
982 976 1061 1022 ille
1081 974 1306 1022 monebat
1320 1010 1332 1030 ‚

158 1199 233 1223 see.
254 1186 405 1221 Ferant
424 1183 570 1221 Medic.
588 1191 627 1220 et
649 1196 786 1220 omnes
811 1196 878 1220 an·

159 1243 348 1293 tiquiores
362 1254 454 1278 cum
467 1241 557 1278 edd.
574 1239 668 1278 inde
681 1241 730 1277 ab
748 1241 877 1288 A1d03

158 1300 269 1350 quod
304 1300 430 1336 oratio
465 1300 647 1348 castigata
687 1298 879 1348 pedestris

156 1357 346 1408 postulat.
367 1359 477 1406 Saepe
495 1366 624 1393 tamen
639 1365 798 1406 poetam
821 1357 880 1393 vi-

158 1415 297 1451 demus
322 1415 370 1451 ab
394 1414 467 1450 hac
496 1415 582 1465 lege
613 1413 818 1460 recedere,
843 1422 881 1451 et

158 1472 200 1509 id
214 1501 223 1517 ,
260 1471 371 1521 quod
408 1473 540 1508 minus
581 1473 771 1509 usitatum
798 1480 856 1508 est
870 1499 880 1518 ‚

158 1530 429 1579 frequentare:
451 1530 505 1566 ita
524 1537 562 1566 et
574 1529 614 1567 h.
633 1529 659 1566 l.
675 1530 793 1566 altera
802 1529 880 1565 lec-

161 1589 218 1623 tio
240 1587 460 1637 estsercnt,
480 1599 600 1636 quam
618 1588 756 1624 Heius.
771 1599 880 1623 rece-

159 1646 219 1694 pit
236 1656 287 1680 ex
302 1642 411 1680 Leid.
426 1670 437 1688 ,
451 1645 515 1679 cui
531 1644 683 1694 aliquot
705 1644 802 1680 alios
819 1643 883 1680 ad-

156 1701 288 1752 jungit
310 1703 586 1745 Burmannus,
608 1701 676 1736 sed
706 1707 883 1736 recentes

159 1759 389 1809 nulliusque
408 1758 676 1803 auctoritatis;
699 1765 737 1794 et
755 1757 882 1794 videri

159 1824 292 1868 potest
309 1815 392 1853 haec
421 1815 540 1852 lectio
564 1815 613 1851 ab
633 1814 884 1852 emendatore

160 1875 339 1920 venisse,
364 1874 435 1923 qui
460 1872 658 1909 videbunt
681 1880 769 1909 aute
789 1885 884 1909 ocu-

162 1933 222 1970 los
238 1931 410 1968 habebat
426 1943 436 1969 :
455 1931 565 1980 atqui
582 1939 639 1967 est
657 1939 696 1968 et
711 1929 779 1966 illa
794 1929 886 1967 doc-

162 1992 241 2027 tior
257 1991 379 2034 ratio,
401 1997 446 2026 ut
464 1996 641 2038 tempora
660 1989 862 2025 varientur
874 2016 884 2033 ‚

163 2055 210 2084 ut
246 2059 349 2096 saepe
386 2047 430 2083 in
462 2046 582 2083 simili
612 2047 746 2096 positu
779 2045 887 2095 apud

163 2107 388 2142 Homerum
420 2101 487 2150 fit,
517 2112 564 2140 ut
596 2103 667 2154 qui
680 2103 829 2155 ferant
850 2112 889 2140 et

164 2162 361 2199 videbunt
388 2163 620 2213 jungantur.
638 2161 781 2198 —Illa
817 2173 886 2197 au-

166 2229 245 2258 tem
267 2233 304 2257 v.
326 2233 395 2269 99.
416 2233 501 2269 sqq.
525 2218 733 2270 magnifica
757 2230 767 2256 ε
792 2221 886 2257 Om-

168 2279 232 2314 nia
254 2277 324 2312 sub
335 2277 507 2328 pedibus
524 2277 707 2327 vertique
725 2276 889 2328 regique

167 2334 383 2380 videbunt,
404 2334 445 2372 h.
460 2347 554 2373 esse.
571 2336 796 2385 Simplicius
814 2334 891 2371 dic-

171 2401 208 2429 ta
226 2402 338 2429 erant
359 2406 447 2443 sup.
468 2393 551 2430 Ecl.
573 2395 625 2438 V,
648 2394 697 2440 57
731 2392 798 2430 sub
814 2406 888 2442 pe-

172 2450 363 2499 dibusque
391 2450 510 2488 videt
543 2449 663 2487 nubes
689 2460 729 2487 et
755 2449 890 2487 sidera

173 2506 372 2557 Daphnis.
401 2509 474 2545 Sol
506 2521 729 2553 recurrens,
758 2509 889 2546 oriens

173 2574 214 2602 et
238 2565 445 2612 occidens3
474 2568 696 2615 Pomponio
722 2579 889 2604 monen-

173 2634 225 2661 te.
256 2643 312 2652 —-·
347 2635 439 2659 101.
484 2623 657 2672 Respicit
688 2637 738 2661 ex
773 2624 890 2662 Hele·

176 2683 245 2719 nio
288 2682 450 2718 Acrone
483 2679 619 2718 laudat
647 2682 696 2719 G.
732 2682 885 2719 Fabric.

179 2739 230 2777 cf.
251 2740 467 2777 Burmann.
491 2738 650 2788 Accipit
679 2739 801 2776 Goth.
825 2751 886 2788 pr.

180 2805 218 2835 et
236 2804 324 2836 tert.
339 2823 351 2844 ,
369 2795 494 2843 male;
525 2809 617 2833 nam
647 2809 753 2833 mare
782 2796 889 2834 exci-

1602 996 1660 1014 110

945 1182 1004 1233 pit
1014 1182 1151 1228 solem,
1164 1193 1252 1217 non
1266 1180 1327 1218 sol
1343 1180 1526 1218 occidens
1540 1194 1657 1219 mare.

1009 1251 1085 1286 107
1105 1251 1189 1288 sqq.
1209 1238 1397 1288 Sequitur
1413 1247 1579 1276 eventus
1594 1252 1662 1277 va-

948 1297 1075 1334 ticinii
1092 1296 1140 1332 de
1154 1296 1295 1331 mensis
1312 1296 1476 1333 comesis
1487 1324 1498 1343 ‚
1517 1309 1555 1333 v.
1573 1308 1664 1346 sup.

947 1355 1032 1400 ΙΙΙ,
1060 1353 1140 1391 255
1157 1374 1215 1382 --
1235 1353 1331 1390 258.
1360 1353 1665 1399 Observandum

947 1420 1079 1449 autem
1093 1439 1104 1457 ,
1125 1419 1312 1461 quantam
1339 1411 1557 1448 verborum
1588 1409 1668 1462 ὥς·

947 1471 1110 1506 njtatem
1128 1469 1186 1505 rei
1203 1469 1314 1505 tenui
1330 1476 1369 1505 et
1383 1469 1464 1506 levi
1482 1467 1668 1516 adjecerit

946 1535 1087 1578 poeta3
1123 1527 1254 1563 vitatis
1300 1526 1433 1563 verbis
1466 1527 1640 1577 propriis
1653 1554 1664 1571 ‚

948 1597 1038 1634 quae
1060 1583 1227 1621 exiliora
1244 1592 1356 1621 erant
1377 1597 1453 1635 pro
1470 1585 1642 1621 carmine
1655 1612 1666 1629 ‚

948 1655 988 1677 v.
1012 1654 1046 1678 c.
1067 1642 1195 1691 panis.
1211 1661 1270 1670 ·—
1286 1653 1379 1690 109.
1408 1643 1489 1678 Per
1503 1639 1667 1677 herbam

950 1699 1086 1735 Heius.
1106 1698 1202 1747 legit
1226 1709 1319 1733 cum
1338 1698 1612 1744 Grammaticis
1630 1708 1669 1735 et

950 1767 1042 1791 cum
1075 1755 1340 1791 vetustissimo
1375 1767 1555 1805 quoque,
1584 1768 1668 1792 mo—

950 1819 1070 1849 nente
1080 1811 1186 1847 idem
1205 1812 1307 1849 Pier.
1324 1812 1459 1862 Vulgo
1471 1840 1482 1857 ‚
1496 1825 1576 1862 per
1588 1809 1671 1849 ἦεν-

951 1868 1022 1905 bas
1034 1883 1050 1912 ;
1069 1881 1159 1918 quae
1177 1868 1351 1919 vulgaris
1367 1877 1468 1905 esset
1487 1870 1602 1908 ratio.
1614 1891 1670 1898 ——-

951 1926 1118 1964 Adorea
1139 1925 1244 1970 liba,
1275 1926 1489 1976 placentae,
1510 1928 1671 1978 proprie

952 1983 1000 2021 de
1023 1983 1123 2020 farre
1136 2011 1147 2030 ⁷
1167 1996 1258 2033 quae
1277 1996 1349 2033 pro
1368 1983 1541 2034 panibus
1559 1993 1672 2022 erant

952 2042 1090 2093 priscis
1106 2040 1338 2078 hominibus
1350 2069 1360 2088 ‚
1379 2049 1589 2092 antequam
1600 2041 1671 2078 fer-

952 2108 1088 2137 mento
1107 2107 1146 2135 et
1163 2098 1326 2136 meliore
1345 2099 1458 2149 panis
1475 2096 1672 2149 coquendi

954 2166 1035 2195 arte
1070 2165 1291 2195 uterentur.
1321 2158 1417 2195 Haec
1445 2155 1525 2193 liba
1560 2167 1671 2192 nunc

953 2228 1177 2253 mensarum
1206 2216 1336 2252 vicem
1356 2219 1564 2266 praestant,
1586 2214 1670 2262 qui>

954 2273 1031 2311 bus
1073 2273 1235 2324 epulaS,
1267 2272 1379 2310 cibos
1391 2299 1402 2318 ‚
1437 2269 1664 2319 imponam

955 2344 1073 2384 poma
1110 2331 1286 2383 agrestia.
1306 2351 1365 2369 ε-
1385 2339 1484 2366 2110.
1519 2325 1675 2376 Jupiter

956 2389 1037 2435 ille,
1054 2390 1191 2427 Heius.
1204 2402 1255 2426 ex
1265 2386 1465 2426 Prisciano
1471 2392 1510 2421 et
1519 2384 1669 2422 Medic.

956 2461 976 2486 a
993 2460 1071 2484 sec.
1099 2460 1153 2485 m.
1180 2444 1369 2484 Mediceo
1384 2442 1485 2481 Pier.
1510 2441 1672 2492 aliisque

954 2506 1035 2543 suis
1054 2503 1176 2557 (adde
1198 2500 1319 2540 Goth.
1338 2497 1452 2550 tert.)
1470 2501 1670 2550 reposuit,

955 2563 1116 2612 copiose
1135 2559 1241 2598 idem
1260 2557 1460 2595 adstruxit
1472 2583 1483 2603 ,
1509 2565 1548 2593 et
1562 2585 1572 2604 ,
1600 2558 1673 2607 qui

952 2620 1028 2657 viri
1044 2615 1352 2669 praestantissimi
1371 2627 1457 2652 mos
1475 2622 1577 2659 erat,
1600 2614 1673 2651 ubi

951 2678 995 2715 in
1024 2675 1302 2726 elegantiorem
1337 2671 1547 2710 formulam
1572 2673 1673 2709 inci-

953 2734 1064 2773 derat
1075 2761 1086 2779 ‚
1103 2734 1148 2769 in
1166 2743 1302 2769 omnes
1321 2729 1418 2767 alios
1434 2729 1544 2767 locos
1560 2730 1673 2766 intu—

952 2792 1023 2840 lit,
1043 2792 1086 2828 in
1118 2789 1266 2842 quibus
1291 2786 1449 2839 Jupiter
1479 2785 1560 2838 ipse
1580 2785 1676 2837 legi«
