1767 3054
687 90 841 128 LIBER
871 90 964 126 VII.

1501 92 1580 129 203

79 162 224 208 Ducit
245 161 460 224 Agyllina
478 158 803 221 nequidquam
828 176 886 205 ex
909 159 1030 204 urbe
1055 171 1240 206 secutos

80 239 212 284 Mille
233 238 383 294 xiros3
408 235 598 298 dignus,
624 236 791 298 patriis
815 236 897 298 qui
924 235 1075 281 laetior
1100 246 1220 281 essct

79 313 321 376 Imperiis,
347 320 394 356 et
416 310 493 355 cui
514 320 650 373 pater
672 310 802 357 haud
827 311 1092 356 Mezentius
1114 321 1247 357 esset.

143 390 252 433 Post
274 385 362 432 hos
387 385 617 448 insignem
641 385 797 448 palma
820 402 907 448 per
931 384 1144 447 gramina
1167 400 1383 442 currum,

79 550 163 585 tor,
205 533 432 590 ἱππόδαμος
447 567 458 583 ,
497 538 798 588 debellatorque

66 599 253 651 serarum
269 612 284 642 ;
304 596 413 647 qnod
435 598 652 633 Homerico
668 609 799 633 exem-

77 656 147 708 plo
179 657 222 693 in
248 655 367 693 laude
401 655 477 692 viri
506 655 620 691 fortis
646 655 794 704 posuit.

78 728 118 752 v.
160 714 207 752 11.
249 727 289 760 ε,
335 720 388 763 49
422 726 502 763 seq.
525 712 702 749 -652.
730 714 799 749 Est

78 761 257 826 Ᾰγυυα.
272 770 468 823 Agellina
482 770 683 807 nonnulli.
695 771 799 821 Age-

80 830 169 867 Iina
186 832 326 868 Franc.
340 838 378 866 et
390 828 559 866 Dorvill.
572 842 661 865 cum
675 828 796 866 C-oth.

81 889 146 926 alt.
176 887 374 940 Agallina
404 889 612 924 Maronem
647 885 799 924 dedisse

82 945 296 984 arbitratur
325 946 523 983 Heinsius.
546 966 605 972 --
634 944 800 996 AngIae

82 1017 151 1042 seu
181 1005 294 1042 Caere
323 1003 576 1055 tyrannidem
603 1011 797 1040 tenuerat.

82 1064 133 1100 V.
150 1062 223 1100 inf.
243 1063 342 1099 VIII
356 1090 366 1108 ,
393 1062 444 1106 48
457 1075 471 1098 1
502 1074 610 1112 seqq.
631 1061 801 1111 Nequic-

83 1133 206 1171 quam
221 1122 384 1170 jungam
401 1133 492 1157 cum
513 1128 708 1170 sequacos,
729 1121 799 1170 qui

84 1179 121 1215 ei
137 1179 179 1215 in
195 1191 331 1229 pugna
352 1177 508 1214 cadenti
528 1179 673 1214 frustra
690 1186 801 1215 eraut

84 1235 275 1274 adfuturi.
292 1257 350 1264 ——-
371 1236 468 1273 653.
484 1236 642 1287 Dignus
652 1235 803 1287 patriis

85 1293 158 1344 qui
174 1293 303 1331 Iaetior
321 1302 423 1331 esset
447 1293 653 1344 Imperiis,
687 1307 803 1332 orna-

86 1361 124 1389 te
138 1380 148 1398 ‚
182 1351 349 1403 dignus,
385 1353 455 1402 qui
493 1351 656 1389 meliore
694 1361 805 1403 patre

86 1408 296 1461 gauderem
331 1409 379 1447 ad
409 1418 562 1460 patrem
592 1418 723 1447 autem
742 1410 805 1446 de-

85 1466 316 1505 clai-andum
354 1467 524 1518 imperia
558 1481 643 1505 non
671 1469 804 1504 minus

83 1526 232 1572 valent,
250 1538 370 1577 quam
387 1527 432 1562 in
450 1523 535 1563 filio
556 1525 799 1577 obsequium.

86 1584 327 1634 Comparant
357 1585 616 1622 Homericum
649 1584 699 1621 de
733 1587 802 1622 Pe-

84 1641 238 1693 ripheta
256 1641 471 1693 Eurysthei
502 1640 588 1680 filio
606 1654 616 1681 ε
637 1644 715 1680 Τοῦ
740 1641 804 1696 γέ-

85 1702 161 1737 νετ’
179 1699 222 1737 ἐκ
238 1697 386 1753 πατρὸς
410 1697 510 1738 πολὺ
534 1697 704 1754 χείρονος
724 1699 802 1744 υἱὸς

87 1754 253 1811 ἀμείνων
287 1756 482 1802 Ππντοίαις
519 1755 674 1811 ἀρετάς.
693 1759 738 1796 11.
760 1771 776 1796 ο
790 1787 800 1806 ,

88 1817 139 1861 64
153 1829 167 1852 1
177 1845 186 1854 .

147 1874 244 1911 655.
263 1872 601 1925 Insignemfama
619 1874 800 1912 Macrob.

90 1933 166 1969 Sat.
194 1933 246 1976 V,
273 1932 320 1966 15
336 1959 346 1977 ,
369 1944 452 1968 non
472 1932 659 1970 insoleuu'
678 1934 803 1969 varie-

90 1997 182 2026 tate.
202 2009 258 2015 —
277 1988 359 2025 655
389 2001 496 2038 seqq.
532 1991 778 2026 Aventinum
793 2018 803 2035 ,

92 2055 281 2097 tanquam
304 2058 430 2082 unum
455 2059 504 2082 ex
520 2045 711 2085 heroibus
727 2049 806 2085 Ho-

91 2105 246 2141 mericis
263 2102 417 2140 inducit
433 2116 524 2140 cum
547 2117 669 2141 curru
685 2132 695 2150 ,
724 2117 805 2155 quo

91 2162 299 2199 victoriam
322 2163 364 2198 in
393 2160 497 2198 ludis
526 2162 658 2199 curuli
685 2171 806 2200 certa-

91 2221 198 2257 mine
226 2219 468 2257 obtinuerat.
493 2219 672 2258 Eundem
693 2219 805 2257 exhi-

90 2277 158 2315 bet
183 2276 395 2328 clipeatum
422 2290 522 2315 vers.
557 2278 636 2325 657
653 2306 663 2324 ,
697 2277 806 2328 quod

90 2335 186 2372 ferri
219 2343 370 2386 potest3
407 2334 474 2372 sed
509 2348 634 2386 quum
671 2336 805 2386 paullo

91 2402 182 2444 post
198 2407 236 2430 v.
263 2393 346 2430 666
367 2392 538 2430 eundem
561 2393 687 2430 leonis
707 2407 804 2431 exu-

90 2453 165 2489 viis
199 2450 387 2488 indutum
422 2451 607 2488 incedere
647 2460 804 2498 narrat,

90 2510 133 2546 in
160 2521 208 2546 eo
235 2509 359 2547 fateor
392 2522 454 2546 me
484 2518 611 2560 poetae
640 2508 805 2561 diligen-

89 2568 185 2604 tiam
230 2576 270 2605 et
304 2566 503 2615 judicium
553 2566 774 2604 desiderare
796 2581 806 2614 ;

90 2636 181 2661 nam
200 2623 447 2663 diversorum
459 2627 551 2662 vitae
562 2627 700 2676 priscae
717 2633 809 2662 tem-

90 2693 235 2730 porum
253 2682 349 2730 fuit,
375 2683 512 2733 spoliis
539 2682 711 2720 ferarum
731 2692 808 2720 tec-

93 2745 178 2776 tum
196 2752 302 2787 esse,
331 2749 370 2782 et
387 2740 435 2779 de
460 2753 580 2779 curru
612 2749 808 2780 armatum

1519 398 1580 428 655

865 549 1057 588 pugnare.
1095 537 1216 588 Quod
1251 539 1428 588 primum
1467 552 1582 576 curru

865 603 1025 632 vec-tum
1037 595 1093 647 (v.
1109 596 1164 633 65
1171 596 1210 646 5)
1222 609 1318 633 mox
1329 596 1506 646 peditem
1520 599 1580 635 in-

866 653 1006 690 cedere
1038 653 1134 690 facit
1164 654 1229 705 (v.
1260 655 1394 706 664),
1424 656 1468 692 in
1502 655 1579 693 hoc

864 724 1016 749 morem
1062 712 1372 749 Homericorum
1409 713 1580 751 heroum

865 771 977 820 sequi
996 771 1153 820 potuit,
1173 771 1244 820 qui
1265 782 1346 807 non
1369 783 1481 818 raro,
1501 774 1586 809 exi-

866 841 946 879 guo
965 828 1175 866 intervallo
1204 827 1473 879 subsequente
1491 842 1580 866 cur-

867 899 915 922 ru
929 914 939 932 ‚
978 885 1129 936 pedites
1170 885 1377 924 incedunt.
1421 889 1582 925 Aventi—

866 957 964 981 num
993 945 1036 980 in
1062 944 1270 982 nonnullis
1299 946 1420 996 signis
1446 958 1585 998 agnos-

867 1011 965 1039 cunt
1001 1004 1240 1040 recentiores
1274 1011 1454 1040 veterum
1488 1017 1582 1054 opo-

865 1074 956 1097 rum
997 1062 1245 1111 interpretes.
1282 1060 1584 1099 Nobilissimum

868 1119 985 1155 estin
1013 1121 1149 1156 Museo
1181 1117 1410 1169 Capitolino
1439 1128 1469 1159 t.
1497 1121 1582 1166 111,

868 1177 949 1215 tab.
975 1177 1026 1214 26
1043 1205 1052 1223 ‚
1073 1178 1152 1225 jam
1176 1189 1198 1214 a
1213 1178 1331 1214 Dom.
1354 1176 1497 1216 Rubeo
1516 1178 1584 1228 (in

870 1236 1061 1272 Raccolta
1079 1235 1124 1272 di
1143 1237 1280 1272 Statue
1297 1245 1382 1273 ant.
1407 1249 1448 1273 n.
1468 1236 1586 1286 XIX)

871 1293 1094 1330 exhibitum
1115 1305 1124 1330 ι
1145 1292 1214 1330 sed
1228 1292 1270 1329 id
1288 1294 1472 1330 Herculis
1489 1307 1586 1344 pue-

870 1353 903 1388 ri
936 1365 1017 1389 esse
1047 1351 1183 1388 nullus
1210 1350 1380 1389 dubitat.
1412 1353 1582 1389 Exuviae

869 1409 997 1446 leonis
1022 1418 1262 1460 perpetuum
1289 1410 1468 1447 Herculis
1493 1418 1587 1447 sunt

870 1468 1045 1518 insigne,
1068 1468 1185 1504 etiam
1202 1468 1340 1517 pueri,
1360 1476 1452 1504 ante
1474 1481 1588 1504 enec-

870 1533 956 1562 tum
966 1527 1196 1563 Nemeaeum
1211 1525 1381 1563 leonem.
1400 1525 1585 1564 Ceterum

869 1584 1097 1622 Aventinus
1132 1583 1250 1620 heros
1283 1584 1444 1635 Virgilii
1476 1586 1586 1635 inge-

869 1644 938 1680 nio
949 1641 1086 1679 deberi
1099 1641 1271 1688 videtur,
1282 1643 1449 1679 Homeri
1459 1655 1588 1678 exem-

868 1701 938 1750 plo
952 1729 963 1747 ‚
1006 1701 1076 1750 qui
1111 1700 1154 1736 in
1186 1699 1384 1736 similibus
1419 1699 1587 1737 heroum

869 1757 963 1795 filiis
985 1766 1024 1795 et
1043 1757 1257 1808 nepotibus
1278 1770 1588 1795 commemorau-

870 1815 930 1853 dis
953 1816 1201 1853 felicissimus
1224 1824 1295 1853 est.
1320 1815 1504 1852 Herculis
1526 1828 1589 1852 au-

871 1882 949 1911 tem
968 1885 1144 1910 accessus
1161 1872 1209 1909 ad
1227 1872 1311 1909 haec
1325 1872 1414 1910 loca
1433 1872 1448 1924 (
1463 1886 1500 1910 v.
1513 1873 1585 1911 inf.

870 1933 970 1968 1'111
984 1959 995 1977 ,
1016 1943 1096 1967 200
1115 1943 1172 1980 sq.
1189 1929 1203 1981 )
1224 1930 1335 1967 facile
1360 1939 1487 1981 poetae
1506 1932 1588 1968 ani-

871 2002 982 2026 mum
998 1987 1199 2038 impellere
1219 1989 1371 2038 potuit,
1403 1987 1509 2025 utin
1533 1990 1587 2026 A-

870 2048 1080 2084 ventinum
1112 2044 1326 2092 incideret3
1362 2046 1478 2094 cujus
1514 2058 1588 2084 no-

871 2117 963 2141 men
993 2105 1184 2142 Romanis
1213 2103 1432 2141 lectoribus
1460 2103 1588 2155 place-

872 2176 914 2199 re
938 2161 1101 2208 debuit,
1123 2174 1250 2211 quum
1276 2174 1390 2199 mons
1424 2163 1589 2200 Aventi-

873 2232 949 2257 nus
967 2219 1079 2256 urbis
1097 2221 1234 2257 Romae
1249 2232 1338 2270 pars
1357 2219 1455 2256 facta
1476 2227 1587 2258 esset.

932 2277 1029 2315 655.
1042 2275 1247 2328 Insignem
1258 2276 1402 2327 palma
1411 2290 1584 2322 currum,

873 2335 1101 2386 simpliciter
1142 2335 1322 2386 intelligo
1358 2332 1559 2389 νικηφόρον
1574 2364 1584 2382 ,

873 2390 1083 2447 ἀθλοφόρεν
1098 2422 1108 2441 ,
1146 2391 1355 2446 quadrigas
1369 2422 1379 2440 ‚
1427 2393 1492 2431 vel
1527 2393 1587 2431 bi-

872 2465 961 2502 gas,
996 2465 1085 2502 quae
1115 2453 1322 2501 praemium
1352 2463 1493 2489 cursus
1516 2450 1586 2488 ob-

872 2511 1087 2548 tinuerant.
1118 2509 1235 2547 Lauri
1262 2509 1325 2547 vel
1356 2508 1496 2560 palmae
1525 2510 1586 2545 in-

872 2568 1003 2619 signe,
1041 2568 1178 2605 currui
1217 2565 1388 2604 infixum
1402 2594 1412 2610 ,
1453 2579 1588 2604 recen-

875 2626 986 2662 tioris
1012 2627 1133 2664 moris
1164 2638 1215 2662 ne
1242 2626 1293 2662 sit
1318 2637 1472 2662 vereor.
1494 2626 1589 2661 Her-

874 2683 962 2721 cale
990 2683 1183 2734 pulchro,
1225 2681 1397 2720 Pulcher
1431 2680 1589 2719 Aventi-

877 2753 962 2780 nus.
982 2742 1075 2781 Noli
1089 2770 1100 2792 ‚
1119 2753 1193 2780 nec
1213 2740 1261 2779 de
1285 2739 1470 2780 Herculis
1485 2767 1495 2787 ‚
1516 2751 1588 2776 nec
