1767 3054
671 127 824 164 LIBER
854 126 967 162 VIII.

1495 131 1569 176 3:57

74 205 379 268 Extremique
402 200 647 248 hominum
673 198 875 256 Morini,
901 198 1193 261 Rhenusque
1220 200 1449 258 bicornis,

75 280 392 342 Indomitique
414 276 585 332 Dahae,
610 285 656 320 et
683 286 875 336 pontem
900 274 1174 336 indignatus
1198 281 1393 323 Araxes.

140 354 270 401 Talia
298 367 385 414 per
408 352 627 414 clypeum
654 350 874 408 Volcani,
901 348 1026 395 dona
1053 351 1286 411 parentis,

75 429 304 486 Miratur,
329 442 586 487 rerumque
613 425 803 486 ignarus
827 425 1031 487 imagine
1055 424 1254 486 gaudet,
1525 440 1582 476 750

74 501 318 548 Adtollens
342 500 544 547 humero
570 501 837 562 famamque
862 511 907 546 et
931 501 1028 546 sata
1051 511 1296 562 nepotum.
1317 486 1328 498 ’

75 704 250 734 testatem
270 710 308 747 p.
325 699 372 734 R.
391 695 566 741 redacta,
583 696 623 732 in
641 696 795 747 Syriam

75 768 257 792 reversus
282 754 521 791 Parthorum
549 754 698 805 legatos
727 766 795 790 au-

75 812 162 850 diit.
183 812 232 850 cf.
255 812 400 864 Georg.
418 814 469 858 11,
492 813 676 860 170;1V,
699 813 794 849 1361.

73 872 115 910 Si
135 883 231 908 vero
260 869 344 906 haec
375 883 465 920 quae
492 878 718 919 sequuntur
738 883 794 907 vs.

79 929 177 976 726,
211 941 307 976 727,
345 928 425 975 728
459 927 507 964 ad
543 927 795 977 triumphum

75 986 190 1024 illum
211 995 316 1024 recte
339 986 589 1031 referuntur,
618 984 797 1034 Euphra-

76 1053 133 1082 tes
153 1053 193 1081 et
212 1046 365 1082 Araxes
383 1057 474 1081 cum
495 1043 617 1081 Dahis
637 1044 796 1093 poetico

75 1115 187 1140 more
198 1103 371 1154 populos
384 1103 560 1142 Orientis
573 1101 796 1151 designant,

75 1161 146 1211 qui
187 1162 414 1199 Antonium
454 1162 613 1210 sequuti
655 1168 767 1196 erant
786 1173 797 1206 ;

74 1219 228 1256 Morini
255 1227 385 1256 autem
414 1227 452 1254 et
473 1218 636 1256 Rhenus
661 1217 798 1253 trinin-

74 1274 200 1326 phum
219 1278 337 1327 primi
357 1276 434 1312 diei
454 1276 721 1312 Dalmaticum
741 1287 797 1311 re-

75 1334 271 1384 spiciunt,
292 1347 373 1384 quo
393 1335 509 1370 etiam
535 1333 583 1369 de
604 1333 796 1378 Morinis,

75 1400 265 1428 extrema:
291 1404 372 1428 orae
393 1391 532 1427 Galliae
561 1391 726 1441 Belgicae
747 1391 796 1427 ad

75 1448 222 1486 fretum
241 1450 516 1486 Britannicum
532 1449 686 1499 populo
707 1446 798 1498 (un-

75 1505 124 1543 de
140 1506 315 1543 extremi
331 1505 538 1542 hominum
561 1505 728 1550 Morini,
752 1514 797 1542 ut

74 1563 208 1600 ultimi
234 1563 448 1608 Britanni,
477 1563 623 1599 ultima
647 1564 796 1612 Hespe-

71 1620 156 1666 ria,
191 1621 300 1671 apud
332 1619 584 1672 Horatium),
619 1629 659 1657 et
692 1634 795 1658 non-

71 1678 195 1716 nullis
223 1678 362 1716 Galliae
393 1679 695 1729 Germaniaeque
724 1691 795 1729 po-

72 1736 179 1787 pulis
198 1736 428 1775 rebellionis
450 1739 586 1783 sociis,
610 1737 795 1787 inprimis

72 1795 213 1833 Suevis
231 1795 416 1833 Rhenum
438 1797 697 1847 transgressis,
716 1804 754 1831 et
773 1807 794 1831 a

76 1851 120 1890 C.
143 1853 325 1890 Carinate
345 1855 552 1902 repressis,
575 1853 793 1902 triumpha-

75 1917 161 1946 tum
179 1909 275 1956 fuit;
298 1923 334 1947 v.
356 1911 434 1947 Dio
451 1912 499 1947 LI
513 1938 523 1956 ,
544 1923 565 1947 ’.ι
578 1923 612 1946 1.
631 1909 796 1947 Rhenus

74 1966 264 2011 bicornis,
289 1967 450 2004 Vahalis
474 1977 512 2004 et
542 1967 730 2013 Rhenus,
752 1976 795 2003 ut

75 2034 160 2063 tum
191 2025 351 2076 quidem
382 2039 524 2063 cursus
554 2033 653 2071 erat,
685 2033 794 2061 ante-

75 2097 193 2133 quam
236 2085 391 2121 Drusus
426 2084 586 2120 tertium
625 2084 792 2129 ostium,

75 2142 239 2179 Flevum
252 2170 263 2187 ,
283 2142 383 2178 fossa
401 2142 518 2178 ducta
537 2140 724 2178 efiiceret.
737 2163 794 2168 —

77 2201 173 2247 728.
197 2199 305 2236 Daci
325 2199 475 2236 editum
502 2199 597 2236 olim
618 2207 655 2234 et
674 2200 796 2248 scrip-

75 2266 159 2295 tum
189 2259 352 2308 passim,
385 2258 445 2293 vel
482 2259 621 2293 Dacze.
656 2257 761 2293 Male
784 2270 792 2295 :

75 2316 148 2354 Ge.
177 2317 259 2361 111,
293 2323 370 2365 [497
410 2317 466 2351 Et
494 2314 701 2366 conjurato
732 2315 795 2351 de-

73 2373 268 2411 scendens
288 2375 417 2410 Dacus
433 2372 483 2408 ab
507 2375 623 2409 Istro.
636 2394 694 2399 —
709 2375 793 2408 Da-

74 2430 158 2476 hae,
180 2431 375 2469 Nomades
392 2430 438 2467 ad
457 2430 646 2467 orientale
664 2431 795 2481 Caspii

75 2491 191 2526 maris
220 2489 315 2526 litus
349 2502 485 2526 versus
514 2492 649 2525 Oxum
686 2502 793 2525 inco-

74 2546 199 2584 lentes
229 2547 331 2584 ultra
368 2549 590 2598 Hyrcanos.
627 2549 793 2583 Pontem

77 2603 311 2656 indignatus
346 2607 533 2647 Ara.z·‹·s;
573 2602 673 2641 nihil
715 2617 793 2640 am·

77 2660 181 2711 plius
203 2675 346 2714 quam,
370 2671 414 2700 ut
437 2663 587 2699 flumen
612 2662 793 2712 rapidum

79 2716 252 2769 adeoque
267 2722 400 2771 pontis
412 2721 619 2771 impatiens
631 2719 792 2766 diceret,

79 2787 204 2826 eoque
225 2777 312 2828 ipso
346 2778 538 2816 feritatem
567 2778 792 2816 accolarum

863 696 1132 734 Armenorum
1173 695 1399 735 declararet.
1428 699 1585 735 Sumse·

864 762 959 789 runt
991 753 1085 791 hinc
1113 755 1284 801 Statius,
1320 755 1584 801 Claudianus,

863 810 1051 849 Sidonius
1064 841 1074 858 ,
1097 825 1198 863 quos
1216 813 1321 863 apud
1342 813 1508 852 Cerdam
1527 816 1584 851 vi-

864 867 957 920 dere
978 870 1084 908 licet.

926 941 1022 977 729.
1055 928 1196 965 Malim
1229 928 1413 978 clypeum
1427 958 1438 973 ‚
1474 929 1585 966 dona

857 985 1067 1034 parentis,
1108 987 1243 1023 matris
1272 988 1463 1035 Veneris,
1496 988 1588 1035 jun-

864 1055 974 1094 gere,
1001 1057 1119 1094 quam
1140 1043 1243 1081 talia
1263 1044 1373 1081 dona
1386 1045 1585 1096 parentis.

863 1122 921 1129 —
936 1116 953 1149 7
966 1103 986 1138 3
999 1115 1011 1138 1
1023 1131 1032 1140 .
1053 1102 1239 1139 ilumeris
1256 1102 1436 1142 Parrhas.
1456 1104 1588 1140 Flam-

864 1172 1052 1210 mamque
1099 1160 1246 1198 Medic.
1296 1163 1424 1198 Facta
1472 1161 1589 1199 multi

863 1218 1001 1254 Heius.
1021 1220 1199 1267 Utraque
1214 1219 1334 1256 lectio
1353 1219 1461 1268 apud
1477 1221 1586 1257 Serv,

863 1295 923 1304 —-·
938 1277 1210 1325 Famamque,
1230 1274 1355 1324 κλέος,
1371 1276 1587 1314 illustrium

866 1333 1064 1370 factorum
1094 1333 1341 1384 sculpturam
1373 1335 1413 1370 in
1443 1334 1585 1386 clipeo.

864 1390 930 1428 Ad
951 1390 1058 1428 hunc
1075 1391 1261 1428 ultimum
1286 1405 1445 1429 versum
1465 1392 1588 1430 offen—

864 1448 1012 1485 derunt
1029 1451 1171 1498 passim
1191 1450 1268 1486 viri
1283 1449 1393 1488 docti
1411 1461 1421 1488 :
1439 1449 1588 1500 quibus

863 1507 1018 1557 praeivit
1035 1509 1214 1553 Servius,
1235 1521 1305 1544 seu
1323 1508 1503 1558 quisquis
1520 1507 1587 1545 ille

864 1565 962 1609 fuit,
984 1577 1104 1613 quem
1142 1564 1285 1601 lacinia
1319 1567 1463 1616 pannis
1503 1567 1587 1603 Ser-

865 1622 993 1659 vianis
1018 1630 1164 1658 attexta
1188 1632 1396 1660 auctorem
1417 1623 1585 1662 habuit:

865 1681 984 1716 Hunc
1020 1692 1206 1725 versum,
1247 1681 1377 1731 inquit
1395 1709 1406 1727 ‚
1440 1691 1585 1719 notant

868 1736 1025 1782 critici,
1050 1737 1169 1787 quasi
1187 1739 1383 1791 superfluo
1407 1748 1448 1776 et
1467 1739 1585 1777 inuti-

861 1795 954 1832 liter
970 1794 1150 1831 additam
1163 1824 1175 1840 ,
1200 1809 1273 1832 nec
1286 1797 1581 1834 convenientem

859 1851 1055 1904 gravitati
1077 1852 1161 1902 ejus
1181 1866 1194 1888 .·
1217 1867 1395 1904 namque
1418 1864 1478 1891 est
1500 1868 1583 1892 ma-

859 1910 922 1961 gis
949 1909 1180 1948 neotericus.
1222 1911 1479 1958 Addisonus,
1513 1916 1582 1963 qui

862 1967 1041 2018 pulchrae
1057 1968 1321 2018 simplicitatis
1341 1983 1499 2007 sensum
1519 1971 1584 2008 ha·

863 2025 981 2062 bebat
995 2026 1285 2074 mollissimum,
1297 2027 1406 2064 huuc
1423 2042 1582 2066 versum
1597 2063 1602 2069 ,

862 2097 944 2120 esse
968 2083 1114 2130 aiebat,
1139 2085 1183 2121 in
1203 2099 1285 2135 quo
1306 2086 1502 2138 Virgilius
1522 2087 1581 2124 lu·

861 2142 954 2178 sisse
995 2142 1212 2180 videretur.
1258 2145 1357 2181 Jure
1399 2152 1580 2182 notatum

863 2212 1043 2245 versum,
1064 2208 1109 2236 ut
1133 2213 1152 2236 a
1173 2202 1364 2251 gravitate
1384 2201 1554 2239 alienum
1570 2232 1580 2249 ,

861 2265 897 2294 et
919 2257 997 2294 fere
1014 2257 1202 2307 frigidum
1229 2260 1463 2308 pronuntiat
1478 2262 1579 2298 Dor-

861 2315 1009 2354 villius.
1022 2315 1211 2352 Defendit
1228 2317 1411 2354 eumdem
1423 2331 1579 2356 versum

861 2373 1065 2414 Hurdius,
1087 2375 1147 2409 vir
1167 2375 1395 2425 ingeniosus
1418 2385 1457 2413 et
1483 2375 1579 2414 doc-

863 2439 946 2476 tus,
969 2432 1011 2468 in
1035 2432 1304 2471 commentar.
1334 2434 1476 2472 Horat.
1495 2436 1575 2472 vol.

863 2490 880 2525 1
920 2488 967 2525 ad
1006 2503 1042 2526 v.
1077 2503 1146 2539 97,
1180 2490 1249 2528 nbi
1283 2490 1577 2543 ambiguitatem

861 2555 1065 2583 sentcntiae
1087 2548 1204 2585 etiam
1226 2550 1267 2586 in
1287 2551 1483 2588 severiore
1501 2563 1578 2588 car-

862 2605 966 2641 mine
988 2612 1135 2653 tuetur‚
1158 2615 1197 2643 et
1218 2607 1326 2644 hunc
1354 2607 1487 2645 locum
1513 2622 1576 2645 co-

860 2663 969 2712 piose
989 2662 1149 2713 quidem
1177 2672 1217 2701 et
1239 2666 1330 2702 satis
1350 2675 1487 2718 argute
1501 2695 1511 2713 ‚
1534 2676 1577 2702 ut

861 2719 981 2767 solet,
1009 2721 1061 2758 ita
1079 2730 1218 2760 tractat
1230 2751 1240 2770 ,
1260 2731 1304 2760 ut
1322 2723 1370 2760 ad
1388 2725 1575 2760 ancilium

861 2777 1092 2830 religionem
1113 2789 1152 2817 et
1180 2782 1424 2819 sanctitatem
1454 2780 1577 2818 alludi
