1767 3054
6 2777 24 2805 f

660 146 811 184 LIBER
845 144 935 183 VII.

1469 157 1548 196 ²¹9

58 224 278 268 Extremo
302 217 492 264 veniens
516 216 596 263 Sol
622 215 913 279 adspiciebat
937 216 1158 279 Olympo.

56 295 130 340 Ab
153 298 271 341 Jove
289 291 574 355 principium
594 291 801 354 generis3
825 295 944 338 Jove
961 291 1183 337 Dardana
1204 290 1355 354 pubes

56 369 241 417 Gaudet
263 382 352 413 avo
373 383 383 411 :
409 383 494 412 rex
518 366 619 429 ipse
640 366 771 413 Jovis
794 365 853 411 de
877 377 1014 428 gente
1039 381 1282 428 suprema,
1490 386 1549 406 220

53 444 223 491 Troius
248 445 417 489 AEneas
438 452 519 487 tua
543 457 628 488 nos
653 441 713 487 ad
737 441 896 486 limina
918 440 1057 487 misit.

54 522 241 577 Quanta
262 531 347 580 per
365 517 517 563 Idaeos
536 517 671 564 saevis
691 516 841 563 effusa
859 516 1077 578 Mycenis

50 597 322 656 Tempestas
342 593 450 639 ierit
474 608 692 655 campos;
713 591 887 654 quibus
912 603 1042 638 actus
1069 602 1268 654 uterque

50 672 254 732 Europae
275 680 416 731 atque
437 669 560 715 Asiae
582 669 688 714 fatis
708 667 1002 714 concurrerit
1026 667 1178 724 orbis,

50 745 236 803 Audiit,
261 755 308 791 et
329 745 367 791 si
386 761 527 806 quem
552 744 686 789 tellus
705 755 915 790 extrema
933 743 1093 789 refuso
1491 750 1549 780 22⁵

52 818 314 865 Submovet
335 821 549 875 Oceano,
575 830 621 863 et
643 818 680 863 si
702 834 842 879 quem
865 827 1054 863 extenta
1077 817 1322 879 plagarum

53 897 271 951 Quatuor
294 893 342 937 in
365 893 521 938 medio
543 892 722 938 dirimit
741 893 878 954 plaga
900 891 1010 938 solis
1034 891 1200 952 iniqui.

50 967 243 1014 Diluvio
265 983 322 1013 ex
343 967 422 1012 illo
444 976 513 1012 tot
530 976 661 1013 vasta
682 982 768 1028 per
790 980 983 1027 aequora
1006 966 1154 1021 vecti,

48 1042 132 1088 Dis
156 1042 314 1088 sedem
336 1042 554 1104 exiguam
578 1041 766 1103 patriis,
785 1041 991 1102 litusque
1012 1055 1233 1101 rogamus

50 1119 337 1173 Innocuum,
363 1126 409 1162 et
429 1116 610 1162 cunctis
634 1115 904 1175 undamque
929 1129 1187 1175 auramque
1207 1122 1459 1175 patentem.
1486 1120 1545 1150 230

50 1194 159 1236 Non
179 1191 353 1237 erimus
378 1207 524 1253 regno
544 1191 790 1236 indecores
803 1208 817 1248 ;
837 1206 924 1236 nec
941 1200 1100 1236 vestra
1124 1189 1304 1234 feretur·

52 1267 194 1310 Fama
217 1265 354 1322 levis,
378 1265 556 1311 tantive
576 1264 813 1311 abolescet
835 1264 985 1325 gratia
1003 1263 1138 1321 sacti;

50 1472 223 1510 multum
257 1472 457 1525 dignitatis
476 1477 579 1512 inest
597 1484 636 1513 et
658 1489 764 1528 mag-

49 1528 167 1568 nifica
203 1533 329 1568 oratio
345 1559 355 1577 ‚
383 1533 564 1582 inprimis
597 1547 636 1571 v.
683 1547 762 1572 222

48 1599 155 1638 seqq.
170 1615 180 1633 ,
201 1590 373 1636 Trojano
393 1589 498 1627 bello
514 1603 585 1640 per
605 1599 766 1642 tempes—

50 1652 167 1681 tatem
201 1644 457 1694 adumbrato;
483 1647 589 1685 unde
615 1663 654 1686 v.
683 1651 762 1686 228

47 1701 234 1740 diluvium
249 1716 324 1753 pro
343 1705 500 1743 excidio
516 1714 555 1742 et
573 1705 764 1745 vastitate.

49 1761 112 1796 De
139 1769 262 1810 gente
304 1774 501 1811 suprema.
537 1764 764 1801 Ennianum

47 1815 231 1853 laudatur
265 1831 316 1855 ex
353 1821 498 1857 Annal.
526 1822 564 1855 V
599 1820 764 1858 nomine

51 1872 245 1917 Pur-rhus,
270 1875 328 1910 uti
350 1885 596 1918 memorant,
617 1877 667 1912 de
678 1878 763 1913 scir-

43 1942 98 1978 pe
120 1943 300 1979 supremo
316 1958 327 1976 ,
349 1931 398 1968 de
414 1933 540 1982 prima
559 1933 711 1980 origine
730 1943 769 1970 et

51 1987 181 2036 stirpis
197 1995 340 2024 exortu
364 2002 385 2025 a
401 1990 426 2026 J
429 2001 516 2026 ove.
538 1987 682 2037 Quibus
691 1989 764 2040 fa-

51 2043 100 2079 tis
122 2056 196 2093 pro
214 2056 396 2081 successu
417 2058 550 2081 rerum
568 2053 605 2081 et
621 2054 768 2083 eventu

52 2099 181 2147 fatali;
202 2109 241 2136 et
268 2101 350 2138 acci
372 2102 411 2139 h.
442 2101 469 2139 l.
501 2110 582 2146 est,
611 2105 766 2149 vexati,

53 2157 338 2195 calamitatibus
378 2159 527 2196 afflicti.
565 2181 623 2188 —-
659 2162 740 2197 225
756 2189 766 2205 ,

54 2215 135 2251 226
149 2244 159 2258 ,
187 2227 282 2262 227.
299 2217 450 2253 Ornate
464 2244 474 2261 ‚
492 2230 566 2266 pro
583 2217 768 2255 omnibus

50 2271 246 2324 gentibus.
269 2293 327 2301 ·—
357 2275 451 2311 226.
479 2276 641 2311 Hiatum
678 2288 770 2311 con-

50 2331 167 2366 stitue
180 2338 270 2379 post
284 2332 447 2367 Oceano
460 2346 472 2374 ;
487 2332 621 2367 nonin
638 2346 768 2381 quem.

51 2389 228 2424 Eaeemca
236 2389 392 2440 Menag.
403 2403 462 2439 pr.
472 2398 654 2426 extrema
666 2392 768 2427 Ven.

52 2464 107 2472 -—
120 2444 165 2480 Si
177 2458 294 2494 quem
316 2446 330 2495 (
344 2445 649 2497 quemcunque)
665 2460 768 2484 sum-

53 2511 242 2539 movet—
254 2502 428 2548 dirimit,
450 2503 579 2553 simpl.
598 2504 645 2541 de
665 2504 772 2542 habi-

53 2559 200 2597 tatione
219 2561 263 2597 in
284 2559 373 2598 loco
395 2561 617 2612 longinquo
645 2570 683 2599 ct
710 2575 770 2599 re-

55 2624 164 2654 moto
182 2631 192 2663 ;
215 2625 273 2665 et,
293 2620 453 2668 poetico
471 2632 582 2655 more
597 2647 606 2665 ‚
623 2620 771 2670 signate

55 2680 246 2711 extremas
266 2683 459 2713 terrarum
475 2689 563 2713 oras
581 2677 631 2713 ad
650 2681 773 2715 Ocea-

55 2741 152 2766 num
174 2739 213 2768 et
238 2732 341 2770 ultra
367 2734 504 2784 Libyae
533 2733 683 2771 deserta
703 2747 773 2772 no-

56 2787 190 2826 minat.
222 2788 408 2840 Besinum
442 2793 646 2829 Oceanum
665 2820 676 2838 ‚
704 2793 773 2843 qui

833 1474 880 1512 de
901 1482 998 1512 aestu
1019 1482 1058 1512 et
1084 1484 1238 1511 recessu
1259 1472 1378 1510 maris
1392 1473 1552 1522 proprie

832 1532 980 1569 dicitur
993 1562 1003 1579 ‚
1027 1533 1194 1582 accipies
1227 1530 1460 1581 simpliciter
1479 1529 1554 1565 dis-

832 1590 963 1627 fusum
1004 1590 1080 1626 late
1119 1597 1157 1625 et
1193 1596 1415 1625 extentum.
1452 1589 1553 1624 Sum

833 1649 938 1685 enim
955 1647 1071 1684 tellus
1087 1655 1270 1683 extrema
1282 1645 1413 1697 reficso
1432 1645 1555 1680 Ocea-

835 1718 910 1749 n0‚
938 1703 1038 1741 fines
1070 1713 1283 1748 terrarum,
1303 1715 1405 1752 quos
1433 1700 1557 1736 ambit

833 1766 1014 1801 Oceanus
1028 1790 1038 1808 ‚
1052 1763 1123 1811 qui
1132 1761 1249 1798 etiam
1260 1762 1424 1797 Homer.
1439 1753 1555 1809 ἀψόῤ-

834 1818 915 1871 {aaa}
932 1810 1101 1860 ἡκεανὸς
1119 1817 1232 1855 Iliad.
1252 1830 1274 1854 σ
1287 1845 1297 1862 ,
1321 1817 1402 1864 399
1421 1823 1459 1851 et
1481 1815 1527 1850 al.
1542 1842 1553 1858 ‚
1587 1813 1596 1851 l

830 1885 1024 1924 quatenus
1058 1876 1182 1911 amnis
1215 1876 1337 1910 instar
1364 1881 1558 1908 terrarum

836 1932 973 1968 orbem
988 1930 1174 1968 includit.
1186 1932 1308 1968 Recte
1324 1929 1409 1965 haec
1423 1939 1558 1977 accep—

836 1997 874 2024 ta
904 1986 1056 2025 videbis
1084 2000 1104 2023 a
1136 1987 1274 2025 cerda.
1305 1987 1440 2036 Plaga
1463 1984 1558 2021 solis

836 2044 987 2095 iniqui,
1008 2057 1106 2081 zona
1123 2044 1271 2081 torrida
1283 2071 1293 2089 ‚
1313 2043 1431 2079 nimis
1450 2054 1557 2091 mag-

835 2115 889 2139 no
903 2129 914 2147 ‚
938 2101 1081 2138 infesto
1100 2101 1193 2138 solis
1216 2109 1314 2138 aestu
1327 2127 1338 2146 ‚
1363 2108 1553 2144 extenta,

836 2168 994 2210 patens,
1020 2167 1184 2209 propter
1219 2170 1450 2209 camporum
1474 2169 1558 2193 are-

838 2229 918 2263 nas,
933 2215 975 2252 in
994 2215 1124 2252 medio
1144 2226 1316 2266 quatuor
1324 2216 1554 2265 plagarum.

898 2274 995 2320 228,
1010 2285 1108 2324 229,
1121 2276 1201 2311 230
1215 2275 1457 2324 sqq.Magna
1473 2285 1557 2308 sua-

838 2332 935 2368 vitas
953 2332 996 2368 in
1019 2332 1298 2369 extenuatione
1331 2331 1428 2378 ejus,
1443 2330 1553 2379 quod

838 2396 1001 2438 petunt,
1029 2388 1103 2426 Dis
1127 2389 1261 2426 sedem
1291 2387 1482 2439 exiguam
1499 2409 1557 2415 -—

830 2455 1040 2495 patentem
1053 2445 1139 2497 (pia
1158 2456 1198 2484 et
1213 2444 1447 2484 verecunda
1458 2445 1560 2495 peci-

839 2503 904 2549 ιίο,
919 2503 1020 2542 bene
1032 2506 1085 2542 ait
1096 2502 1223 2554 Serv.)
1235 2513 1321 2541 tum
1330 2504 1372 2540 in
1381 2503 1443 2539 sui
1455 2515 1558 2540 com-

840 2561 1089 2600 mendatione
1104 2561 1280 2599 modesta
1293 2573 1336 2598 ac
1348 2560 1471 2612 gravi.
1487 2560 1559 2596 Dis

833 2618 978 2668 patriis
987 2634 1002 2663 ,·
1015 2633 1033 2657 a
1045 2620 1235 2671 religione
1248 2619 1453 2657 Penatium
1465 2629 1559 2667 prae—

841 2676 942 2714 clare
962 2676 1055 2714 facit
1080 2678 1241 2714 initium
1265 2675 1315 2714 ad
1341 2673 1559 2713 movendos

842 2735 1004 2773 animos.
1042 2737 1206 2773 Feretur
1229 2747 1304 2784 pro
1328 2733 1438 2770 tenui
1468 2742 1558 2767 voc.

842 2791 988 2830 erit.-—-
1001 2805 1023 2831 2
1032 2793 1097 2831 32.
1113 2791 1310 2842 Tantique
1323 2803 1411 2842 pars
1423 2788 1556 2835 script,
