1767 3054
180 147 255 172 112

802 132 1045 170 AENEIDOS

174 202 509 264 Lustravitque
528 202 681 259 viros,
707 200 920 263 dixitque
944 200 1199 247 novissima
1219 202 1379 249 verba.

177 283 239 324 At
264 277 368 340 pius
392 279 561 323 AEneas
587 277 765 338 ingenti
787 276 908 320 mole
932 276 1202 337 sepulcrum

180 353 395 416 Inponit,
415 369 593 414 suaque
617 367 747 397 arma
769 351 895 409 viro,
921 366 1221 413 remumque,
1243 350 1523 414 tubamque,

181 432 346 474 Monte
370 427 458 473 sul)
484 428 636 483 aerio,
660 424 743 486 qui
767 440 892 469 nunc
916 425 1123 471 Misenus
1145 424 1203 470 ab
1225 425 1306 470 illo

179 505 386 560 Dicitur,
409 512 732 562 aeternumque
758 509 886 545 tenet
913 516 998 561 per
1021 502 1191 546 saecula
1207 516 1394 546 nomen.

1615 511 1674 542 235

246 578 331 624 His
353 577 489 632 actis,
515 591 720 637 propere
744 575 1018 636 exsequitur
1039 585 1276 636 praecepta
1301 575 1507 637 Sibyllae.

184 651 417 713 Spelunca
438 651 531 696 alta
556 650 667 707 fuit,
688 660 918 712 vastoque
938 650 1139 696 inmanis
1159 650 1318 708 hiatu,

185 730 419 789 Scrupca,
443 737 544 771 tuta
563 725 670 770 lacu
695 725 833 787 nigro
859 741 1203 787 nemorumque
1223 725 1454 785 tenebris3

185 804 341 857 Quam
364 816 508 861 supcr
532 799 662 845 haud
685 800 790 846 ullae
815 811 1036 863 poterant
1059 802 1236 862 inpune
1258 800 1468 847 volantes

182 873 398 919 Tendere
425 874 514 919 iter
535 874 699 936 pennis
721 894 730 920 ε
758 876 860 921 talis
881 891 980 921 sese
1001 875 1177 920 halitus
1206 875 1320 921 atris

180 1098 324 1147 Georg.
356 1097 395 1132 II
409 1123 419 1142 ,
449 1097 544 1140 314.
558 1117 616 1124 —
633 1098 729 1134 231.
758 1099 803 1134 L.
828 1096 895 1133 do-

182 1165 266 1190 mos
278 1156 394 1191 Rom.
410 1166 502 1190 cum
520 1167 580 1203 pr.
592 1156 709 1191 Voss.
732 1161 770 1190 et
787 1162 896 1190 utro-

180 1224 256 1261 que
273 1211 493 1261 Hamburg.
513 1213 561 1247 In
574 1211 773 1249 Montalb.
786 1211 899 1248 viros

181 1271 225 1305 in
241 1269 374 1305 litura.
395 1270 450 1306 At
468 1270 624 1319 Mcnag.
653 1283 714 1319 pr.
742 1271 900 1306 Lusera-

185 1326 314 1376 vitque
354 1326 515 1371 choros,
564 1326 674 1377 quod
725 1327 902 1377 impense

186 1383 367 1433 placebat
384 1385 550 1421 Heinsio
565 1413 575 1430 ,
597 1386 835 1434 copioseque
853 1384 903 1421 ab

186 1443 274 1491 ipso
291 1441 531 1478 illustratum
544 1451 613 1479 est.
627 1443 731 1479 Mihi
743 1441 904 1492 quidem

188 1506 331 1548 poeta,
350 1499 383 1535 si
415 1500 470 1535 ita
500 1499 686 1544 dixisset,
714 1500 904 1537 affectatae

190 1563 229 1591 et
256 1554 407 1604 putidae
433 1554 634 1605 elegantiae
665 1559 816 1594 crimen
837 1558 906 1594 vix

190 1612 364 1662 effugere
380 1626 494 1662 posse
519 1614 732 1653 videretur.
760 1614 909 1652 Chorus

191 1671 318 1719 poetis
342 1683 426 1707 non
449 1683 523 1721 pro
559 1685 798 1722 quacunque
825 1681 909 1708 tur-

190 1727 242 1762 ba
257 1726 468 1763 hominum
484 1730 582 1776 poni
600 1737 730 1777 potest
742 1756 752 1773 ‚
777 1728 845 1764 sed
862 1730 909 1763 iis

191 1791 349 1819 tantum
363 1783 463 1820 locis
476 1812 486 1829 ,
504 1785 577 1821 ubi
599 1784 647 1820 ad
666 1784 777 1821 chori
796 1792 910 1820 natu-

193 1852 298 1884 ram,
320 1839 514 1885 ordinem,
540 1842 604 1877 vel
622 1843 742 1876 ritum
761 1852 912 1890 respec-

196 1905 259 1932 tus
278 1895 418 1945 aliquis
437 1898 585 1934 subest.
607 1899 655 1933 In
675 1896 912 1934 lustratione

196 1953 297 1990 nihil
316 1954 389 1990 tale
408 1956 583 1993 memini.
607 1954 736 1991 Aliter
760 1967 843 1991 rem
873 1967 912 1990 se

196 2011 342 2049 habere
373 2012 596 2049 videbimus
623 2012 726 2059 VII,
749 2013 913 2061 391.-—-

201 2069 426 2106 Novissima
444 2070 590 2116 verba,
611 2077 706 2106 nota
727 2082 789 2106 res
810 2081 820 2107 :
839 2072 914 2107 Va-

198 2128 235 2164 le
249 2154 259 2173 ,
278 2128 379 2164 Ave.

260 2183 502 2221 232—235.
532 2182 707 2233 Imponic
719 2197 793 2234 pro
809 2212 818 2230 ,
838 2197 911 2234 po·

199 2242 281 2287 nit,
303 2243 395 2278 facit
421 2243 464 2278 in
482 2240 552 2277 illo
577 2241 690 2287 loco,
712 2242 913 2278 tumulum

199 2307 301 2335 terra
324 2307 473 2349 aggesta
485 2326 494 2344 ‚
513 2294 657 2350 τύμὲον
675 2296 857 2348 χεύαντες
876 2309 915 2337 et

198 2356 305 2408 σῆμοι
327 2369 354 2404 χ
359 2353 528 2398 aum-1733,
547 2356 654 2405 apud
671 2359 890 2394 Homerum
902 2385 913 2404 ‚

200 2413 361 2450 heroico
379 2425 488 2449 more
506 2412 629 2459 forte3
649 2410 749 2466 ἀμφὶ
766 2413 888 2467 πυρὴν
902 2443 913 2462 ,

199 2472 240 2506 in
266 2471 380 2515 loco,
415 2483 497 2519 quo
527 2483 647 2520 rogus
682 2480 848 2519 arserat,
870 2481 917 2510 ut

199 2526 357 2564 videtur
376 2540 436 2564 res
455 2527 562 2579 apud
590 2530 811 2566 Homerum
831 2531 916 2567 ani-

199 2597 267 2621 mo
296 2585 611 2634 repraesentanda
624 2614 634 2632 ,
663 2601 701 2624 v,
737 2600 770 2625 e.
800 2587 914 2627 Iliad.

202 2638 250 2691 ψ,
275 2642 382 2688 255,
406 2643 511 2688 256;
536 2656 558 2682 τ,
574 2671 584 2688 ,
605 2645 701 2688 434.
720 2646 824 2681 Tum
844 2644 916 2681 im-

195 2698 318 2749 ponit
337 2699 430 2736 huic
461 2701 666 2749 sepulcro,
692 2700 734 2737 h.
779 2715 811 2738 e.
853 2710 916 2738 tu-

204 2757 314 2795 mulo
327 2786 337 2805 ,
378 2770 450 2794 sua
487 2770 620 2803 arma,
659 2770 911 2809 remumque,

963 1096 1199 1145 tubamque,
1223 1095 1394 1132 sollenni
1414 1108 1524 1133 more
1544 1108 1564 1132 a
1584 1097 1685 1133 mul—

965 1155 1013 1191 tis
1050 1154 1247 1190 illustrato
1261 1182 1271 1199 ,
1309 1154 1427 1190 etiam
1466 1164 1517 1191 ex
1550 1154 1682 1204 sepul-

967 1212 1056 1249 cris.
1097 1210 1146 1248 cf.
1186 1210 1358 1248 Fabrett.
1398 1210 1448 1247 ad
1496 1210 1682 1249 Column.

967 1270 1073 1316 Traj.
1087 1281 1176 1319 pag,
1197 1269 1293 1316 374.
1308 1270 1445 1318 Quum
1457 1276 1589 1305 autem
1599 1268 1685 1306 haec

970 1340 1076 1364 arma
1111 1335 1150 1363 et
1173 1327 1437 1364 instrumenta
1475 1335 1588 1363 terrae
1624 1327 1685 1363 in-

969 1383 1052 1421 fixa
1091 1385 1189 1420 aeris
1241 1392 1279 1421 et
1320 1385 1508 1434 temporis
1540 1385 1687 1432 injuria

969 1455 1063 1479 mox
1085 1450 1271 1492 corrupta
1289 1441 1520 1488 interirent,
1540 1443 1687 1479 mirum

971 1512 1056 1537 non
1072 1508 1142 1545 est,
1163 1499 1332 1536 alterum
1350 1499 1472 1535 ritum
1490 1511 1587 1536 mox
1606 1512 1687 1536 esse

972 1557 1203 1607 praelatum,
1227 1565 1272 1593 nt
1301 1569 1345 1593 ea
1374 1557 1527 1606 inipso
1561 1556 1694 1606 sepul-

977 1627 1045 1652 cro
1069 1614 1338 1651 conderentur
1352 1642 1363 1661 ,
1381 1612 1537 1651 tumulo
1562 1621 1692 1650 autem

976 1673 1278 1722 imponerentur
1300 1684 1321 1705 e
1339 1683 1437 1706 saxo
1457 1683 1692 1708 monumen-

977 1735 1016 1762 ta
1031 1753 1042 1771 ‚
1061 1727 1259 1762 columnae
1293 1733 1332 1761 et
1365 1726 1488 1776 signa.
1519 1723 1664 1768 Στήλην
1679 1757 1690 1773 ,

978 1784 1142 1832 cippum
1164 1783 1395 1831 impositum
1416 1783 1594 1820 videmus
1611 1785 1692 1831 jam

977 1841 1021 1876 in
1040 1838 1184 1890 odyss,
1210 1853 1239 1890 μ
1252 1866 1263 1884 ‚
1287 1847 1337 1883 14
1350 1866 1361 1885 ‚
1386 1840 1436 1877 15
1461 1840 1617 1879 tumulo
1634 1842 1695 1879 El-

978 1898 1157 1946 penoris,
1186 1904 1226 1932 et
1255 1909 1412 1934 summo
1447 1898 1603 1936 tumulo
1635 1900 1695 1936 in-

978 1953 1109 1991 fixum
1128 1966 1307 1993 remum:
1333 1967 1423 2005 quae
1444 1964 1534 1992 ante
1557 1956 1696 1994 oculos

982 2012 1089 2049 fuere
1112 2013 1287 2051 Maroni.
1314 2014 1377 2050 Ex
1403 2013 1572 2050 Marone
1589 2026 1697 2051 sum-

981 2071 1032 2106 sit
1051 2080 1061 2106 :
1095 2069 1298 2121 Iliacoque
1323 2069 1468 2121 jugum
1504 2083 1697 2108 memora-

981 2125 1059 2163 bile
1080 2139 1212 2172 remo,
1232 2127 1281 2165 de
1298 2129 1455 2165 Miseno
1473 2129 1616 2167 Statius
1636 2129 1696 2165 III

981 2184 1075 2222 Silv.
1101 2185 1125 2221 5
1138 2213 1149 2231 ‚
1165 2185 1233 2235 98.

1040 2243 1121 2279 236
1156 2256 1240 2293 sqq.
1287 2244 1407 2280 Nunc
1454 2241 1504 2279 ad
1541 2227 1726 2278 sacrum*
1760 2239 1767 2279 ἶ

980 2299 1169 2337 Manibus
1194 2299 1419 2337 faciendum
1453 2311 1494 2336 se
1527 2298 1698 2350 accingit
1762 2317 1767 2321 -

981 2369 1033 2394 ex
1051 2366 1249 2408 praecepto
1279 2371 1318 2394 v.
1344 2357 1438 2394 153.
1469 2355 1695 2405 Spelunca,

982 2416 1145 2452 Averno
1174 2415 1383 2451 imminens
1396 2411 1514 2463 (hinc
1531 2422 1617 2449 tuta
1636 2413 1697 2450 Ia-
1753 2408 1767 2456 ζ

983 2470 1055 2522 cu)
1073 2479 1112 2508 et
1144 2471 1220 2508 alia
1250 2482 1367 2520 quam
1397 2482 1486 2519 quae
1517 2482 1637 2520 supra
1656 2484 1694 2508 v.

985 2536 1036 2573 42
1058 2535 1269 2565 memorata
1293 2535 1364 2564 est.
1387 2527 1604 2574 Volanees,
1626 2540 1698 2564 vo-

979 2586 1123 2623 lucres.
1147 2585 1210 2623 Sic
1232 2585 1292 2620 ΙΙΙ
1322 2584 1468 2636 Georg.
1504 2592 1579 2632 147
1603 2585 1698 2622 Plu-

981 2641 1101 2678 rimus
1137 2640 1329 2679 volitans.
1367 2644 1531 2680 Sacrum
1558 2645 1698 2680 AEneas

982 2707 1092 2748 parat
1126 2699 1202 2735 sub
1239 2700 1371 2749 ipsum
1408 2699 1606 2750 speluncae
1635 2700 1697 2735 in-

983 2769 1169 2807 gressum.
1198 2759 1267 2795 Vs.
1294 2757 1374 2807 239
1397 2757 1586 2794 convenit
1604 2768 1695 2792 cum
