1767 3054
586 155 662 192 AD
691 155 895 194 LIBRUM
927 157 1020 193 VII.
1470 160 1492 194 3
1500 159 1552 208 89

62 229 245 266 Juturnoe
265 229 342 268 fuit
359 229 469 266 lacus
484 234 522 264 et
539 225 686 265 fluvius
707 236 745 265 et
763 228 850 266 fons
869 241 878 267 :
898 242 1018 280 quem
1045 240 1094 265 ex
1119 230 1266 266 montis
1286 229 1433 267 Albani
1452 229 1556 266 radi-

61 295 188 343 cibus,
200 304 322 348 utque
336 294 568 347 perhibetur
580 323 591 343 ,
609 308 660 332 ex
679 296 842 333 occultis
853 297 962 333 lacus
974 296 1121 334 Albani
1139 297 1345 343 meatibus,
1359 298 1557 347 prodeun-

61 369 140 399 tem
172 364 215 400 in
245 362 490 401 occidentem
520 362 637 408 ferri,
660 376 756 400 mox
780 363 822 399 iu
851 362 982 399 lacum
1012 362 1119 400 haud
1146 377 1331 415 magnum
1363 363 1553 409 diffundi,

59 428 155 466 inde
180 430 224 466 in
255 429 432 468 Tiberim
459 429 627 475 deferri,
647 431 762 480 eique
780 431 817 466 V
844 429 1027 467 milliario
1057 429 1105 466 ab
1125 431 1253 477 Ostia,
1275 432 1356 467 VII
1379 429 1429 466 ab
1456 429 1556 466 urbe

59 497 208 540 Roma,
229 498 388 534 misceri
414 497 575 534 tradunt
599 497 758 535 Cluver.
787 509 828 547 p.
860 509 940 544 722
958 524 968 542 ‚
992 505 1031 533 et
1058 496 1150 534 inde
1170 498 1342 548 Vulpius
1367 499 1449 535 Lat.
1474 505 1553 534 ant.

60 569 155 600 tom.
176 565 255 610 VI,
274 577 314 614 p.
336 565 432 602 225.
454 566 546 601 Esse
567 565 605 600 ei
626 577 773 601 nornen
795 576 905 600 nunc
926 565 1084 615 Ὶῖνεὲῖίυ
1097 581 1110 608 ,·
1130 566 1261 603 lacum
1291 573 1421 602 tamen
1435 592 1446 612 ,
1468 572 1557 601 aute

58 638 221 667 centum
241 640 280 669 et
298 631 406 682 quod
425 633 604 669 excurrit
631 644 753 668 annos
767 658 778 676 ,
798 630 878 667 fere
896 638 1026 667 totum
1051 635 1247 668 exaruisse
1268 632 1333 669 hic
1352 631 1458 669 idem
1478 640 1553 668 tes-

58 704 164 734 tatur
182 706 277 735 tom.
298 701 335 734 V
349 727 359 744 ,
380 712 420 748 p.
449 699 528 735 218
553 698 662 748 (quo
686 705 819 734 tamen
840 696 930 734 loco
958 699 1144 735 Juturnae
1166 697 1299 735 lacum
1321 711 1413 734 cum
1433 697 1555 735 altero

58 763 129 802 illo
163 764 397 811 confundit,
426 777 544 814 quem
573 773 688 814 poeta
718 763 789 800 lib.
820 765 899 801 XII
917 791 928 809 ,
952 765 1032 811 745
1063 763 1293 815 memorat).
1316 767 1552 809 Iuturnam,

58 826 285 882 Nffmpham
300 861 310 878 ,
335 833 461 869 Turni
479 844 653 868 sororem
666 859 676 877 ‚
697 830 870 881 adeoque
895 833 1028 870 Dauni
1046 831 1169 870 filiam
1191 831 1322 884 (unde
1346 833 1427 869 XII
1440 859 1451 877 ,
1474 832 1554 878 785

58 898 226 935 Daunia
254 897 331 935 dea
360 896 464 948 est),
486 897 609 934 edidit
631 899 747 936 Maro
770 906 927 944 noster3
958 912 1006 935 an
1030 908 1162 937 vetere
1191 900 1448 945 auctoritate,
1473 911 1556 936 non

61 973 238 1012 constat;
262 974 397 1017 argute
420 974 572 1011 tamen,
595 979 664 1002 seu
694 967 909 1012 invenisse,
939 979 1008 1003 seu
1031 980 1238 1018 usurpasse
1264 966 1457 1003 dicendus
1485 974 1555 1003 est.

57 1031 196 1069 Fontis
219 1032 387 1068 enimin
413 1031 552 1068 iisdem
579 1031 678 1069 locis
711 1032 776 1068 siti
801 1044 952 1068 numen
975 1044 1112 1069 curare
1140 1032 1349 1082 populares
1373 1044 1488 1077 suos,
1519 1040 1560 1068 et

58 1099 165 1136 tueri
182 1099 371 1137 adversus
395 1099 564 1136 advenas
594 1107 700 1136 recte
719 1098 846 1136 videri
865 1107 1031 1149 poterat.
1056 1100 1182 1136 Etiam
1203 1099 1279 1137 hoc
1299 1099 1348 1136 ad
1373 1099 1557 1137 locorum

60 1167 181 1202 situm
203 1173 353 1217 spectat
367 1194 377 1213 ,
391 1165 501 1216 quod
520 1168 629 1204 Juno
649 1179 741 1203 cnm
759 1167 785 1204 J
788 1171 934 1203 uturna
951 1174 1085 1202 actura
1104 1168 1147 1203 in
1163 1166 1363 1203 Albanum
1383 1172 1558 1202 montem

60 1230 264 1270 descendit
278 1232 349 1270 lib.
365 1235 447 1271 XII
461 1261 472 1280 ,
500 1247 516 1270 1
528 1234 576 1278 34
593 1261 604 1280 ,
623 1235 680 1270 Ac
695 1236 798 1270 Juno
818 1247 839 1269 e
857 1247 1022 1271 summo.
1041 1235 1174 1271 Fuisse
1192 1236 1378 1271 Juturnae
1397 1233 1558 1269 nomine

61 1297 173 1336 deam
196 1299 295 1336 Latii
321 1298 568 1350 indigenam,
594 1308 632 1336 et
651 1299 810 1350 quidem
840 1300 961 1337 fontis
985 1313 1133 1337 numen
1147 1329 1158 1345 ,
1183 1302 1274 1337 satis
1294 1306 1460 1336 constat.
1482 1299 1558 1334 Ar-

59 1375 218 1417 gutatus
231 1368 339 1404 estin
351 1369 512 1405 nomine
522 1369 602 1415 jam
615 1370 744 1405 Varro
756 1371 798 1406 L.
813 1370 855 1405 L.
871 1369 943 1415 IV,
964 1380 1027 1414 10,
1047 1381 1128 1404 esse
1144 1367 1312 1404 ductum
1328 1379 1347 1402 a
1365 1364 1558 1414 juvando,

60 1436 222 1485 ejusque
242 1435 391 1472 fontem
411 1434 544 1471 haberi
565 1434 881 1471 saluberrimum
916 1432 1121 1478 Adjicium
1140 1432 1213 1469 alia
1234 1440 1455 1470 commenta
1473 1433 1561 1469 Ser·

61 1502 150 1537 vius
169 1500 218 1537 ad
235 1502 338 1546 ΧΠ,
367 1501 444 1548 139
474 1508 512 1536 et
540 1499 618 1536 alii.
636 1501 729 1536 Fuit
752 1506 883 1534 tamen
906 1501 1042 1536 Romae
1061 1510 1221 1548 quoque
1248 1500 1430 1534 Jucurnae
1449 1497 1561 1534 lacus

59 1574 99 1604 et
111 1564 213 1618 fims
233 1579 247 1601 .·
275 1565 365 1603 vide
390 1580 427 1603 v.
452 1579 486 1604 e.
512 1564 630 1605 Ovid.
651 1567 752 1602 Fast.
776 1566 820 1611 I,
842 1564 920 1612 708
942 1577 1049 1614 seqq.
1074 1572 1114 1601 et
1141 1572 1231 1615 post
1251 1564 1348 1601 alios
1365 1562 1560 1612 Vulpium

62 1635 155 1671 Vet.
173 1636 255 1672 Lat.
285 1642 381 1671 tom.
405 1635 447 1678 Ι,
467 1646 507 1684 p.
531 1633 612 1677 346
632 1646 711 1683 sq.;
733 1633 866 1682 itaque
885 1641 924 1669 et
941 1632 1175 1668 Iuturnalia
1194 1633 1352 1669 festum.
1371 1633 1560 1669 Fontium

61 1701 227 1738 omnino
253 1699 472 1752 nympham
496 1699 612 1737 edere
628 1699 800 1736 voluisse
821 1697 948 1735 videri
965 1705 1095 1746 potest
1116 1697 1310 1747 Virgilius
1329 1698 1431 1742 XII,
1459 1699 1536 1746 139
1549 1726 1559 1742 ‚

66 1775 145 1812 140
167 1766 270 1804 Diva
286 1788 336 1797 --
347 1766 502 1818 stagnis
530 1780 620 1817 qnae
631 1765 949 1819 fluminibusque
966 1762 1118 1799 sonoris
1135 1763 1329 1800 Praesidec
1339 1777 1355 1807 ;
1368 1771 1406 1799 et
1424 1776 1460 1800 v.
1480 1772 1555 1808 142

63 1832 275 1883 Nympha,
303 1833 421 1869 decus
436 1831 666 1884 fluviorum.
692 1830 791 1877 Sed,
813 1839 999 1880 tanquam
1028 1836 1167 1879 poeta,
1202 1842 1326 1879 genus
1356 1842 1430 1879 pro
1458 1829 1559 1867 indi-

62 1901 187 1938 viduo
204 1895 379 1950 posuisse
395 1897 520 1934 videri
539 1897 655 1934 debet
667 1925 677 1942 ,
705 1905 743 1934 et
765 1905 995 1934 ornamenta
1013 1895 1209 1944 adjecisse.
1227 1898 1384 1934 Ornans
1401 1910 1561 1948 quoque

62 1969 268 2021 epitheton
294 1965 443 2003 sonoris
455 1979 471 2009 ;
491 1977 565 2002 nec
590 1964 663 2001 alia
682 1965 742 2000 vis
761 1965 885 2000 inesse
913 1963 1098 2014 putanda.
1125 1964 1293 2002 Ornavit
1314 1976 1435 2013 porro
1456 1964 1561 2002 idem

62 2035 232 2073 fabulam
253 2032 301 2069 de
317 2030 492 2084 nympha
518 2043 538 2067 a
555 2033 656 2069 Jove
677 2038 800 2067 amata
819 2029 916 2066 ibid.
943 2037 1020 2074 140
1035 2058 1045 2075 ,
1065 2042 1184 2080 quam
1203 2042 1275 2066 suo
1294 2042 1407 2066 more
1434 2042 1559 2080 expo—

66 2105 144 2141 suit
164 2101 282 2141 Ovid.
304 2102 405 2138 fast.
432 2102 470 2136 II
485 2126 496 2144 ,
520 2098 601 2135 585
628 2111 735 2147 seqq.
756 2097 845 2135 Alia
875 2098 1049 2135 Numicii
1069 2096 1110 2134 fl.
1133 2096 1308 2147 nympha
1332 2096 1407 2134 fuit
1432 2099 1555 2133 Anna

61 2181 248 2220 perenna
262 2195 272 2212 ‚
299 2179 440 2217 parum
468 2163 597 2216 lepide
616 2163 664 2201 de
682 2163 850 2201 Didonis
869 2176 1004 2201 sorore
1022 2165 1276 2214 interpretata
1295 2175 1315 2198 a
1336 2164 1462 2212 poetis
1479 2166 1557 2202 Ro-

65 2238 203 2274 manis.
225 2237 285 2272 De
305 2232 436 2272 Ardea
458 2233 500 2269 in
520 2232 581 2269 his
605 2232 706 2269 locis
724 2233 796 2268 sita
814 2245 851 2269 v.
877 2232 981 2268 dicta
1005 2230 1052 2268 ad
1071 2245 1127 2269 vs.
1153 2238 1201 2274 41
1216 2244 1248 2269 1.

122 2304 188 2342 Ab
208 2303 269 2339 his
292 2301 384 2339 inde
407 2301 505 2339 locis
521 2301 645 2351 surgit
663 2312 823 2350 campus
838 2300 881 2335 in
894 2298 1041 2335 clivum
1054 2326 1065 2345 ,
1085 2300 1154 2348 qui
1171 2297 1220 2334 ad
1240 2305 1414 2335 montem
1434 2298 1556 2337 Alba-

65 2383 164 2409 num
197 2369 331 2414 ducit,
359 2369 400 2405 iu
428 2380 508 2418 quo
529 2368 647 2404 XXX
676 2378 696 2402 a
720 2366 885 2402 Lavinio
913 2365 1025 2401 annis
1056 2363 1214 2402 condita
1234 2372 1291 2401 est
1317 2363 1366 2400 ab
1387 2366 1557 2402 Ascanio

67 2437 174 2475 Alba
195 2439 335 2487 Longa
361 2448 374 2470 .·
402 2446 489 2484 quae
517 2446 577 2469 res
597 2440 754 2469 ostento
773 2432 854 2467 suis
875 2431 972 2467 albae
990 2430 1071 2478 jam
1098 2433 1229 2468 AEneae
1249 2429 1324 2466 fuit
1344 2427 1559 2480 significata

68 2506 189 2551 vm,
210 2504 258 2541 81
281 2516 390 2553 seqq.
418 2503 522 2538 Ecce
540 2509 673 2537 autem
698 2498 864 2535 subitum
891 2506 965 2536 etc.
990 2500 1117 2536 Varro
1146 2498 1194 2536 de
1213 2499 1255 2536 L.
1277 2499 1320 2535 L.
1346 2498 1419 2542 IV,
1436 2509 1474 2546 p.
1504 2498 1556 2534 35

70 2567 175 2606 Hinc
193 2569 385 2620 (Lavinio
408 2567 599 2618 condito)
619 2575 713 2617 post
726 2567 854 2603 XXX
874 2578 1003 2602 annos
1020 2565 1206 2616 oppidum
1230 2563 1398 2601 alterum
1421 2563 1557 2600 condi-

70 2645 134 2671 tm·
152 2636 285 2674 Alba.-
313 2636 358 2673 id
386 2636 436 2673 ab
465 2648 532 2673 sue
562 2634 655 2671 alba
680 2631 1087 2685 cognominatum.—
1103 2632 1218 2671 Albae
1246 2633 1554 2669 exstructionem

66 2704 147 2750 jam
160 2704 320 2754 Jupiter
332 2704 483 2742 Veneri
499 2701 734 2754 praedixerat
749 2703 836 2739 AEn.
856 2702 874 2737 1
886 2728 897 2748 ,
919 2701 1111 2748 267—-27
1124 2713 1140 2738 1
1157 2712 1168 2739 ε
1185 2701 1244 2738 Ae
1249 2711 1355 2750 puer
1364 2698 1560 2735 Ascanius

70 2780 168 2809 -ec
182 2770 344 2822 longam
358 2772 484 2810 multa
503 2770 553 2810 vi
570 2769 723 2809 muniet
737 2768 899 2807 Albam.
913 2768 1034 2806 Urbis
1054 2768 1226 2807 conditae
1243 2768 1358 2804 etiam
1374 2765 1449 2802 alio
1467 2764 1556 2800 loco

1272 2846 1353 2892 3⁰5*
