1767 3054
719 99 871 137 LIBER
902 99 994 135 VII.

1528 105 1609 142 205

117 183 266 239 Atque
291 191 478 223 omnem
502 183 721 218 ornatum
745 171 935 217 flamma
959 170 1221 232 crepitante
1246 176 1466 235 cremari,

110 253 392 317 Regalisque
415 248 615 296 adcensa
635 262 818 304 comas,
843 245 1043 292 adcensa
1069 262 1293 293 coronam

110 329 344 391 Insignem
368 323 584 388 gemmi53
608 334 708 369 tum
733 322 913 368 fumida
933 322 1109 368 lumine
1136 323 1266 370 fulvo

110 400 320 459 Involvi,
341 417 395 448 ac
417 399 526 446 totis
545 398 810 444 Volcanum
832 413 1054 460 spargere
1080 399 1227 445 tectis.

108 478 163 523 Id
183 492 298 523 vero
321 475 636 534 horrendum,
659 491 712 520 ac
739 475 837 520 visu
862 473 1078 521 mirabile
1104 475 1215 521 ferri
1239 494 1248 521 :

113 555 159 599 N
161 568 332 615 amque
354 553 456 598 sore
477 552 721 598 inlustrem
746 550 868 596 fama
889 550 1092 613 satisque
1119 551 1352 600 canebant

107 631 291 689 Ipsam,
318 626 399 674 sed
429 627 607 690 populo
633 642 855 689 magnum
879 626 1165 688 portendere
1187 626 1378 675 bellum.
1579 643 1616 671 ss,

173 707 237 750 At
262 719 345 749 rex
373 702 600 749 sollicitus
625 701 870 760 monstris,
895 703 1089 748 oracula
1111 704 1285 761 Fauni,

107 781 141 823 F
146 777 307 824 atidiei
330 777 580 840 genitoris,
600 777 721 836 adit,
741 778 967 840 lucosque
991 776 1080 824 sub
1105 778 1198 825 alta

108 854 321 901 Consulit
344 853 562 900 Albunea
580 891 592 911 ‚
621 870 869 900 nemorum
894 869 1000 916 quae
1024 870 1246 900 maxuma
1267 870 1402 901 sacro

108 932 257 976 Fonte
280 939 438 986 sonat,
458 945 727 990 saevamque
752 929 940 976 exhalat
961 945 1111 991 opaca
1131 929 1394 992 mephitim.

110 1086 217 1122 xinia
251 1085 385 1137 ignem
421 1085 723 1136 comprehendit
754 1086 828 1123 cri-

110 1142 234 1180 nibus.
255 1143 388 1180 Verba
415 1157 453 1181 v,
485 1152 536 1191 74
568 1153 659 1180 sunt
676 1158 727 1181 ex
754 1147 830 1182 Lu-

113 1209 208 1238 cret.
235 1202 321 1248 VI,
360 1202 439 1246 154
471 1201 655 1239 Terribili
699 1202 830 1239 sonitu

99 1259 281 1310 flamma
329 1258 550 1310 crepitante
599 1270 800 1297 crematur
817 1274 830 1296 .·

113 1317 162 1353 de
197 1316 312 1353 lauro
335 1327 344 1354 :
370 1326 407 1354 at
435 1316 501 1353 hic
532 1319 638 1354 visus
665 1327 722 1354 est
751 1319 830 1354 vir-

110 1375 215 1425 ginis
245 1383 411 1410 ornarus
447 1376 613 1411 eremari
643 1374 830 1412 flamma:

112 1445 202 1469 nani
222 1430 309 1481 ipsa
331 1430 427 1468 visa
444 1441 503 1468 est
529 1432 703 1468 cremari
730 1432 745 1484 (
762 1445 833 1470 κα-

114 1486 182 1540 τὰ)
198 1497 398 1526 ornatum.
418 1488 616 1526 Coronam
633 1489 830 1541 insignem

108 1545 303 1599 gemmis,
328 1548 482 1598 regium
497 1549 669 1598 insigne,
681 1562 720 1585 v.
737 1548 764 1585 l.
787 1551 805 1585 I
817 1576 827 1594 ,

110 1606 213 1643 655.
240 1606 303 1643 Ex
325 1604 461 1642 multis
475 1633 486 1652 ,
505 1618 594 1656 quae
617 1604 743 1643 Cerda
761 1618 830 1643 cu-

108 1664 248 1710 mulat,
262 1662 342 1702 hoc
359 1664 480 1701 unice
497 1676 652 1702 verum.
673 1664 830 1702 Corona

109 1723 216 1760 enim
236 1719 545 1760 sacrificantium
558 1723 666 1759 vittis
679 1730 717 1758 et
728 1721 832 1759 infu-

109 1780 159 1818 lis
191 1781 389 1830 sacrisque
414 1779 628 1818 frondibus
656 1780 830 1831 implexa

110 1846 182 1883 est,
192 1850 275 1875 non
288 1839 452 1889 gemmis
463 1847 700 1886 ornata—7
708 1839 748 1877 6.
759 1841 832 1875 Lu·

113 1895 225 1932 mina
244 1896 404 1946 Menag.
422 1895 532 1933 alter.
545 1895 701 1932 lumina
709 1895 830 1946 fulva

113 1951 648 2004 sec.Ha1nb.JuIvm›efi1mo
659 1954 763 1990 Dori
773 1952 830 1991 ill.

174 2012 242 2048 81.
266 2012 330 2048 Ac
353 2022 428 2046 rex
453 2011 612 2060 Menag.
630 2023 692 2060 pr.
715 2010 832 2048 Solli-

113 2069 212 2106 citus
262 2077 524 2105 monstrorum
565 2069 713 2106 Donat.
752 2070 830 2106 Ms.

116 2127 269 2165 Fabric.
286 2147 344 2155 -—
363 2126 386 2164 8
399 2139 414 2162 1
452 2139 510 2177 sq.
541 2126 669 2164 Fauni
690 2139 832 2163 oracu-

114 2187 199 2223 lum
222 2186 265 2222 in
283 2185 376 2222 luco
395 2183 594 2222 Albuneae
610 2192 727 2234 poeta
747 2197 833 2221 nar-

112 2252 174 2281 rat
196 2244 279 2282 sive
297 2241 348 2280 ei
367 2250 499 2280 vetere
515 2243 706 2280 memoria
718 2270 730 2288 ,
750 2243 833 2280 sive

111 2315 164 2339 ex
179 2301 258 2340 loci
275 2309 414 2338 natura
432 2309 472 2339 et
486 2300 587 2338 fama
610 2300 659 2338 de
681 2300 832 2352 Sibylla

111 2359 301 2398 Albunea
316 2372 399 2396 rem
415 2359 620 2410 ingeniose
636 2371 833 2396 commen-

111 2426 190 2456 tus.
227 2417 387 2459 Scilicet
416 2418 460 2455 in
493 2430 587 2468 agro
615 2416 833 2455 Tiburtino

113 2475 164 2513 ab
179 2488 326 2514 occasu
353 2477 398 2513 in
425 2476 624 2513 Anienem
644 2473 831 2512 deserun-

112 2541 182 2571 tur
199 2533 361 2572 Albulae
380 2546 523 2585 aquae,
553 2532 739 2571 sulfureae
756 2533 835 2571 illae

116 2599 156 2628 et
175 2591 401 2630 medicatae.
432 2606 473 2630 v.
496 2591 656 2631 Cluver.
683 2590 771 2629 Ital.
792 2604 833 2642 p.

119 2649 207 2696 715
234 2649 373 2702 (nunc
416 2651 563 2702 Aequa
598 2648 734 2702 zoffa,
770 2649 833 2686 vel

119 2704 326 2758 Solsatara
352 2707 399 2746 di
428 2707 578 2755 Tivoli,
612 2707 662 2746 de
684 2707 833 2759 quibus

120 2777 158 2802 v.
182 2765 243 2803 La
260 2766 427 2812 Lande,
456 2769 625 2818 Voyage
643 2767 684 2805 d'
688 2766 809 2804 Italic
821 2794 832 2814 ,

317 2845 408 2888 111.

897 1095 925 1124 t.
946 1089 997 1133 V,
1023 1100 1063 1137 p.
1082 1088 1162 1125 338
1188 1085 1317 1138 sqq.).
1336 1088 1398 1125 Ex
1420 1088 1615 1126 Albuneae

896 1144 1074 1181 fluminis
1114 1145 1294 1182 fontibus
1332 1146 1457 1193 major
1490 1147 1615 1184 Albu-

898 1216 975 1239 nea
990 1232 1001 1248 ‚
1029 1202 1118 1240 fons
1138 1211 1176 1240 et
1196 1203 1383 1254 Nympha
1398 1231 1409 1250 ,
1428 1217 1478 1241 ex
1494 1206 1618 1242 Hora-

899 1261 955 1298 tio
986 1269 1080 1299 nota
1099 1262 1117 1296 I
1143 1261 1272 1299 carm.
1310 1273 1358 1308 7,
1398 1275 1444 1298 12
1477 1263 1619 1300 domus

898 1319 1097 1356 Albuneae
1136 1317 1392 1365 resonantis;
1434 1328 1479 1356 ut
1512 1320 1552 1358 h.
1591 1322 1618 1359 l,

900 1389 992 1426 quae
1022 1375 1145 1428 sonte
1182 1385 1327 1422 sonat;
1374 1378 1445 1414 etsi
1484 1390 1618 1425 nune,

898 1442 988 1484 post
1008 1442 1134 1471 tantas
1148 1447 1282 1471 rerum
1299 1434 1593 1473 vicissitudines
1609 1466 1618 1483 ‚

898 1500 1040 1529 namra
1067 1491 1201 1529 somis-
1227 1500 1266 1529 et
1295 1492 1380 1530 loci
1412 1492 1529 1531 facies
1562 1505 1622 1532 est

898 1548 1064 1588 diversa.
1103 1549 1346 1600 Subjacebac
1377 1551 1479 1588 fonti
1509 1551 1621 1590 lucus

898 1606 1045 1658 (quem
1075 1608 1269 1646 Martialis
1298 1622 1461 1660 quoque
1490 1611 1534 1647 in
1556 1610 1619 1649 his

895 1665 995 1703 locis
1023 1675 1217 1703 memorat
1240 1668 1260 1703 I
1288 1669 1424 1719 Epigr.
1456 1669 1532 1715 13,
1568 1670 1619 1720 3)

897 1723 1095 1762 Albuneae
1134 1737 1266 1772 sacer,
1310 1727 1355 1763 in
1392 1739 1474 1776 quo
1520 1727 1617 1765 olim

896 1781 1023 1819 Fauni
1060 1782 1256 1832 templum
1287 1792 1326 1820 et
1362 1784 1568 1821 oraculum
1599 1799 1619 1822 a

897 1848 1013 1889 poeta
1032 1839 1232 1891 proditur.
1251 1862 1310 1869 —
1331 1841 1399 1879 82.
1426 1841 1528 1878 Alta
1548 1844 1621 1880 AI-

897 1897 1051 1942 bunea,
1085 1897 1174 1934 fons
1197 1898 1242 1934 in
1264 1898 1358 1936 lacu
1388 1899 1617 1949 inexplora-

898 1962 948 1991 1ae
977 1954 1222 2000 altitudinis3
1254 1969 1294 1993 v.
1325 1955 1485 1994 Cluver.
1516 1957 1543 1995 l.
1584 1973 1618 1996 c.

898 2011 1004 2049 Male
1028 2014 1136 2050 Serv.
1161 2012 1275 2062 quod
1299 2023 1359 2051 est
1385 2013 1427 2050 in
1455 2014 1619 2054 Tiburti·

899 2069 962 2105 nis
980 2068 1073 2106 altis
1104 2069 1314 2109 montibus.
1334 2073 1438 2110 Nam
1455 2072 1498 2109 id
1518 2086 1538 2110 a
1563 2074 1621 2113 lo—

899 2140 1041 2164 corum
1071 2128 1150 2164 situ
1175 2127 1368 2168 alienum,
1394 2132 1617 2171 Nemorum

898 2198 990 2237 ᾳιια,Ξ
1021 2185 1207 2222 maxima
1239 2200 1356 2226 sacro
1390 2191 1519 2228 Fonte
1555 2204 1616 2230 so-

899 2251 987 2291 nat,
999 2242 1079 2281 hoc
1094 2252 1166 2290 est,
1184 2257 1274 2295 quae
1285 2245 1473 2286 Albunea
1490 2253 1618 2288 maxi-

898 2315 961 2340 ma
974 2330 985 2349 ‚
1002 2300 1044 2340 h.
1064 2315 1098 2340 e.
1121 2301 1337 2342 admodum
1356 2312 1522 2358 magna,
1541 2321 1619 2346 ma-

898 2369 991 2407 nat,
1024 2359 1133 2412 larga
1167 2373 1358 2413 aquarum
1392 2378 1495 2403 vena
1528 2365 1620 2404 fluit

897 2419 1008 2456 fonte
1027 2431 1114 2457 suo.
1138 2420 1204 2459 Sic
1221 2433 1310 2472 sup.
1335 2424 1419 2470 VI,
1447 2423 1531 2475 659
1553 2438 1619 2462 un-

899 2477 950 2514 de
960 2489 1128 2528 superne
1139 2477 1340 2517 Plurimus
1354 2481 1534 2519 Eridani
1540 2496 1621 2534 per

898 2534 1040 2572 silvam
1062 2534 1239 2573 volvitur
1252 2537 1410 2586 amnis,
1435 2540 1513 2578 hoe
1533 2550 1614 2588 est,

902 2605 1043 2645 magna
1058 2605 1247 2644 aquarum
1266 2596 1308 2632 vi
1323 2605 1363 2634 et
1381 2599 1519 2649 copia3
1541 2612 1619 2636 am-

898 2651 960 2688 nis
982 2651 1132 2689 multus
1151 2665 1223 2703 per
1237 2653 1355 2705 plana
1369 2654 1509 2695 fertur.
1523 2658 1618 2695 Tro-

899 2710 989 2760 pice
1008 2709 1115 2761 apud
1137 2712 1276 2750 Horat.
1296 2715 1315 2750 1
1338 2715 1461 2752 Serm.
1485 2728 1504 2763 7
1523 2743 1533 2761 ,
1560 2715 1610 2751 28

899 2767 1022 2806 homo
1054 2768 1268 2808 maledicus
1296 2771 1426 2810 salsus
1453 2772 1617 2810 multus-

1355 2849 1410 2896 18
