1767 3054
135 119 213 155 3138

133 194 250 232 dicat.
269 194 483 231 Enimvero
503 201 594 230 aute
608 193 728 244 pedes
752 201 846 238 erat,

134 252 244 303 quod
261 261 338 289 tam
354 253 472 304 longe
487 253 651 301 petitur,
669 260 707 288 et
725 250 848 288 verbo

135 325 196 348 res
216 311 377 361 transigi
398 318 541 360 potest.
574 311 758 346 Acumen
784 308 848 344 lu-

134 382 199 406 sus
211 397 221 415 ‚
243 382 362 418 quem
379 370 505 405 inesse
522 367 639 403 multi
657 366 850 402 arbitran-

134 434 200 463 tur
214 455 223 472 ‚
245 427 289 463 in
309 427 454 463 nostris
479 434 537 462 est
565 424 746 459 sensibus
767 424 849 458 ani-

136 485 309 533 misque,
343 496 426 520 non
458 483 500 518 iu
535 482 666 517 verbis
699 493 774 516 nec
807 481 850 515 in

135 543 328 578 sententia
346 542 554 589 animoque
567 538 739 588 Virgilii.
758 540 851 574 Poe-

136 600 237 636 ticus
265 611 394 635 sermo
416 598 470 633 ita
500 596 597 642 fert,
617 604 682 642 ut,
711 596 744 630 si
763 596 851 644 quis

136 657 317 706 clypeum
327 683 339 700 ,
373 653 564 706 cuifacta
579 653 781 703 pra-:clara
812 660 852 688 et

125 713 225 765 fata
265 722 453 763 nepotum
492 712 689 761 insculpta
732 719 825 746 sunt
839 737 849 754 ‚

135 770 339 808 sustulisse
352 770 521 807 humero
534 768 732 821 (alligatus
749 769 855 804 enim

135 829 223 866 loro
256 828 408 879 clipeus
437 828 613 865 humeris
646 825 853 876 injicitur)

139 886 330 923 dicendus
354 888 423 932 sit,
446 899 508 922 res
530 887 583 921 ita
604 884 735 920 efferri
761 896 852 933 pos-

136 946 188 980 sit
215 956 225 982 :
248 943 452 981 sustulisse
488 956 580 980 eum
609 941 775 994 famam
816 949 856 977 et

126 1000 226 1053 fata
246 1011 446 1051 nepotum.
481 1001 565 1051 Qui
591 1001 746 1051 poetica
767 1011 853 1035 ora-

137 1061 245 1096 tione
263 1059 467 1096 imbutum
487 1057 606 1094 habet
623 1059 827 1108 ingenium
842 1084 852 1103 ,

137 1116 238 1153 nihil
261 1117 431 1167 amplius
460 1117 619 1167 cogitat.
647 1116 730 1165 Qui
757 1128 852 1151 vero

137 1174 331 1211 verbatim
349 1176 423 1212 ista
445 1176 490 1211 iu
511 1174 687 1224 patrium
705 1186 854 1209 sermo-

137 1245 229 1269 nem
264 1232 461 1269 transfusa
482 1259 493 1277 ,
531 1240 569 1268 et
604 1244 655 1266 ex
686 1231 853 1280 proprio

137 1290 354 1328 verborum
392 1286 620 1340 significatu
655 1287 853 1336 interpre-

137 1355 214 1384 tata
231 1355 363 1385 mente
381 1347 534 1393 voluit,
555 1347 741 1383 notiones
764 1345 855 1381 alias

139 1405 344 1456 adjungit,
368 1404 517 1454 quibus
538 1403 706 1441 ridicula
728 1412 767 1440 et
795 1405 855 1439 in-

137 1471 228 1512 epta
261 1461 443 1498 redditur
474 1463 682 1499 sententia.
719 1460 853 1499 Simile

139 1527 196 1556 est
219 1519 449 1569 exemplum
468 1519 540 1555 inf.
565 1522 654 1556 AEn.
680 1521 717 1555 X
733 1545 743 1562 ‚
770 1518 852 1567 496

137 1575 298 1626 rapiens
314 1575 499 1612 inmania
508 1576 695 1625 pondera
713 1574 849 1618 baltei,

136 1634 452 1684 impressumque
486 1634 617 1678 nefa133
662 1645 744 1668 una
785 1631 854 1667 sub

140 1700 255 1728 nocte
270 1689 411 1742 jugali
446 1690 559 1727 Caesa
585 1702 728 1727 manns
742 1688 853 1740 juve·

141 1747 375 1800 tzumfoede,
397 1745 650 1797 thalamique
669 1746 823 1783 cruenti
838 1775 850 1791 ‚

144 1808 243 1856 Quoe
285 1805 434 1843 Clonus
481 1804 694 1855 Eurytides
732 1804 856 1842 multo

140 1864 354 1902 caelaverat
379 1876 492 1901 aure.

198 1983 327 2020 Etiam
348 1982 412 2020 hic
434 1983 536 2020 liber
557 1982 664 2019 bello
683 1978 859 2032 parando

140 2041 388 2077 consumitur
399 2070 409 2088 ‚
427 2041 687 2091 inprimisque
704 2038 862 2075 auxiliis

142 2098 380 2136 arcessendis
393 2128 404 2147 ,
421 2098 517 2136 dum
540 2101 702 2138 Turnus
719 2109 790 2148 per
806 2095 861 2132 le—

598 118 841 156 AENEIDOS
872 118 1023 155 LIBER
1056 118 1170 155 VIII.

914 201 1023 243 gatos
1055 189 1313 237 Diomedem,
1338 192 1479 228 AEneas
1508 191 1637 229 Evan-

914 249 1032 286 drum
1049 249 1141 287 adit.
1153 252 1253 298 Quae
1265 261 1325 285 res
1343 247 1521 298 episodio
1533 249 1636 285 viam

915 308 1048 344 munit
1059 307 1368 344 elaboratissimo
1381 305 1428 343 de
1437 304 1637 352 Evandro,

917 379 997 415 quo
1015 365 1164 402 fabulas
1185 373 1335 402 veteres
1358 364 1482 401 Italiae
1501 371 1540 401 et
1559 364 1640 401 ori-

917 424 1028 473 gines
1050 423 1217 459 coloniae
1244 421 1450 459 Arcadicae
1466 422 1509 458 in
1529 421 1640 459 Pala-

918 481 1003 516 tino
1042 487 1178 515 monte
1224 481 1390 528 exponit
1403 508 1414 526 ,
1449 479 1640 517 Romanis

919 537 1082 587 cognitu
1096 535 1413 584 jucundissimas.

975 595 1058 644 Qui
1092 602 1223 630 autem
1255 593 1303 630 de
1333 592 1508 631 AEneidis
1539 607 1641 644 prae-

917 653 1058 689 stantia
1078 660 1184 688 recte
1211 650 1389 699 judicare
1418 651 1529 696 vult,
1555 664 1642 689 nou

922 723 973 746 ex
988 718 1218 746 nostrorum
1237 709 1490 760 ingeniorum
1507 716 1545 745 et
1556 715 1644 745 aeta-

923 769 972 804 tis
988 769 1105 818 genio
1125 766 1323 814 judicium
1349 765 1476 803 facere
1497 765 1641 813 debet;

923 826 966 862 id
995 825 1104 876 quod
1122 827 1402 875 importunum
1424 832 1548 870 esset,
1571 826 1646 862 etsi

922 884 1102 934 plerique
1129 884 1184 920 ita
1213 883 1386 928 faciunt3
1412 881 1481 918 sed
1516 880 1558 917 id
1581 894 1642 919 re-

921 943 1072 991 spicere
1089 943 1302 991 animoque
1322 941 1500 990 assequi,
1524 951 1643 988 quam

922 998 1223 1036 delectationem
1239 1007 1368 1049 poetae
1381 998 1556 1034 carmina
1565 998 1645 1035 Ro-

921 1058 1047 1094 manis
1069 1058 1320 1108 potissimum
1352 1055 1495 1093 afferre
1531 1062 1645 1105 pote-

921 1125 1010 1152 rant
1022 1143 1033 1162 ‚
1052 1115 1198 1165 quibus
1215 1114 1282 1151 ille
1304 1126 1347 1151 ea
1365 1110 1644 1151 meditabatur.

921 1176 946 1212 J
950 1187 1010 1210 am
1034 1174 1206 1224 origines
1233 1172 1336 1209 Latii
1362 1179 1401 1208 et
1411 1174 1574 1218 Romae,
1595 1169 1645 1207 ad

921 1240 1102 1268 nostrum
1118 1232 1219 1267 forte
1237 1242 1418 1276 sensum,
1435 1229 1513 1266 nisi
1529 1240 1645 1279 pecu-

921 1289 1017 1326 liare
1037 1288 1216 1325 studium
1243 1286 1305 1323 his
1331 1286 1455 1324 literis
1487 1285 1647 1323 addixe-

923 1349 997 1393 ris,
1032 1359 1173 1397 parum
1209 1343 1420 1394 jucundae,
1457 1344 1647 1383 Romanis

922 1403 1032 1442 haud
1054 1404 1174 1441 dubie
1198 1416 1279 1440 esse
1302 1401 1532 1439 debuerunt
1551 1412 1644 1451 cog·

918 1463 1008 1500 nitu
1028 1462 1293 1513 gravissimae:
1316 1468 1354 1497 et
1375 1459 1447 1509 qui
1475 1457 1645 1496 delecta-

921 1522 1097 1564 tionem,
1122 1531 1211 1569 quae
1240 1515 1335 1554 inde
1371 1517 1461 1566 capi
1485 1523 1617 1566 potest
1633 1542 1645 1562 ,

923 1577 1114 1613 aestimare
1141 1575 1254 1620 vult,
1273 1581 1363 1611 ante
1390 1574 1524 1610 omnia
1549 1572 1645 1621 ipsis

922 1633 999 1670 illis
1023 1631 1247 1682 originibus
1276 1638 1459 1668 accurate
1477 1640 1642 1679 cognos-

923 1690 1075 1735 cendis,
1101 1697 1140 1726 et
1159 1687 1378 1725 enodandis
1396 1698 1558 1737 operam
1574 1685 1646 1722 im-

922 1747 1071 1798 pendat
1104 1759 1262 1784 necesse
1291 1753 1361 1782 est.
1391 1743 1512 1795 Quod
1539 1742 1646 1780 idem

922 1814 970 1842 ut
1002 1806 1117 1841 faeiat
1143 1812 1254 1840 tanto
1287 1802 1410 1853 mag-is
1438 1801 1646 1851 interpreti

924 1862 1158 1899 incumbere
1172 1889 1182 1908 ,
1202 1869 1308 1898 recte
1323 1859 1487 1907 judices.
1508 1861 1647 1896 Succe-

926 1919 985 1956 dit
1013 1919 1122 1957 aliud
1151 1917 1375 1969 episodium
1402 1915 1450 1953 de
1472 1916 1590 1953 armis
1609 1922 1649 1952 et

928 1978 1056 2029 clipeo
1084 1980 1217 2014 AEneae
1231 2005 1241 2024 ,
1263 1974 1372 2028 quod
1390 1982 1429 2011 et
1447 1975 1578 2025 ipsum
1598 1971 1649 2009 ad

928 2039 1203 2074 Romanorum
1230 2033 1360 2071 studia
1379 2039 1652 2084 comparatum

930 2106 1011 2131 esse
1034 2093 1285 2132 manifestum
1307 2091 1366 2132 fit.
