1767 3054
213 150 292 186 218

838 151 1082 189 AENEIDOS

210 226 461 266 Auruncos
483 220 547 264 ita
568 219 690 266 serre
713 237 867 277 senes,
893 221 965 266 his
987 233 1117 266 ortus
1143 230 1193 264 ut
1220 220 1342 282 agris

213 293 462 339 Dardanus
485 291 633 338 Idaeas
652 293 867 355 Phrygiae
892 294 1150 354 penetrarit
1174 292 1232 339 ad
1254 292 1409 349 urbis,

207 366 568 427 Threiciamque
592 369 807 425 Samum,
834 384 937 428 quae
961 383 1085 412 nunc
1110 366 1435 412 Samothracia
1460 367 1623 413 fertur.

210 441 334 487 Hinc
356 440 487 485 illum
512 439 711 499 Corythi
736 441 984 500 Tyrrhena
1007 438 1066 484 ab
1093 440 1202 486 sede
1224 440 1490 502 profectum

211 521 371 560 Aurea
392 530 517 559 nunc
541 514 659 559 solio
685 514 911 559 stellantis
935 514 1064 575 regia
1085 514 1189 558 coeli
1650 535 1709 553 κιο

210 588 401 650 Adcipit
415 623 426 644 ,
450 598 496 633 et
521 603 772 633 numerum
796 587 1017 632 divorum
1041 585 1271 632 altaribus
1293 587 1437 635 addit.
1462 609 1480 626 »

277 663 476 707 Dixerat
501 679 511 705 ε
538 672 584 706 et
604 661 729 707 dicta
753 662 960 707 Ilioneus
985 660 1051 707 sic
1076 675 1192 705 voce
1213 672 1398 707 secutus
1423 681 1432 706 :

212 758 230 777 «ε
252 739 378 791 Rex,
401 751 546 796 genus
572 737 814 797 egregiiun
837 735 1012 792 Fauni,
1038 750 1124 780 nec
1147 733 1370 781 fluctibus
1395 747 1523 782 actos

212 816 331 856 Atra
354 808 543 870 subegit
568 809 719 857 hiems
742 811 910 857 vestris
935 809 1188 856 succedere
1211 810 1371 866 terris,

211 889 310 930 Nec
335 885 462 929 sidus
483 886 675 946 regione
695 886 784 930 viae
806 886 978 932 litusve
1004 885 1189 942 fefellit3
1652 899 1712 927 ,ιε

214 959 420 1005 Consilio
445 957 567 1003 hanc
590 974 752 1005 onmes
774 961 1034 1022 animisque
1055 959 1323 1006 volentibus
1347 959 1517 1006 urbem

214 1031 512 1090 Adferimur,
534 1032 658 1094 pulsi
681 1033 861 1096 regnis,
884 1049 989 1095 quae
1010 1033 1214 1080 maxima
1234 1032 1472 1095 quondam

209 1248 299 1274 nam
322 1233 530 1272 Dardanus
560 1247 610 1271 ex
634 1235 813 1285 Corytho
828 1263 838 1281 ‚
859 1247 928 1272 seu

206 1295 381 1331 Cortona
393 1293 560 1330 Etruriae
577 1291 770 1329 oriundus
783 1292 929 1329 fereba-

205 1361 285 1388 tur.
320 1350 439 1386 Urbes
461 1348 649 1399 Plzrygice
672 1352 925 1397 memoravit,

205 1409 247 1445 h.
273 1420 306 1445 e.
319 1407 408 1444 loca
421 1406 469 1443 ad
488 1407 745 1444 incolendum
760 1406 901 1444 idonea
916 1435 926 1454 ,

208 1474 247 1502 et
278 1478 298 1500 a
333 1467 490 1502 Teucro
513 1465 657 1514 passim
687 1464 925 1511 inhabitata,

209 1521 285 1558 sub
323 1521 456 1567 Idam;
491 1533 583 1557 nam
620 1523 782 1586 proprie
814 1521 930 1558 dietae

206 1578 327 1615 urbes
358 1586 445 1614 tum
482 1579 525 1614 in
553 1580 713 1628 regione
743 1591 785 1614 ea
808 1578 930 1614 nullae

208 1644 332 1672 erant.
347 1656 404 1663 —-
415 1647 436 1671 2
449 1648 463 1670 1
473 1647 519 1680 o,
536 1647 557 1670 2
569 1647 585 1670 1
598 1648 632 1672 1.
643 1638 719 1672 Pro
732 1635 805 1672 deo
818 1648 928 1672 nunc

209 1691 624 1730 colitu1.Stellantzs
655 1706 705 1729 ex
737 1689 928 1744 &erc-,2533

208 1748 365 1802 νύραθὲς
349 1777 388 1796 ,
424 1742 536 1799 quod
570 1750 826 1787 Home1icum
857 1759 928 1789 est.

206 1827 265 1836 -·
292 1819 341 1844 21
355 1820 390 1844 1.
442 1805 633 1856 Impedita
677 1807 814 1853 lectio,
858 1811 930 1843 etsi

206 1867 262 1902 sic
289 1863 502 1915 expedias:
533 1863 661 1914 Regia
688 1864 779 1901 coeli
816 1863 933 1901 addzc

208 1935 298 1959 eum
329 1934 493 1958 numero
515 1920 710 1966 divorum,
739 1920 930 1958 altaribus

206 1979 249 2017 h.
273 1993 306 2017 e.
325 1992 395 2030 per
412 1978 570 2024 altaria,
590 1979 664 2015 aris
685 1980 728 2016 in
745 1980 829 2027 ejus
855 1978 927 2016 ho-

207 2049 347 2074 norem
359 2036 584 2081 exstructi53
597 2036 661 2072 vel
670 2038 714 2073 in
726 2036 929 2084 altaribus,

206 2094 377 2144 templis,
403 2096 459 2131 At
486 2092 632 2130 durum
656 2094 733 2131 hoc
754 2105 764 2131 2
789 2094 929 2131 coelum

207 2151 358 2188 addere
388 2151 564 2201 aliquem
585 2163 747 2188 numero
766 2152 930 2188 deorum

202 2222 282 2258 per
299 2208 461 2246 altaria.
482 2208 652 2259 Vulgata
674 2218 763 2246 ante
790 2210 928 2247 Heius.

209 2266 329 2304 lectio
359 2274 477 2304 erat:
513 2279 719 2303 numerum
754 2266 931 2304 divorum

209 2323 401 2359 altaribus
432 2332 583 2373 angen
621 2337 696 2361 nec
730 2323 850 2362 modo
887 2326 930 2362 in

210 2379 273 2417 ed.
295 2382 399 2417 Ven.
423 2388 462 2416 et
485 2380 651 2418 Mediol.
662 2369 793 2428 ‚sed
782 2396 826 2419 ln
846 2395 931 2420 om-

210 2436 330 2473 nibus
341 2464 351 2482 ‚
370 2445 565 2486 quantum
582 2438 723 2485 video,
737 2441 855 2476 etiam
868 2453 934 2477 an-

213 2493 477 2544 tiquioribus,
503 2495 626 2544 inque
652 2496 713 2533 his
744 2496 935 2535 Aldd.—

212 2549 374 2599 Accipit
393 2564 468 2600 pro
487 2554 662 2602 accepit3
680 2553 856 2604 adeoque
877 2563 936 2592 est

211 2621 286 2658 pro
308 2607 427 2644 habet
441 2634 451 2653 ,
471 2610 629 2657 poetico
651 2624 761 2648 more
776 2639 786 2657 ‚
805 2620 843 2648 et
863 2612 934 2649 ad-

211 2664 272 2702 dic
289 2666 395 2716 regia
415 2664 525 2709 coeli,
544 2678 632 2714 quae
649 2681 740 2704 eum
762 2671 910 2719 accepit
923 2698 933 2716 ‚

211 2722 253 2759 h.
291 2735 325 2759 e.
359 2721 445 2759 haec
485 2725 659 2773 receptio
694 2726 737 2760 in
764 2726 933 2772 coelum,

213 2793 303 2818 eum
337 2792 566 2825 numerum,
596 2789 642 2818 ut
673 2782 831 2820 accedat
863 2796 933 2822 no-

995 1249 1069 1273 vus
1094 1236 1214 1282 deus,
1238 1235 1432 1272 altaribus
1447 1235 1610 1272 deorum
1637 1249 1709 1285 pro

995 1294 1148 1343 vulgari
1161 1306 1170 1331 :
1181 1301 1296 1344 auget
1308 1292 1474 1329 deorum
1486 1305 1709 1338 numerum,

996 1349 1092 1387 dum
1120 1351 1186 1388 ille
1215 1350 1359 1386 divinis
1375 1349 1598 1387 honoribus
1624 1348 1710 1386 affi-

995 1408 1123 1455 citur,
1161 1416 1441 1444 annumeratur
1477 1406 1518 1444 h.
1547 1407 1576 1444 l.
1612 1407 1708 1453 dijs;

994 1465 1049 1500 ita
1066 1464 1217 1501 accedit
1235 1464 1374 1514 aliquis
1392 1476 1595 1508 numerus,
1616 1465 1711 1501 dum

996 1521 1046 1558 ad
1078 1534 1290 1558 numerum
1326 1522 1500 1571 priorem
1536 1521 1709 1567 accedit,

997 1587 1291 1615 annumeratur.
1335 1580 1395 1615 De
1439 1580 1577 1615 ceteris
1623 1592 1711 1629 quae

997 1648 1131 1671 caussa
1156 1644 1234 1681 est,
1275 1644 1322 1672 ut
1356 1648 1508 1672 novum
1532 1648 1712 1683 sacrum,

998 1692 1172 1743 adeoque
1195 1705 1345 1729 novum
1371 1693 1562 1743 templum
1576 1721 1586 1739 ,
1610 1707 1714 1731 nova

999 1762 1062 1787 ara
1077 1778 1087 1797 ‚
1106 1758 1347 1787 exstruatur.

1058 1820 1104 1844 21
1116 1820 1298 1854 2—227.
1313 1808 1489 1844 Ilioneus
1507 1807 1624 1845 etiam
1641 1808 1710 1846 lib.

997 1866 1040 1909 Ι,
1064 1866 1141 1902 521
1168 1864 1216 1901 ad
1238 1863 1437 1902 Didonem
1459 1865 1578 1902 verba
1607 1865 1712 1904 facit.

997 1944 1055 1951 —
1079 1922 1176 1960 215.
1209 1921 1325 1958 Sidus
1357 1935 1432 1972 pro
1465 1930 1711 1973 tempestate3
1751 1938 1762 1946 v

997 1979 1090 2017 litus
1106 1979 1157 2031 f
1147 1978 1289 2031 fellzc
1314 1980 1510 2031 ignoratio
1552 1980 1714 2017 litorum

997 2050 1044 2074 ac
1077 2046 1295 2086 terrarum,
1322 2036 1486 2088 regione
1515 2037 1620 2084 viae,
1639 2051 1713 2087 pro

996 2095 1187 2145 simplici,
1219 2096 1284 2133 via
1319 2102 1358 2130 et
1382 2095 1635 2146 navigatione
1653 2095 1713 2131 in-

996 2152 1194 2190 stituenda
1233 2165 1278 2190 ac
1316 2151 1498 2204 regenda.
1541 2153 1715 2190 Variavit

997 2210 1118 2247 verba
1162 2222 1300 2248 versus
1342 2224 1420 2260 199
1472 2209 1561 2247 Sive
1590 2222 1717 2246 errore

997 2267 1081 2305 vioe
1095 2296 1110 2313 ,
1161 2280 1229 2305 seu
1274 2266 1569 2318 tempestatibus
1621 2267 1715 2304 acti.

998 2325 1104 2362 Illud
1142 2325 1251 2376 regio
1286 2325 1370 2363 vice
1396 2327 1476 2373 jam
1505 2331 1594 2361 ante
1623 2325 1715 2360 Vir-

999 2383 1138 2433 gilium
1150 2383 1417 2433 frequentavit
1430 2381 1635 2419 Lucretius
1645 2380 1715 2417 h‘b.

999 2442 1064 2487 ΙΙ,
1088 2448 1169 2490 249
1196 2440 1277 2478 Sed
1303 2437 1584 2477 nihilomnino
1613 2446 1718 2474 recta

1000 2499 1161 2548 regione
1177 2499 1256 2534 viai
1272 2496 1488 2534 Declinare
1498 2523 1509 2539 ,
1532 2492 1619 2544 quis
1634 2505 1692 2532 esc
1703 2525 1714 2540 ,

1001 2555 1072 2605 qui
1077 2553 1208 2605 possit
1223 2566 1381 2591 cernere
1397 2565 1480 2590 sese
1493 2556 1514 2588 :²
1530 2554 1631 2589 Item
1645 2553 1716 2591 lib.

1001 2614 1043 2658 Ι,
1080 2618 1204 2655 ῐο4ο.
1239 2612 1289 2648 Et
1319 2623 1407 2660 sup.
1431 2611 1521 2647 AEn.
1550 2609 1615 2655 ΙΙ,
1635 2611 1713 2657 737

1002 2678 1043 2706 et
1058 2678 1156 2705 noca
1181 2667 1332 2704 excedo
1358 2665 1520 2718 regione
1541 2665 1716 2705 viarum.

1001 2726 1048 2763 cf.
1075 2724 1213 2764 Cerda.
1235 2722 1472 2776 Adferimitr
1486 2736 1560 2773 pro
1578 2724 1718 2762 exilio-

1001 2796 1043 2820 re
1057 2810 1067 2830 ,
1086 2782 1320 2820 accedimus.
1339 2784 1387 2819 In
1403 2794 1510 2832 seqq.
1533 2781 1614 2818 216
1632 2794 1717 2833 sqq.
