1767 3054
225 125 304 162 338

840 123 1083 162 AENEIDOS

213 199 406 242 Ducunt
428 207 661 242 exsortem
686 198 865 253 AEneae3
888 211 1028 257 quem
1053 195 1180 240 fulva
1201 194 1348 242 leonis

215 270 352 317 Pellis
375 269 477 316 obit
500 281 672 328 totum,
698 270 977 331 praefulgens
1001 269 1239 330 unguibus
1266 268 1434 315 aureis.

281 349 424 392 Fama
442 345 570 390 volat
595 360 790 406 parvam
814 343 971 389 subito
992 345 1179 405 volgata
1201 361 1287 405 per
1311 343 1504 401 urbem,

217 419 361 465 Ocius
387 420 455 464 ire
477 420 659 479 equites
682 416 919 477 Tyrrheni
945 416 1004 462 ad
1024 417 1185 463 limina
1210 419 1346 479 regis.

1647 427 1708 458 555
1762 423 1765 454 T

216 495 339 537 Vota
363 503 491 537 metu
512 490 752 551 duplicant
774 499 968 547 matres,
990 491 1280 551 propiusque
1304 490 1483 552 periclo

216 567 259 610 It
282 565 445 621 timor,
471 576 517 609 et
540 565 691 625 major
714 563 881 608 Martis
900 563 997 624 jam
1022 563 1217 624 adparet
1239 564 1410 626 imago.

217 643 336 684 Tum
362 650 496 700 pater
520 639 793 694 Evandrus,
819 638 1034 684 dextram
1056 637 1328 699 complexus
1353 638 1529 696 euntis,

220 717 401 770 Haeret,
428 712 718 774 inexpletum
743 712 1015 769 lacrimans,
1041 728 1094 757 ac
1116 711 1227 757 talia
1250 712 1376 756 fatur
1397 730 1407 756 :

221 808 240 827 «
264 789 306 831 O
330 786 447 831 mihi
471 786 736 849 praeteritos
760 786 935 830 referat
959 787 997 831 si
1019 790 1044 831 J
1051 786 1239 847 uppiter
1263 787 1430 831 annos!

221 861 384 918 Qualis
410 878 560 918 eram,
587 877 734 922 quum
757 861 958 922 primam
981 860 1128 906 aciem
1147 864 1380 907 Praeneste
1402 859 1490 906 sub
1514 859 1615 922 ipsa

223 935 402 992 stravi,
428 946 764 996 scutorumque
789 935 977 979 incendi
998 937 1151 980 victor
1173 950 1388 991 acervos,

222 1014 280 1056 Et
304 1027 462 1072 regem
487 1011 575 1056 hac
599 1009 816 1055 Herilum
838 1008 1004 1053 dextra
1027 1007 1114 1055 sub
1141 1012 1340 1054 Tartara
1361 1007 1466 1054 misi
1475 1028 1489 1066 3

223 1087 444 1132 Nascenti
466 1085 543 1131 cui
568 1085 652 1132 tris
677 1083 852 1130 animas
878 1084 1079 1129 Feronia
1101 1094 1274 1140 mater,

225 1281 283 1288 —-
323 1260 418 1296 552.
455 1260 688 1302 Exsortem‚
727 1258 938 1303 eximium,

227 1314 434 1369 ἐξαίρετον.
465 1315 690 1353 Adducimr
723 1327 848 1365 equus
877 1318 939 1352 AE·

225 1387 308 1411 neae
327 1375 564 1424 praecipuus.

287 1432 368 1475 554
393 1444 476 1480 sqq.
494 1432 588 1468 Non
611 1430 712 1466 male
738 1430 940 1479 sequentia

229 1488 276 1524 ad
305 1501 491 1524 sensuum
522 1496 560 1523 et
589 1487 804 1523 affectuum
826 1495 940 1522 natu-

224 1557 309 1580 ram
329 1546 371 1579 in
391 1544 457 1580 tali
474 1556 606 1579 rerum
623 1544 788 1580 articulo
808 1541 941 1579 efficta

226 1610 265 1637 et
308 1602 485 1650 exposita
534 1612 543 1638 :
582 1609 752 1636 matrum
790 1601 907 1636 timor
926 1613 936 1645 ;

225 1657 399 1695 Evandri
419 1659 521 1694 senis
540 1665 631 1693 vota
648 1670 690 1693 ac
705 1669 862 1706 preces;
881 1665 938 1692 to·

226 1724 289 1751 tus
313 1714 517 1751 discessus.
542 1716 632 1751 Vss.
667 1715 747 1750 560
774 1726 858 1762 sqq.
889 1727 940 1749 ex

225 1773 446 1808 Homericis
464 1778 558 1807 sunt
577 1770 820 1815 adumbrati,
842 1771 939 1807 Nes-

226 1831 321 1865 toris
349 1829 525 1865 oratione
556 1826 669 1865 Iliad.
702 1840 746 1873 τι,
780 1828 857 1863 132
880 1841 939 1876 sq.

223 1890 268 1931 λ,
301 1887 383 1935 669
415 1898 472 1935 sq.
498 1881 544 1934 ψ,
567 1884 650 1934 629
682 1897 766 1934 sqq.
788 1884 941 1934 Ulyssis

226 1942 274 1979 ad
291 1945 499 1980 Eumaeum
519 1941 662 1992 Odyss.
686 1938 723 1986 ξ,
749 1941 829 1985 468
851 1954 936 1990 sqq.

223 2003 369 2037 Laertae
387 1999 531 2049 odyss.
553 2014 582 2035 ω
596 2027 607 2045 ,
626 1999 708 2045 375
728 2011 812 2048 sqq.
830 1999 938 2034 Alio·

222 2071 312 2095 rum
323 2058 561 2094 imitationes
577 2070 614 2094 v.
637 2054 741 2106 apud
759 2054 936 2093 Cerdam.

222 2115 412 2152 Fabulam
429 2114 477 2150 de
496 2113 657 2157 Herilo‚
684 2114 939 2150 Praenestino-

223 2185 312 2209 rum
348 2171 448 2208 duce
466 2198 477 2217 ,
509 2169 766 2207 domesticam
804 2170 938 2206 nescio

224 2229 332 2266 unde
353 2229 559 2278 acceperit.
584 2227 660 2265 Sed
675 2227 870 2277 triplicem
886 2227 941 2263 vi-

225 2295 304 2322 tam
323 2287 406 2336 ipse
421 2293 537 2335 poeta
553 2283 703 2334 fingere
719 2286 870 2334 potuit,
893 2284 940 2320 ad

226 2344 451 2393 exemplum
468 2355 607 2378 eorum
620 2370 630 2388 ‚
648 2344 718 2392 qui
736 2343 825 2378 caesi
844 2342 942 2378 revi-

225 2400 421 2436 viscerent
452 2399 620 2450 (ineptit
643 2399 801 2437 Servius
829 2398 877 2435 ad
900 2413 938 2436 v.

230 2455 308 2490 562
325 2456 353 2505 )‚
384 2466 452 2493 aut
479 2456 526 2492 ad
553 2457 782 2506 exemplum
807 2458 941 2493 Antaei

227 2514 328 2548 vires
349 2526 367 2549 a
389 2521 491 2549 terra
514 2522 635 2550 matre
658 2514 848 2550 sumentis
862 2541 872 2559 ,
896 2514 939 2550 in

227 2581 345 2618 quam
366 2570 493 2605 victus
514 2571 792 2619 procubuerat.
818 2570 941 2620 Quod

229 2627 429 2675 sequitur,
449 2626 690 2677 propiusque
717 2626 870 2677 periclo
903 2629 942 2663 Ic

231 2683 369 2727 timor,
402 2683 638 2732 impeditum
661 2692 738 2730 est,
759 2696 939 2734 quocun—

231 2753 309 2791 que
328 2749 366 2778 te
387 2740 575 2788 verteris3
598 2743 757 2791 proprie
778 2741 942 2791 propius

1008 1255 1063 1293 ire
1073 1254 1254 1306 periculo
1271 1264 1370 1294 esset
1388 1257 1614 1307 propiorem
1638 1270 1719 1295 esse

1006 1314 1184 1363 periculo
1202 1341 1212 1361 ,
1253 1315 1423 1351 instante
1463 1315 1544 1362 jam
1583 1313 1720 1351 discri-

1006 1373 1134 1417 mine3
1157 1371 1322 1422 propius
1357 1371 1432 1416 ire,
1481 1380 1528 1408 ut
1552 1371 1718 1422 propius

1008 1442 1091 1465 esse
1114 1429 1220 1479 apud
1244 1429 1383 1467 Silium
1407 1431 1446 1474 Ι,
1472 1430 1518 1466 13
1536 1429 1719 1480 propius-

1006 1485 1210 1537 quesuere
1221 1485 1398 1536 periclo,
1425 1486 1520 1536 Quis
1536 1500 1720 1537 superare

1006 1544 1144 1580 datum
1157 1572 1169 1588 ,
1193 1544 1242 1580 de
1258 1545 1446 1581 Romanis
1465 1552 1619 1580 tantum
1638 1557 1722 1582 non

1005 1601 1047 1636 in
1071 1600 1258 1636 ultimum
1286 1600 1498 1637 discrimen
1525 1599 1720 1640 adductis,

1004 1658 1059 1693 At
1076 1656 1117 1693 h.
1134 1657 1161 1693 l.
1182 1656 1302 1692 timor
1321 1656 1352 1693 ic
1362 1657 1526 1707 propius
1538 1657 1719 1707 periclo;

1006 1713 1154 1749 dixeris
1188 1727 1270 1750 esse
1304 1713 1457 1750 dictum
1493 1726 1502 1751 :
1538 1714 1717 1764 periclo,

1005 1783 1099 1820 pro,
1133 1783 1223 1807 cum
1247 1769 1425 1820 periclo;
1456 1771 1588 1821 itaque
1617 1773 1720 1809 acci·

1006 1827 1197 1876 piendum
1213 1841 1293 1864 esse
1314 1840 1323 1865 :
1345 1827 1463 1864 timor
1483 1828 1514 1864 it
1527 1829 1691 1878 propius
1703 1858 1715 1875 ,

1007 1886 1126 1921 timor
1142 1883 1189 1921 fit
1203 1885 1381 1935 propior,
1397 1884 1438 1922 h.
1456 1887 1577 1935 magis
1594 1896 1721 1937 urget,

1006 1941 1053 1978 fit
1073 1944 1243 1992 gravior,
1264 1943 1416 1989 acrior3
1433 1941 1604 1991 pericl0‚
1631 1957 1722 1980 cum

1004 1999 1183 2049 periculo
1197 2027 1207 2045 ‚
1226 1999 1406 2049 periculo
1429 2000 1598 2036 instante
1611 2027 1622 2046 ‚
1645 2002 1720 2037 sci-

1003 2056 1097 2093 licet
1110 2056 1278 2106 periculi
1298 2058 1536 2108 cogitatione
1551 2085 1562 2103 ‚
1580 2069 1721 2107 appro-

1004 2115 1224 2163 pinquante
1258 2114 1438 2164 periculo
1480 2115 1620 2151 crescit
1633 2141 1644 2160 ,
1681 2124 1722 2152 et

1005 2179 1171 2221 augetur
1203 2179 1347 2209 metus.
1375 2193 1434 2199 —
1469 2171 1562 2220 559.
1599 2173 1722 2208 [πεκ-

999 2228 1134 2277 pletas
1152 2227 1369 2264 lacrimans
1391 2228 1541 2278 aliquot
1561 2228 1663 2266 Pier.
1683 2238 1723 2266 et

1006 2285 1088 2323 Erf.
1113 2284 1284 2334 inpletus
1306 2289 1423 2324 Rom.
1443 2287 1492 2321 In
1507 2285 1590 2321 aliis
1615 2286 1721 2336 apud

1007 2344 1144 2380 Heius.
1169 2342 1246 2380 hoc
1268 2342 1549 2393 interpolatum
1571 2355 1582 2388 3
1604 2342 1720 2380 inex-

999 2400 1134 2449 pletus
1156 2399 1331 2436 lacrimis
1358 2413 1372 2435 .·
1400 2407 1616 2448 utrumque
1646 2413 1720 2450 pro

1007 2469 1089 2494 var.
1116 2457 1206 2494 lect.
1231 2457 1387 2494 Servius
1416 2466 1720 2503 commemorat3

1007 2512 1233 2563 inexpletus
1265 2514 1381 2549 etiam
1417 2513 1443 2550 J
1448 2513 1501 2549 ul.
1536 2514 1717 2552 Sabinus.

1008 2571 1245 2619 Compar-ant
1271 2566 1414 2621 ἄμοτον
1450 2567 1574 2607 κλαίω
1605 2572 1653 2609 11.
1681 2584 1718 2617 τ,

1009 2628 1104 2663 300.
1125 2647 1184 2654 -
1202 2625 1298 2663 561.
1320 2628 1374 2663 Ut
1401 2627 1475 2662 sim
1495 2627 1600 2674 talis,
1617 2641 1718 2679 qua·

1007 2683 1057 2719 Iis
1075 2695 1183 2720 eram
1200 2691 1274 2721 etc.
1295 2679 1358 2719 εἴθ’
1379 2680 1427 2726 ὥς
1446 2679 1612 2737 η’ἕώοιμι
1626 2687 1719 2724 Ne&

1008 2748 1070 2778 tor
1087 2740 1116 2779 l.
1137 2753 1171 2779 c.
1189 2753 1211 2781 η
1224 2767 1235 2787 ,
1264 2741 1339 2788 157
1354 2753 1364 2788 3
1382 2744 1419 2788 λ,
1438 2741 1606 2792 669.--
1620 2742 1715 2787 564.

1651 796 1710 826 560
1759 806 1761 810 ⁴
