1767 3054
724 129 876 168 LIBER
907 130 998 166 vll.

1537 131 1616 168 255

56 246 63 253 ,
116 202 221 260 1110,
250 203 374 249 velut
397 201 553 265 pelagi
576 215 717 262 rupes
737 200 938 258 inmota,
961 200 1135 247 resistit
1157 218 1167 244 :

115 276 203 323 *Ut
228 277 381 340 pelagi
403 292 569 340 rupes,
596 291 767 339 magno
791 275 1007 322 veniente
1032 275 1266 338 fragore,*

111 354 229 408 Quae
253 367 376 409 sese,
401 351 559 397 multis
584 351 764 397 circum
784 350 1065 398 latrantibus
1087 351 1250 409 undis,

106 425 234 472 Mole
259 437 408 485 tenet,
430 427 614 489 scopuli
638 426 960 489 nequidquam
984 437 1031 472 et
1052 442 1248 488 spumea
1269 425 1447 473 circum

106 503 231 548 Saxa
256 502 488 561 fremunt,
513 503 745 567 laterique
769 503 906 550 inlisa
930 503 1199 550 refunditur
1218 504 1335 566 alga.
1549 514 1609 555 590

104 578 306 635 Verum,
335 578 417 625 ubi
439 579 567 625 nulla
593 579 734 626 datur
757 595 933 625 caecum
957 594 1245 641 exsuperare
1270 587 1475 641 potestas

105 652 386 712 Consilium,
414 666 460 701 ct
483 671 619 702 saevae
643 665 764 701 nutu
787 659 814 702 J
817 655 985 701 unonis
1008 666 1121 701 eunt
1145 671 1241 714 res3

104 729 259 775 Multa
283 729 396 776 deos
421 747 655 794 aurasque
680 741 816 795 pater
835 740 1030 779 testatus
1049 731 1224 789 inanis,

104 823 123 843 «
145 806 180 848 F
183 805 427 867 rangimur
450 806 567 853 heu!
591 807 720 864 fatis,
741 807 918 869 inquit,
943 806 1237 869 ferimurque
1261 804 1494 870 procella!

101 880 199 942 Ipsi
221 879 305 928 has
330 882 558 944 sacrilego
583 881 799 944 pendetis
825 882 1052 945 sanguine
1076 899 1261 946 poenas,
1547 890 1606 932 ⁵95

104 956 147 1001 O
172 956 354 1002 miseri!
383 967 450 1014 te,
471 960 656 1014 Turne,
680 957 834 1015 nefas,
861 968 906 1003 te
933 956 1065 1002 triste
1088 956 1300 1004 manebit

100 1031 422 1092 Supplicium,
448 1032 668 1093 votisque
692 1031 806 1077 deos
829 1030 1121 1077 venerabere
1144 1032 1275 1078 seris.

101 1109 221 1153 Nam
242 1107 359 1154 mihi
383 1119 519 1170 parta
538 1107 697 1170 quies,
723 1106 971 1168 omnisque
996 1106 1044 1151 in
1069 1105 1229 1152 limine
1250 1116 1441 1169 portus3

100 1280 266 1319 deorum
287 1281 505 1319 voluntate.
519 1302 578 1311 ·—-
593 1280 674 1317 586
688 1309 698 1328 ,
721 1281 817 1329 587.

889 1282 913 1318 6
924 1295 939 1318 1
950 1280 1087 1318 8—-62
1100 1294 1116 1317 1
1154 1287 1244 1317 ante
1267 1279 1407 1318 oculos
1436 1278 1579 1319 habuit
1592 1312 1602 1330 ‚

98 1339 344 1391 Elegantiam
362 1341 406 1376 10
425 1341 660 1390 repetitione
680 1352 820 1390 agnos·
887 1348 926 1377 et
944 1339 1167 1377 exornavit.
1184 1359 1244 1366 —
1264 1339 1358 1387 590.
1386 1340 1462 1374 Pro
1486 1338 1606 1377 inlisa

99 1397 244 1435 cebant
278 1399 431 1435 Pierius
461 1406 499 1434 et
532 1397 713 1435 Ursinus.
741 1397 819 1435 Sed
887 1397 992 1448 apud
1010 1398 1112 1435 Pier.
1137 1396 1203 1433 alii
1228 1406 1413 1445 aspersa,
1449 1394 1515 1432 alii
1543 1394 1605 1434 in-

99 1455 211 1492 ah'ter
239 1456 484 1494 instituenda
503 1463 590 1493 erat
607 1456 736 1492 oratio
749 1484 760 1500 ‚
785 1456 819 1493 si

97 1522 282 1551 venustas
302 1514 395 1552 inde
422 1513 645 1565 petebatur.
678 1514 817 1551 Incur-

97 1573 149 1608 rit
177 1573 220 1609 in
251 1572 390 1610 oculos
419 1573 584 1618 vitium,
615 1570 728 1621 quod
752 1570 815 1608 his

94 1641 217 1669 vers-5.
238 1631 397 1669 insidet.
423 1631 510 1669 Aut
530 1642 689 1668 versum
708 1631 814 1680 prio-

95 1701 176 1727 rem
191 1717 203 1734 ,
226 1698 295 1726 aut
313 1690 421 1727 hunc
451 1688 621 1727 alterum
642 1700 651 1726 :
678 1690 729 1725 Ue
739 1701 813 1738 pe-

93 1745 202 1798 lagi,
249 1761 332 1785 esse
380 1749 538 1798 spurios
581 1759 813 1798 persuasum

91 1805 170 1851 jam
195 1803 368 1843 habebat
390 1807 528 1844 Heins.
542 1835 552 1853 ,
583 1817 813 1855 quanquam

93 1861 143 1898 de
160 1861 238 1899 1100
254 1864 377 1901 altero
394 1862 434 1899 id
451 1876 609 1900 censere
628 1862 810 1900 malebat.

95 1920 144 1956 Et
167 1918 301 1958 deerat
328 1921 394 1957 ille
423 1933 485 1970 pr.
517 1933 570 1958 m.
604 1919 653 1956 31)
687 1919 810 1956 altero

94 1978 258 2016 Mentel.
283 1986 322 2015 et
338 1990 399 2028 pr.
423 1991 476 2016 m.
505 1990 525 2014 a
546 1978 674 2028 Bigot.
703 1977 810 2014 Con-

96 2042 152 2071 tra
176 2036 288 2084 prior
322 2048 481 2082 versuS‚
518 2035 597 2072 Ille
623 2033 741 2070 velue
762 2047 807 2083 p.

94 2107 115 2130 a
132 2093 343 2131 Macrobio
361 2092 545 2130 laudatur
557 2121 568 2139 ,
588 2095 665 2130 Sat.
685 2091 712 2129 l.
727 2093 807 2136 VI,

96 2152 133 2190 3.
153 2151 346 2201 Equidem
362 2152 416 2188 ita
436 2152 659 2188 existimare
676 2149 809 2187 malim

91 2222 172 2247 esse
193 2219 409 2259 utrumque
431 2210 534 2246 iuter
553 2221 689 2245 versus
708 2221 808 2245 non-

92 2267 189 2304 dum
213 2281 233 2305 a
260 2276 376 2318 poeta
397 2267 598 2304 absolutos
616 2275 654 2303 et
673 2265 808 2303 elabo-

90 2333 210 2364 ratos.
236 2325 359 2376 Rupis
374 2327 489 2364 Witt.
512 2339 557 2375 p.
588 2324 715 2361 moles
731 2332 808 2361 tres

92 2392 326 2434 quatuorve.
353 2385 438 2423 Nisi
460 2383 536 2421 1100
559 2382 607 2420 ad
634 2383 808 2432 superio-

89 2455 174 2480 rem
192 2455 351 2480 versum
366 2450 537 2493 spectat,
562 2454 654 2478 nam
669 2442 713 2477 in
728 2439 806 2477 hoc

90 2501 192 2540 Pier.
227 2515 278 2538 ex
308 2500 515 2539 nonnullis
542 2498 659 2537 codd.
690 2505 803 2536 nota·

91 2560 170 2607 vit,
185 2558 330 2611 pelagi
348 2559 483 2598 moles.
486 2579 544 2586 --
559 2558 804 2607 586-590,

93 2619 224 2669 Imago
241 2619 297 2655 rei
315 2618 365 2656 ad
380 2630 539 2656 sensum
556 2616 693 2662 obvia,
723 2623 761 2653 et
784 2628 805 2652 a

93 2677 227 2714 multis
255 2676 527 2728 frequentata,
557 2685 603 2714 ut
625 2674 805 2725 exempla

93 2745 320 2772 coacervare
347 2738 488 2788 pigeat.
524 2735 715 2786 Virgilius
748 2741 805 2769 ta-

93 2803 185 2829 men
203 2794 458 2832 Homericum
476 2794 613 2831 locum
628 2790 741 2830 Iliad.
761 2802 777 2828 0
795 2817 805 2836 ,

874 1455 998 1506 susa,
1029 1454 1153 1492 Goth.
1184 1467 1262 1492 sec.
1295 1452 1477 1497 inversa;
1508 1467 1606 1492 mox

885 1512 1113 1564 infimditur
1144 1512 1240 1549 alter
1273 1510 1417 1549 Hamb.
1436 1513 1606 1551 recondi-

882 1580 947 1609 tur
963 1585 1042 1610 sec.
1062 1569 1254 1609 Rottend.

943 1630 1038 1679 593.
1063 1631 1222 1675 Auras,
1250 1626 1395 1665 coelum
1419 1628 1604 1667 manibus

878 1687 1046 1725 sublatis
1067 1687 1303 1725 obtestatur.
1326 1687 1499 1731 Inanes,
1522 1689 1605 1738 epi-

879 1746 1020 1784 theton
1041 1739 1408 1797 perpetuum'aeris
1429 1751 1468 1781 et
1487 1745 1605 1782 301110-

882 1805 935 1840 ris
950 1832 960 1850 ‚
979 1817 1017 1842 v.
1038 1817 1072 1842 c.
1094 1802 1201 1854 apud
1213 1805 1370 1840 Lucret.
1390 1803 1516 1852 Supra
1529 1805 1601 1850 VI,

883 1869 963 1908 740
991 1869 1030 1898 et
1049 1864 1108 1907 X,
1135 1861 1185 1896 82
1206 1869 1353 1897 ventos
1371 1858 1525 1898 inanes.
1544 1882 1602 1892 -—-

882 1920 978 1970 594.
1004 1922 1101 1958 Fato
1120 1930 1160 1954 se
1182 1919 1290 1956 vinci
1305 1919 1381 1964 ait,
1407 1926 1604 1967 quatenus

878 1991 962 2015 non
978 1989 1109 2022 suum,
1119 1976 1187 2014 sed
1201 1988 1352 2013 caecum
1364 1975 1492 2012 turhae
1505 1989 1604 2014 con-

876 2035 1009 2072 silium
1023 2062 1034 2080 ,
1055 2033 1095 2071 11.
1128 2034 1379 2072 temerarium
1405 2034 1602 2083 impetum

877 2102 915 2130 et
933 2092 1109 2130 furorem
1123 2119 1133 2138 ,
1151 2093 1263 2142 sequi
1281 2093 1450 2142 cogitur.
1473 2092 1602 2129 Sacri-

877 2150 1266 2202 lego—sanguine,
1295 2158 1492 2200 quatenus
1522 2151 1600 2200 ipsi

876 2209 1117 2260 Aborigines
1140 2208 1340 2260 sacrilegi,
1371 2209 1508 2258 impii,
1528 2208 1600 2247 ha-

876 2266 999 2304 bendi
1022 2274 1136 2314 sunt,
1164 2268 1236 2318 qui
1264 2273 1401 2304 contra
1430 2266 1598 2304 deorum

875 2325 1122 2362 voluntatem
1131 2325 1283 2363 bellum
1295 2325 1396 2361 susci
1401 2325 1518 2374 piunt
1529 2324 1598 2363 foe-

874 2381 1029 2434 dusque
1062 2384 1187 2421 ictum
1208 2382 1374 2420 violant.
1406 2383 1495 2420 Has
1509 2397 1598 2433 μα’-

875 2454 973 2486 nas,
996 2441 1136 2488 docte,
1157 2454 1235 2492 pro
1251 2439 1398 2478 scelere
1417 2438 1491 2477 hoc
1509 2454 1597 2508 poe-

874 2512 956 2538 nas.
969 2500 1134 2550 —598.
1152 2500 1279 2539 Servii
1303 2499 1516 2549 explicatio
1534 2501 1598 2536 ni-

872 2557 945 2595 hili
964 2567 1048 2596 est:
1071 2557 1258 2596 securitas
1277 2569 1408 2594 omnes
1427 2556 1595 2607 inportu

874 2625 956 2661 est;
975 2629 1050 2654 nec
1079 2617 1169 2667 plus
1192 2613 1354 2666 proficit
1379 2616 1591 2652 Donatus:

872 2677 1014 2712 Portus
1047 2673 1148 2712 ιηιΙιί
1182 2683 1259 2712 erzt
1291 2673 1414 2710 limen
1452 2673 1593 2710 domus

874 2747 974 2771 mece
986 2761 998 2778 ,
1021 2732 1131 2784 quod
1145 2744 1366 2785 egressurus
1387 2744 1467 2768 non
1492 2743 1590 2768 sum.

872 2793 966 2830 Erat
1003 2792 1140 2831 saltem
1176 2792 1298 2831 limen
1324 2801 1464 2844 porcas
1494 2791 1593 2846 acci:
