1767 3054
130 180 209 215 224

751 180 991 219 AENEIDOS

129 247 355 292 Instratos
377 258 505 293 ostro
529 247 734 309 alipedes
757 251 988 312 pictisque
1014 253 1182 313 tapetis
1209 269 1217 297 :

131 320 291 364 Aurea
313 320 586 381 pectoribus
607 322 807 370 demissa
830 325 1021 370 monilia
1047 327 1274 387 pendent3

132 394 263 439 Tecti
286 410 425 452 auro,
452 397 633 443 fulvum
656 398 884 444 mandunt
907 399 994 445 sub
1016 400 1235 448 dentibus
1256 418 1437 448 aurum.

130 468 328 514 Absenti
351 473 508 517 AEneae
530 488 721 517 currum
743 472 1048 534 geminosque
1063 475 1259 536 jugalis,

1562 487 1623 517 280

131 543 318 589 Semine
343 544 402 590 ab
428 545 646 604 aetherio,
672 546 892 607 spirantis
915 547 1111 593 naribus
1130 549 1308 610 ignem,

130 619 325 664 Illorum
351 620 409 665 de
431 632 592 682 gente,
618 622 741 682 patri
761 637 879 683 quos
903 622 1095 668 Daedala
1115 620 1259 670 Circe

131 695 386 755 Supposita
407 695 465 741 de
490 708 639 742 matre
662 696 834 743 nothos
861 697 1015 742 furata
1038 699 1229 745 creavit.

128 767 319 813 Talibus
343 770 564 817 AEneadae
589 771 724 816 donis
744 770 974 832 dictisque
995 771 1150 817 Latini

129 841 362 888 Sublimes
387 844 434 888 in
460 846 592 905 equis
613 845 832 902 redeunt,
858 861 1117 906 pacemque
1136 858 1394 909 reportant.

1561 859 1619 888 285

193 919 312 963 Eece
336 929 494 963 autem
515 918 717 964 Inachiis
742 935 842 964 sese
862 919 1098 965 referebat
1122 920 1181 966 ab
1206 922 1345 983 Argis

128 993 262 1035 Saeva
285 994 311 1035 J
315 992 416 1037 ovis
445 992 639 1054 conjux,
667 1010 899 1054 aurasque
923 994 1109 1040 invecta
1130 995 1340 1053 tenebat3

128 1067 184 1109 Et
207 1065 366 1110 laetum
389 1068 605 1126 AEneam,
628 1069 914 1129 classemque
935 1085 992 1114 ex
1014 1069 1187 1115 aethere
1210 1070 1350 1132 longo

126 1139 415 1186 Dardaniam
441 1143 598 1189 Siculo
622 1144 867 1205 prospexit
889 1143 947 1189 ab
972 1161 1121 1206 usque
1144 1144 1378 1206 Pachyno.

127 1216 288 1261 Moliri
302 1217 398 1278 jam
423 1229 546 1265 tecta
566 1218 719 1277 videt,
737 1220 833 1281 jam
855 1218 1002 1265 fidere
1027 1231 1187 1278 terrae,

125 1385 245 1434 gulis;
276 1386 378 1423 nihil
399 1387 577 1437 amplius.
607 1388 658 1425 cf.
676 1402 714 1426 v.
741 1389 833 1436 139.

123 1445 245 1479 Erant
273 1444 391 1494 legati
416 1453 575 1482 centum
605 1458 614 1483 :
639 1458 726 1495 sup.
758 1446 834 1482 153

125 1509 227 1536 ostro
250 1501 448 1551 pictisque
478 1502 643 1552 tapetis,
677 1503 717 1540 h.
749 1516 833 1538 ves-

123 1557 230 1593 tibus
266 1559 447 1609 stragulis
484 1562 696 1609 purpureis
737 1572 834 1595 auro

122 1615 284 1651 intextis
330 1616 393 1652 vel
436 1629 510 1652 acu
536 1616 656 1666 pictis
685 1630 698 1653 :
727 1616 833 1653 unde

123 1685 243 1717 mox,
285 1671 379 1709 tecti
406 1686 517 1710 auro.
553 1675 668 1712 Petiit
703 1682 834 1711 autem

122 1743 172 1765 ex
207 1732 406 1776 Homero,
436 1731 541 1781 apud
569 1744 688 1781 quem
708 1729 741 1768 οἱ
764 1729 833 1769 τοί-

120 1800 238 1831 πητες
250 1786 459 1841 πορφύρεοι
476 1798 706 1834 occurrunt,
720 1791 835 1827 etiam

121 1846 225 1882 inter
252 1857 445 1882 munera:
467 1846 513 1884 ΙΙ.
539 1860 568 1883 ω
584 1874 594 1892 ‚
629 1847 725 1884 230.
750 1849 835 1883 Mo-

121 1902 221 1939 nilia
249 1916 332 1940 non
357 1911 437 1939 tam
464 1917 514 1941 ex
544 1903 761 1941 unionibus
787 1917 832 1941 ac

120 1961 304 2010 gemmis,
332 1973 450 2010 quam
480 1963 644 1999 omnino
673 1970 833 2011 torques

120 2019 254 2064 aurei,
276 2017 340 2055 vel
361 2018 531 2067 phalerae
553 2019 829 2069 intelligeudae.

119 2076 259 2125 Neque
291 2076 464 2113 Orientis
494 2076 637 2112 fastum
674 2077 718 2112 in
750 2076 827 2113 hoc

121 2131 322 2182 adoptasse
358 2133 560 2182 putandus
595 2142 653 2170 est
684 2142 828 2183 poeta;

121 2192 251 2226 verius
274 2203 326 2226 ex
349 2190 519 2240 antiquae
545 2191 667 2227 Italiae
697 2191 760 2227 vel
778 2193 829 2227 E-

119 2249 253 2284 truriae
269 2247 371 2283 luxu
386 2260 469 2284 rem
486 2249 612 2297 petiit.
630 2250 730 2286 Nam
749 2261 832 2285 mo-

118 2303 259 2340 nilium
290 2313 328 2341 et
356 2307 560 2355 torquium
588 2306 751 2343 omnino
773 2307 831 2342 in-

121 2368 178 2396 ter
229 2363 413 2398 Etruscos
468 2362 830 2412 frequentissimum

119 2430 235 2453 usum
258 2418 375 2455 fuisse
399 2419 544 2456 docent
562 2422 726 2457 Etrusca
744 2433 829 2457 mo-

119 2483 318 2512 numenta.
351 2477 452 2513 Mox
477 2490 616 2513 aarum
646 2477 713 2513 sub
740 2478 831 2514 den-

119 2531 217 2568 tibus
240 2533 328 2582 quis
354 2546 438 2569 non
456 2533 564 2570 videt
583 2547 663 2571 esse
686 2534 793 2572 frena
812 2535 829 2571 Ξ)

118 2611 176 2619 —·
195 2590 277 2628 280
297 2603 382 2639 sqq.
401 2593 532 2626 AEneae
551 2592 671 2628 mittit
691 2605 827 2641 equos,

118 2661 291 2700 quorum
316 2660 440 2697 genus
472 2647 749 2685 adumbratum
772 2658 829 2686 est

119 2719 169 2743 ex
189 2706 235 2744 Il.
259 2718 300 2752 ε,
327 2704 407 2741 265
435 2718 542 2754 sqq.‚
571 2704 642 2742 ubi
668 2707 778 2755 equis
807 2719 828 2743 a

118 2767 219 2801 Jove
236 2764 334 2802 Troi
355 2761 509 2800 donatis
528 2762 720 2799 Anchises
738 2763 829 2799 sub-

118 2824 276 2860 miserat
297 2833 439 2875 equas;
472 2832 580 2858 nunc
608 2820 744 2865 Circe,
768 2820 827 2856 in-

1559 1243 1617 1273 290

903 1386 1061 1436 geniosa
1082 1389 1182 1426 Solis
1201 1386 1283 1425 filia
1297 1416 1307 1434 ,
1328 1389 1394 1425 cui
1412 1389 1455 1424 in
1471 1387 1615 1425 fabulis

902 1445 1045 1482 Italicis
1061 1447 1248 1496 proprius
1262 1446 1404 1495 aliquis
1421 1445 1530 1482 locus
1542 1455 1614 1490 est,

902 1503 975 1538 uni
1018 1516 1213 1552 equorum
1260 1504 1383 1553 patris
1432 1502 1615 1539 submisit

902 1560 1107 1596 mortalem
1139 1572 1280 1609 equam
1293 1587 1304 1604 ‚
1339 1559 1433 1595 hinc
1472 1559 1613 1596 nothos

888 1614 1035 1666 fiet-ata
1067 1616 1234 1660 creavit,
1263 1617 1339 1653 hoc
1366 1625 1442 1662 est,
1472 1617 1611 1654 furtim

900 1682 1120 1724 susceptam
1145 1675 1375 1724 progeniem
1389 1702 1398 1720 ,
1429 1674 1584 1724 pullum
1598 1703 1609 1720 ‚

902 1739 1014 1768 nacta
1042 1739 1113 1770 est.
1133 1731 1241 1770 Nihil
1262 1739 1391 1768 autem
1414 1732 1457 1767 in
1480 1740 1611 1781 poeta-

901 1800 990 1825 rum
1025 1787 1168 1825 fabulis
1199 1788 1375 1825 nobilius
1412 1797 1470 1824 est
1509 1789 1609 1826 Solis

901 1847 1025 1894 equis.
1046 1868 1103 1874 —-
1124 1845 1220 1883 285.
1254 1845 1471 1896 ‘Jungenda
1485 1873 1495 1892 ,
1525 1845 1611 1882 sub-

900 1901 1012 1939 limes
1039 1903 1080 1939 in
1109 1902 1241 1952 equis,
1268 1910 1314 1940 ut
1339 1915 1466 1952 saepe,
1499 1915 1606 1949 non,

899 1959 1081 1997 sublimes
1115 1960 1230 1997 donis
1273 1959 1464 2010 dictisque
1474 1974 1491 2005 ;
1539 1959 1607 1997 sed

898 2017 1013 2054 donis
1042 2016 1231 2067 dictisque
1259 2030 1358 2066 pro,
1394 2026 1485 2067 post
1517 2017 1605 2054 talia

897 2073 1000 2110 dicta
1013 2101 1023 2121 ,
1040 2088 1110 2113 seu
1128 2087 1219 2112 eum
1233 2074 1386 2124 talibus⁴
1396 2075 1510 2112 donis
1528 2073 1606 2110 dic-

895 2133 1037 2182 tisque.

958 2189 1039 2225 286
1059 2202 1143 2239 sqq.
1163 2189 1277 2227 Nova
1292 2188 1541 2242 περιπέτειαι,
1564 2197 1601 2225 et

896 2259 1029 2282 rerum
1058 2248 1265 2284 conversio
1304 2248 1569 2297 inexspectata
1588 2274 1599 2290 ,

898 2316 1024 2354 quum
1040 2304 1121 2351 jam
1138 2303 1186 2340 ad
1207 2313 1394 2341 eventum
1415 2302 1602 2354 perducta

895 2361 1126 2398 viderentur
1142 2362 1407 2408 Trojanorum
1421 2360 1509 2397 fata.
1527 2361 1601 2397 Ite-

895 2431 986 2454 rum
1012 2419 1186 2456 Junonis
1211 2418 1305 2455 odio
1337 2425 1375 2453 et
1403 2418 1460 2453 ira
1487 2425 1602 2467 poeta

895 2477 1043 2522 utitur;
1078 2477 1150 2513 etsi
1182 2476 1225 2511 in
1265 2481 1349 2511 toto
1386 2473 1477 2510 loco
1512 2482 1601 2510 ante

895 2533 1034 2570 oculos
1062 2533 1140 2569 fuit
1163 2533 1373 2580 Neptunus
1392 2530 1534 2581 Odyss.
1557 2544 1571 2567 ε
1587 2560 1597 2576 ,

897 2590 978 2627 282
996 2603 1079 2640 sqq.
1093 2586 1310 2631 Fatendum
1325 2599 1486 2637 quoque
1501 2588 1599 2625 mul-

894 2656 979 2684 tum
1009 2642 1276 2683 similitudinis
1305 2643 1400 2680 huic
1424 2646 1451 2682 J
1454 2647 1598 2682 unonis

894 2703 1065 2742 orationi
1088 2714 1168 2739 esse
1187 2713 1278 2739 cum
1298 2700 1364 2738 illa
1381 2700 1452 2739 lib.
1473 2703 1492 2738 I
1505 2729 1516 2748 ,
1543 2703 1596 2739 36

893 2775 999 2812 seqq.
1031 2761 1070 2798 A
1090 2757 1276 2808 Pachyno
1302 2771 1428 2807 usque
1455 2759 1598 2797 Sieiliae

892 2817 1166 2868 promontorio
1195 2816 1387 2867 prospicit
1417 2817 1594 2864 Latium3
