1767 3054
779 129 930 166 ruffin
964 131 1011 163 v.
1623 143 1646 176 9

44 224 54 234 ·
104 259 111 263 -
144 204 333 264 Quique
357 202 529 264 pedum
556 215 699 246 cursu
723 200 868 257 valet,
892 211 937 245 et
960 198 1042 260 qui
1066 198 1248 243 viribus
1277 201 1432 245 audax

146 282 240 324 Aut
253 276 410 342 Jaculo
433 275 609 322 incedit
630 276 798 322 melior
819 275 1098 337 levibusque
1123 275 1326 337 sagittis,

145 357 238 400 Seu
259 352 407 398 crudo
424 351 524 398 fidit
546 369 751 416 pugnam
774 353 1070 399 committere
1092 363 1258 411 caestu,

143 429 310 475 Cuncti
330 427 507 488 adsint,
534 430 810 492 meritaeque
829 440 1103 492 exspectent
1125 429 1319 491 praemia
1340 428 1519 491 palmae.

142 506 240 550 Ore
259 505 414 551 favete
436 521 622 565 omnes,
649 517 696 553 et
718 517 932 570 tempora
955 508 1129 569 cingite
1152 507 1308 552 ramis.
1334 528 1352 547 υ

206 580 285 626 Sic
308 581 452 639 satus,
478 583 603 628 velat
628 594 842 629 materna
868 594 1084 645 tempora
1110 595 1284 644 myrto.

140 657 243 702 Hoc
264 656 492 718 Helymus
521 658 656 714 facit,
676 657 770 704 hoc
795 659 883 704 aevi
910 669 1124 703 maturus
1151 661 1366 712 Acestes,

140 732 245 776 Hoc
268 746 388 792 puer
413 733 668 789 Ascanius;
695 732 912 793 sequitur
934 746 1055 792 quos
1083 741 1241 776 cetera
1267 728 1431 793 pubes.

138 804 223 849 Ille
248 822 274 849 e
293 806 494 851 concilio
516 806 675 853 multis
697 822 805 851 cum
827 804 1034 851 millibus
1060 805 1161 851 ibat

139 876 216 923 Ad
244 880 500 937 tumulum,
526 897 695 942 magna
719 879 904 926 medius
926 881 1181 926 comitante
1201 892 1405 926 caterva.

141 955 232 1000 Hic
252 955 348 1000 duo
375 955 464 1001 rite
486 971 618 1001 mero
639 955 790 1002 libans
812 955 1055 1002 carchesia
1074 955 1260 1001 Baccho

139 1027 314 1075 Fundit
334 1028 489 1087 humi,
515 1029 611 1075 duo
635 1030 755 1076 lacte
778 1045 928 1086 noxe,
952 1029 1049 1075 duo
1071 1030 1298 1092 sanguine
1324 1044 1481 1087 sacro;

141 1105 508 1167 Purpureosque
531 1105 646 1166 jacit
667 1105 830 1162 flores,
854 1120 906 1150 ac
933 1103 1043 1150 talia
1063 1104 1220 1152 satur:

143 1285 244 1329 θήσω
281 1281 391 1326 ἆθλῡν
412 1316 422 1334 ,
454 1285 593 1342 ἀγῶνα
612 1316 622 1335 ,
657 1290 863 1326 instituam

145 1354 343 1383 certamen
367 1346 517 1384 navaie.
540 1348 580 1383 ΙΙ
602 1348 748 1397 Georg.
781 1347 861 1384 530

136 1402 372 1454 pecorisque
396 1403 596 1455 magistris
624 1407 662 1440 V
660 1403 780 1442 elocis
802 1404 864 1454 sa-

143 1460 225 1498 culi
254 1460 477 1498 certamina
502 1462 625 1513 ponit
661 1461 703 1499 ia
739 1464 860 1502 ulmo,

145 1521 248 1557 Tum
270 1519 341 1570 qui
350 1520 502 1570 pedum
522 1534 633 1557 eursu
649 1521 767 1558 valet
785 1530 860 1559 etc.

144 1576 186 1615 h.
217 1590 251 1615 e.
286 1591 408 1628 porro
444 1579 659 1615 certamina
692 1592 832 1616 cursus
852 1608 862 1625 ‚

143 1634 354 1686 sagittandi
386 1648 430 1672 ac
465 1645 617 1674 caestus.
644 1638 744 1674 Nam
777 1637 864 1675 haec

144 1693 247 1737 infra
269 1693 446 1731 exhibita
468 1694 636 1732 videbis.
659 1697 685 1733 J
688 1708 748 1732 am
771 1709 864 1746 poe-

145 1751 261 1788 ticam
295 1753 516 1790 orationem
550 1752 721 1791 adverte.
754 1756 866 1791 lnce-

143 1807 221 1852 dit,
244 1822 319 1860 pro
354 1819 412 1847 est
439 1811 640 1861 positum,
664 1825 715 1848 ne
740 1812 864 1849 offen-

144 1864 230 1912 dat,
247 1867 448 1918 jungenda
476 1877 606 1906 teneas
624 1869 695 1918 qui
711 1868 864 1906 viribus

146 1923 287 1960 audax
308 1922 477 1970 incedit,
506 1935 579 1963 auc
598 1927 741 1963 melior
753 1926 863 1977 jaca-

145 1981 185 2017 Io
209 1981 366 2031 (itaque
397 1982 650 2033 interpuncta
680 1984 861 2034 sustuli).

146 2040 249 2076 Tum
269 2038 410 2089 jaculo
437 2049 475 2077 et
495 2039 669 2091 sagittis,
698 2041 738 2078 h.
764 2042 789 2078 l.
815 2041 863 2078 de

144 2095 300 2142 eadem,
326 2106 371 2134 ut
397 2099 499 2135 infra
531 2099 747 2149 apparebit.
775 2098 864 2135 Cru-

144 2153 196 2191 do
208 2164 327 2191 coestu
337 2170 354 2200 ;
372 2169 393 2192 e
413 2157 524 2194 corio
544 2155 701 2193 bubulo
721 2156 861 2194 crudo.

145 2225 182 2250 v.
198 2213 269 2250 inf.
283 2214 556 2260 404.Palmoe,
567 2216 675 2252 Serv.
690 2215 863 2260 virtutis3

142 2271 330 2320 proximo
361 2281 492 2309 tamen
518 2271 608 2310 loco
627 2300 637 2318 ‚
673 2273 862 2310 vietoriae.

142 2329 287 2366 Favete
304 2358 315 2375 ‚
339 2329 558 2383 εὐφημεῖτε.
587 2329 725 2368 [tamis
758 2330 864 2380 apud

143 2394 302 2436 poetam
354 2402 428 2439 pro
468 2388 628 2426 corollis
673 2388 860 2426 frondeis.

143 2465 202 2473 -—·
221 2458 286 2493 71.
310 2448 507 2497 Tempora
542 2446 690 2499 cingite
723 2448 863 2484 tacitus

144 2505 336 2555 recepisse
372 2505 533 2543 videtur
561 2507 721 2552 Burm.‚
754 2504 864 2556 quod

146 2561 246 2599 Pier.
275 2575 296 2599 e
319 2565 501 2602 Romano
521 2571 559 2600 et
589 2564 674 2601 aliis
698 2572 862 2600 notave-

146 2627 226 2666 rat;
261 2619 390 2658 modis
420 2622 688 2659 suavioribus.
731 2621 862 2672 Vulgo

147 2676 297 2728 cingite
331 2687 524 2730 tempora.
561 2682 604 2718 T.
643 2693 676 2717 c.
719 2690 861 2729 myrto.

150 2734 272 2774 Goth.
306 2745 394 2776 tert.

208 2806 276 2841 72.
304 2795 425 2834 Velac
444 2795 685 2834 vocabulum
709 2809 865 2834 sacrum

930 1289 979 1326 de
1022 1288 1182 1327 coroUis
1196 1317 1206 1335 ‚
1248 1288 1388 1326 infulis
1436 1302 1481 1325 ac
1526 1291 1647 1328 vittis.

931 1347 1037 1385 conf.
1054 1349 1114 1385 XI
1128 1375 1138 1393 ‚
1165 1348 1361 1394 1013vl1
1375 1375 1385 1393 ,
1413 1347 1645 1393 1543v111,

933 1406 1037 1453 276,
1060 1418 1156 1453 277·
1192 1407 1382 1442 Materna
1406 1414 1534 1453 myrto
1558 1418 1647 1455 sup.

932 1465 1004 1502 Ge.
1030 1466 1070 1511 Ι,
1104 1463 1154 1500 28
1181 1464 1262 1511 jam
1286 1463 1472 1501 vidimus.
1513 1462 1653 1511 Cythe-

929 1522 1043 1558 riaca
1063 1530 1212 1570 myrtus
1239 1534 1301 1571 ap.
1325 1520 1444 1560 Ovid.
1469 1522 1526 1558 IV
1546 1523 1647 1558 Fast.

937 1581 1000 1618 15.
1018 1601 1078 1609 —-
1093 1581 1160 1627 73.
1174 1578 1333 1616 Elimas
1345 1607 1355 1625 ,
1375 1578 1518 1616 Elinus
1531 1605 1541 1624 ‚
1559 1579 1652 1616 Ele-

932 1649 1029 1682 nus,
1064 1637 1271 1683 Helimus,
1294 1637 1502 1681 Holimus,
1535 1636 1652 1674 Hele-

932 1709 1004 1732 nus
1031 1696 1176 1746 passim
1207 1697 1250 1732 in
1284 1696 1454 1745 scriptiS.
1489 1693 1565 1732 Sed
1594 1703 1651 1731 est

932 1753 1039 1804 apud
1066 1754 1237 1804 Dionys,
1263 1753 1393 1790 Halic.
1415 1743 1577 1804 ἔλυμες.
1592 1774 1650 1780 -

929 1812 1145 1860 Helymum
1180 1811 1282 1848 bene
1309 1810 1349 1848 h.
1374 1810 1401 1847 l.
1434 1819 1649 1855 memorat3

931 1882 1022 1906 nam
1045 1872 1078 1906 is
1095 1882 1186 1906 cum
1208 1871 1366 1919 AEgesto
1391 1868 1453 1905 vel
1481 1872 1623 1906 Acesta
1640 1896 1649 1912 ,

931 1928 1051 1974 Troja
1072 1934 1184 1976 capta
1198 1953 1208 1970 ‚
1230 1925 1404 1963 Siciliam
1423 1926 1581 1974 petiisse
1601 1925 1651 1962 fe-

932 1984 1106 2021 rebatur.
1127 1982 1222 2019 Vid.
1258 1984 1427 2032 Dionys.
1458 1982 1586 2019 Halic.
1607 1984 1625 2019 Ι
1639 2011 1649 2027 ,

934 2049 982 2087 47
1008 2049 1046 2077 et
1069 2041 1135 2077 52.
1151 2037 1245 2076 AEvi
1260 2047 1438 2076 maturus
1456 2041 1651 2089 exquisite

930 2111 1005 2148 pro
1024 2107 1200 2134 maturus
1219 2110 1302 2134 aevo
1314 2126 1326 2141 ‚
1353 2097 1415 2134 vel
1431 2110 1517 2135 aevo
1546 2106 1584 2135 et
1604 2110 1650 2134 ae-

932 2165 1008 2193 tate
1025 2164 1189 2192 matura.
1210 2154 1260 2192 cf.
1280 2157 1414 2193 Burm.

993 2228 1059 2261 77.
1097 2213 1332 2250 Inferiarum
1381 2214 1500 2252 ritus.
1542 2214 1648 2250 conf.

932 2271 1043 2310 Iliad.
1066 2267 1116 2322 ψ,
1144 2284 1222 2318 170
1242 2285 1299 2322 sq.
1323 2283 1406 2321 219
1424 2284 1490 2322 sq*
1504 2279 1544 2309 et
1559 2284 1648 2321 sup.

931 2332 1011 2376 III,
1032 2330 1086 2366 66
1102 2358 1112 2376 ,
1139 2329 1207 2376 67.
1234 2328 1470 2374 Car-claena,
1494 2342 1576 2367 vox
1595 2329 1649 2366 ob

930 2388 1161 2440 dignitatem
1185 2389 1337 2438 epicam
1368 2387 1510 2424 dilecta
1524 2415 1535 2434 ‚
1557 2400 1647 2424 cum

930 2448 1031 2483 vasis
1048 2459 1172 2498 genus
1195 2455 1295 2483 esset
1313 2445 1617 2483 memorandum
1638 2457 1647 2482 :

930 2513 1193 2542 memoratum
1223 2505 1302 2552 jam
1334 2505 1406 2541 Ge.
1434 2506 1518 2550 lv,
1550 2504 1645 2540 380.

930 2565 1043 2600 Mero
1072 2561 1259 2607 Baccho,
1298 2575 1348 2599 ex
1369 2574 1499 2607 more3
1524 2562 1567 2597 in
1589 2574 1649 2598 sa-

930 2622 1007 2658 cris
1043 2622 1139 2658 vino
1170 2634 1280 2658 mero
1316 2633 1457 2670 aquam
1485 2620 1648 2655 miscere

930 2679 1039 2717 nefas
1059 2687 1153 2718 erat.
1180 2678 1386 2729 Sanguine
1408 2690 1520 2714 sacro
1532 2705 1544 2722 ,
1566 2678 1647 2713 vic—

931 2738 1131 2775 timarum.
1170 2735 1546 2788 Purpureosslores.
1572 2736 1648 2770 Ite-

932 2809 1023 2833 rum
1041 2796 1095 2833 sic
1117 2795 1186 2834 inf.
1213 2797 1289 2842 VI,
1319 2794 1415 2831 885.
1435 2792 1649 2843 Epitheton
