1767 3054
742 123 896 163 LIBER
929 126 980 161 Υ.
1492 124 1496 127 ”
1566 132 1617 166 35

98 198 252 244 Prima
279 207 426 253 tenet,
449 196 713 258 plausuque
736 196 862 242 volat
888 195 1176 258 fremituque
1201 201 1423 247 seeundo.

94 276 204 319 Post
225 273 450 334 Helymus
470 270 619 327 subit,
646 282 692 316 et
712 288 837 316 nunc
861 271 1000 317 tertia
1021 273 1176 334 palma
1201 274 1389 321 Diores.

99 347 190 394 Hic
215 357 364 392 totum
388 361 544 391 caveae
566 360 836 390 consessum
862 345 1088 407 ingentis,
1113 358 1159 392 et
1180 362 1265 393 ora
1546 362 1605 398 330

97 420 251 466 Prima
271 431 462 481 patrum
491 419 670 481 magnis
698 419 851 465 Salius
873 419 1159 466 clamoribus
1187 421 1358 483 inplet,

96 498 420 557 Ereptumque
441 494 551 540 dolo
580 493 715 539 reddi
743 492 833 538 sibi
860 494 1011 554 poscit
1033 494 1280 541 honorem.

95 570 297 614 Tutatur
323 568 459 614 favor
482 567 766 628 Euryalum,
790 566 1090 629 lacrimaeque
1116 568 1324 628 decorae,

96 641 290 688 Gratior
314 653 360 688 et
380 641 582 704 pulchro
605 642 797 686 veniens
823 640 869 684 in
891 656 1093 702 corpore
1115 643 1285 690 virtus.

95 716 327 780 Adjuvat,
353 727 398 763 et
419 733 588 780 magna
613 716 875 779 proclamat
899 731 1017 761 voce
1038 718 1232 775 Diores,
1550 733 1609 768 345

99 794 195 850 Qui
220 793 364 840 subiit
389 794 580 856 palmae,
602 794 874 852 frustraque
899 790 960 836 ad
985 793 1180 854 praemia
1198 794 1330 840 venit

99 869 301 927 Ultima,
327 870 366 916 si
388 869 531 931 primi
555 868 683 915 Salio
706 865 972 914 redduntur
995 867 1215 916 honores.

97 1041 212 1076 Voss.
234 1059 293 1066 —-
316 1039 412 1076 338.
442 1038 581 1076 Prima
609 1047 738 1084 tenet,
767 1038 818 1077 ταί

96 1099 259 1150 πρῶτα,
281 1098 490 1134 victoriam
514 1097 669 1133 obtinet
688 1098 818 1147 primo

96 1155 184 1192 loco
198 1182 209 1200 ‚
235 1156 378 1192 amoris
397 1153 595 1192 beneficio
612 1163 651 1191 et
669 1155 815 1193 studio.

96 1213 180 1249 —3
190 1213 255 1262 39.
279 1211 577 1262 Tertiapalma‚
600 1214 716 1250 tertio
729 1214 818 1251 loeo

98 1272 252 1316 victor,
293 1272 445 1307 ratione
477 1272 656 1320 poetica,
698 1284 817 1321 quam

97 1330 181 1379 ipsa
199 1328 265 1365 illa
283 1328 464 1377 exempla
484 1329 706 1375 illustrant,
729 1342 818 1378 quae

98 1388 348 1424 Burmannus
384 1385 518 1423 laudat
554 1385 602 1423 ad
636 1385 676 1423 h.
717 1387 743 1424 l.
779 1395 818 1423 et

96 1443 299 1482 Drakenb.
331 1442 379 1480 ad
398 1444 539 1481 Silium
563 1445 685 1490 XVI,
720 1445 815 1489 504.

98 1502 150 1540 cf.
184 1503 330 1552 Georg.
365 1503 408 1547 Ι,
444 1503 495 1553 59
515 1531 525 1549 ‚
557 1502 629 1539 ubi
651 1503 817 1553 palmas

97 1559 289 1597 Eliadum
330 1573 522 1611 equarum
558 1569 675 1611 poeta
712 1560 814 1598 dixit

95 1631 213 1668 equas
261 1619 444 1656 victrices
492 1620 536 1655 in
584 1617 813 1656 decursibus

95 1676 331 1728 olympicis.
352 1676 500 1714 Palma
515 1705 525 1722 ,
549 1685 593 1713 ut
612 1675 787 1713 victoria
801 1705 811 1722 ‚

94 1742 134 1771 et
159 1747 262 1785 saepe
287 1735 359 1771 alia
390 1734 607 1781 abstracta,
636 1748 711 1785 pro
732 1736 814 1772 vic-

94 1800 192 1830 tore.

153 1851 236 1894 340
258 1872 314 1878 —
334 1851 430 1897 347.
470 1851 604 1889 Simile
632 1852 811 1901 jurgium

94 1920 155 1957 ap.
189 1908 353 1946 Homer.
386 1908 499 1946 Iliad.
530 1906 582 1958 ψ,
620 1909 699 1952 543
725 1922 810 1959 sqq.

98 1965 288 2010 Caveam,
314 1977 412 2002 voce
442 1978 463 2000 a
488 1965 641 2002 theatro
669 1964 810 2011 ducta,

93 2022 194 2060 bene
221 2022 324 2060 dixit
354 2023 488 2059 locum
511 2018 738 2074 θεατροειδῆ
769 2025 812 2059 in

91 2081 193 2118 valle
223 2082 329 2118 inter
362 2081 482 2117 colles
511 2093 520 2118 :
556 2089 600 2117 ut
638 2080 717 2116 288
752 2093 810 2131 sq.

91 2138 329 2177 videramus,
363 2140 447 2175 Ora
462 2138 599 2188 prima
619 2146 805 2188 patrum,

91 2199 264 2235 seniores
302 2198 346 2236 in
386 2198 524 2247 primis
563 2196 685 2241 locis,
722 2204 811 2233 ante

90 2255 206 2302 alios,
227 2254 429 2301 sedentes,
451 2256 603 2305 priores
634 2253 805 2301 ordines,

88 2313 237 2364 quibus
266 2314 442 2350 seniores
470 2321 508 2349 et
534 2312 808 2350 honoratiores

88 2371 289 2409 sedebant.
332 2370 608 2421 Lacrimaeque
650 2371 807 2408 decorae

88 2431 204 2480 pueri
221 2429 501 2480 supplicatum,
522 2442 572 2466 ne
590 2428 665 2466 sibi
684 2430 804 2467 victo-

88 2488 157 2525 riae
190 2487 320 2525 honos
358 2489 590 2538 eriperetur.
633 2487 805 2524 Veniens

87 2545 218 2597 simpl.
237 2559 334 2596 pro,
353 2559 442 2596 quae
458 2554 528 2583 est.
550 2547 649 2584 Nam
663 2545 806 2582 venire

87 2602 243 2653 plenius
270 2617 357 2642 voc.
382 2605 509 2654 poetis
527 2617 601 2654 pro
627 2617 732 2650 esse,
763 2611 807 2640 ut

84 2661 165 2708 jam
198 2663 386 2699 Heinsius
420 2663 575 2699 notavit
606 2661 654 2698 ad
687 2661 805 2699 ovid.

89 2720 142 2756 V.
165 2720 267 2758 Fast.
288 2720 370 2765 648
392 2728 431 2757 et
450 2719 498 2758 al.
518 2720 594 2757 loc.
618 2718 808 2772 ἔρχεσθαι,

94 2773 234 2825 ἐλθεῖν,
262 2778 321 2817 sic
356 2777 452 2817 adeo
485 2779 527 2816 in
558 2777 808 2829 pedestribus

885 1040 1161 1091 scriptoribus.
1186 1041 1351 1077 Veteres
1377 1040 1608 1079 Grammati-

887 1099 923 1134 ci
942 1097 1112 1134 veniens
1130 1097 1171 1135 h.
1190 1098 1217 1135 l.
1239 1099 1498 1148 proveniens,
1520 1113 1606 1136 nas-

887 1169 978 1192 cens
999 1185 1009 1202 ,
1069 1156 1433 1206 interpretabantur
1450 1185 1460 1202 ‚
1500 1166 1545 1193 ut
1587 1160 1604 1194 1

887 1215 1031 1265 Georg.
1069 1228 1106 1251 v.
1132 1215 1183 1258 54
1209 1214 1286 1250 Hic
1315 1224 1488 1265 segetes,
1522 1214 1606 1252 illic

883 1271 1060 1308 ‘veniunt
1084 1271 1252 1322 felicius
1288 1285 1383 1308 τινα.
1415 1294 1471 1302 —
1507 1274 1602 1317 344.

885 1329 1067 1380 Plerique
1087 1328 1204 1366 codd.
1226 1338 1316 1379 post
1331 1329 1462 1365 virtus
1479 1331 1604 1381 Adju-

884 1397 951 1424 vat
997 1387 1277 1439 distinguunt,
1321 1387 1525 1437 quomodo
1567 1399 1604 1426 et

883 1447 1041 1483 Nonius
1060 1446 1262 1496 agnoscit3
1284 1445 1352 1482 sed
1378 1446 1493 1485 male.
1512 1447 1599 1486 ‘vid.

884 1505 1021 1542 Heins.
1055 1503 1219 1540 Cratior
1246 1512 1325 1549 est,
1357 1505 1503 1542 Seneca
1527 1505 1599 1555 Ep.

885 1562 938 1598 66
967 1570 1006 1599 et
1038 1564 1183 1612 passim
1208 1561 1298 1607 alii,
1323 1570 1369 1598 ut
1398 1565 1603 1600 sententiae

880 1619 1015 1657 locum
1051 1629 1192 1658 teneat.
1227 1620 1275 1657 G.
1310 1629 1350 1656 et
1369 1621 1522 1670 populo
1554 1634 1598 1658 v.

881 1679 982 1715 Vitt.
1003 1677 1177 1715 Veniens
1214 1692 1235 1715 e
1262 1691 1425 1728 corpore
1457 1681 1602 1717 Seneca

880 1736 907 1774 l.
928 1749 961 1774 0.
977 1764 987 1782 ,
1009 1737 1118 1773 etsie
1145 1737 1289 1786 passim
1318 1749 1452 1773 versus
1471 1737 1602 1774 lauda—

882 1802 960 1832 tur.
996 1796 1211 1831 Enimvero
1239 1803 1297 1831 est
1329 1796 1479 1841 virtus,
1511 1808 1601 1845 quae

880 1853 1002 1903 magis
1031 1861 1138 1903 grata
1169 1861 1226 1889 est
1251 1853 1294 1889 in
1321 1851 1492 1902 pulchro
1519 1866 1602 1890 cor-

878 1923 988 1959 pore.
1011 1913 1176 1946 Pectore
1197 1911 1324 1961 Rigor.
1346 1913 1444 1948 Exc.
1463 1912 1598 1948 Burm.

879 1975 916 2002 et
936 1980 958 2003 a
980 1980 1031 2004 m.
1054 1981 1114 2017 pr.
1135 1967 1399 2013 Erf.—-345.
1424 1968 1602 2015 Adjuvat

879 2024 1098 2074 Euryalum
1135 2025 1296 2074 ejusque
1326 2038 1524 2070 caussam,
1561 2035 1600 2063 et

879 2082 1020 2118 elamat
1046 2083 1208 2127 Diores,
1243 2083 1315 2132 qui
1343 2085 1386 2120 in
1422 2084 1598 2121 victoriae

879 2141 1040 2176 tertium
1056 2153 1166 2177 nunc
1183 2139 1316 2177 locum
1337 2150 1575 2178 successerat
1586 2171 1596 2187 ,

877 2206 939 2242 et,
963 2199 995 2234 si
1015 2198 1139 2236 Salius
1160 2198 1288 2235 victor
1319 2201 1571 2236 renuntiatur
1585 2229 1595 2246 ,

875 2256 1022 2292 iterum
1038 2269 1080 2292 ea
1093 2255 1477 2305 excidisset.-——347.
1498 2258 1598 2294 Red-

875 2313 1024 2350 dantur
1040 2315 1176 2351 Heius.
1197 2315 1373 2364 praetulit
1388 2343 1398 2361 ‚
1417 2329 1469 2352 ex
1485 2315 1594 2353 codi-

875 2384 967 2408 cum
991 2381 1101 2422 parte
1115 2401 1125 2419 ,
1146 2381 1254 2409 etex
1277 2374 1395 2411 Pierii
1416 2374 1596 2410 emenda-

871 2429 1052 2468 tioribus.
1070 2431 1201 2481 Vulgo
1223 2431 1461 2477 reddantur,
1485 2431 1594 2483 quod

875 2496 1004 2526 tamen
1039 2497 1078 2526 et
1115 2492 1320 2528 Romanus
1363 2498 1402 2527 et
1444 2489 1592 2527 Medic.

873 2545 1042 2593 habent,
1061 2559 1153 2584 nam
1180 2549 1223 2584 in
1246 2547 1324 2584 hoc
1351 2561 1375 2584 ιι
1403 2560 1424 2583 a
1444 2549 1592 2585 recenti

874 2617 996 2642 manu
1015 2608 1341 2656 superscriptum.
1359 2605 1425 2644 Nil
1444 2606 1561 2642 refert
1581 2619 1592 2650 ;

874 2661 952 2700 hoc
990 2671 1121 2700 tamen
1166 2663 1321 2710 malim3
1362 2676 1453 2700 nam
1484 2664 1591 2714 epica

876 2720 1046 2772 dignitas
1073 2723 1223 2773 respuit
1257 2721 1346 2759 illos
1373 2721 1591 2770 subjuncti-

875 2791 957 2816 vos.
