1767 3054
391 185 665 225 EXCURSUS
691 185 732 222 11
762 185 838 223 AD
869 186 1075 224 LIBRUM
1109 188 1176 224 VI.
1456 188 1534 235 367

46 260 201 309 ridum,
226 258 333 300 unde
360 272 478 311 poma
500 271 618 297 aurea
645 258 914 311 decerpenda,
935 269 974 298 et
994 260 1042 298 ad
1062 258 1352 312 Eurystheum,
1371 262 1545 300 sunonis

42 329 178 377 jus-u,
197 328 248 366 ab
277 326 449 366 Hercule
476 334 588 364 erant
620 327 834 367 afferenda.
859 328 996 366 Altera
1018 342 1070 366 ex
1097 337 1207 380 parte
1239 330 1281 366 in
1299 330 1546 379 Proserpinae

46 395 189 434 fabulis
206 401 263 434 est
287 395 477 433 comestio
496 394 589 432 mali
617 395 778 443 Punici,
800 408 878 446 qua
900 396 968 434 illa
987 396 1207 443 commisit,
1232 404 1280 434 ut
1306 396 1349 433 in
1367 395 1546 434 Plutonis

46 462 314 503 contubernio
344 463 421 501 sibi
450 463 692 502 manendum
721 473 819 503 esset
840 476 851 503 :
873 479 910 504 v.
930 479 965 503 c.
993 465 1113 504 Ovid.
1144 467 1243 504 Met.
1263 467 1316 512 V,
1339 465 1421 503 535
1445 478 1548 516 sqq.;

43 534 195 583 Hymn.
214 533 258 570 in
272 532 360 572 Cer.
381 534 431 580 37
445 546 459 571 t
470 563 478 572 .
499 533 705 580 Ceterum,
719 534 796 571 nisi
812 542 928 585 poeta
944 542 1078 571 noster
1093 535 1177 585 ipse
1189 532 1286 572 doni
1303 534 1549 583 Proserpinae

41 599 195 640 ferendi
221 602 464 640 mentionem
493 614 717 653 expressam
743 601 919 648 fecisset,
951 602 1024 639 alia
1053 611 1153 639 esset
1180 615 1303 653 eaque
1325 600 1550 652 expeditior

33 669 167 716 tatio,
184 669 218 706 si
235 682 392 707 ramum
419 667 583 716 ἱκετείας
610 671 788 709 sollenne
805 671 960 722 insigne
979 669 1028 708 ad
1047 672 1226 708 animum
1246 683 1407 708 revoces
1429 667 1549 720 (vide

41 751 82 777 v.
113 750 148 776 c.
178 738 251 776 inf.
276 741 358 785 xl,
389 738 499 790 ποι),
528 747 574 777 ut
593 738 693 777 adeo
712 751 878 777 aureum
908 752 1066 776 ramum
1095 739 1310 790 praeferens
1337 741 1478 777 AEneas
1501 738 1550 775 ad

42 806 317 856 Proserpinam
341 806 512 858 supplex
532 806 713 874 acffdon
734 815 825 854 aut,
844 808 876 844 si
900 808 1093 845 Mercurii
1123 805 1362 853 caduceum,
1383 806 1549 858 virgam

42 884 232 921 auream,
252 875 502 923 memineris,
529 887 606 926 qua
628 873 695 913 alii
714 883 842 927 poetoe
862 874 912 913 ad
935 875 1083 914 inferos
1110 876 1260 913 animas
1287 873 1433 913 deduci
1461 886 1551 912 nar-

44 948 154 987 rant,
173 954 212 979 v.
241 954 277 981 c.
309 941 387 979 Od.
410 956 456 990 ω,
489 943 511 980 3
540 940 605 992 ἔχε
631 937 675 980 δὲ
701 938 848 996 §desem
875 939 975 995 μετὰ
1006 938 1134 996 χερσὶν
1166 940 1326 990 Καλὴν,
1346 939 1549 996 χρυσείηνς

43 1019 170 1057 quum
189 1009 442 1048 Mercurium
467 1008 658 1049 adhibere
678 1009 797 1058 hujus
817 1009 1028 1048 descensus
1048 1009 1190 1047 ducem
1209 1022 1294 1048 non
1309 1017 1462 1060 posset,
1485 1021 1552 1046 au-

42 1087 149 1113 ream
174 1077 324 1128 virgam
342 1079 478 1116 AEneae
504 1078 700 1130 assignare
719 1077 870 1117 maluit.
896 1080 956 1115 Ita
981 1077 1095 1116 facsse
1115 1077 1329 1129 intelligas,
1348 1075 1553 1128 quomodo

42 1151 159 1192 poeta
180 1142 229 1180 ad
251 1141 356 1181 hanc
376 1146 434 1182 rei
461 1143 680 1196 φαντασίαν
711 1145 928 1184 devenerit.
950 1148 1005 1184 Ut
1023 1159 1186 1182 aureum
1214 1158 1369 1183 ramum
1387 1146 1431 1181 in
1447 1143 1555 1181 silvis

43 1209 253 1246 inventum
285 1223 367 1248 esse
400 1211 588 1262 proderet
611 1241 622 1259 ,
656 1213 698 1249 in
732 1221 907 1250 mentem
938 1213 1074 1250 venire
1104 1214 1238 1263 potuit
1271 1225 1322 1249 ex
1347 1210 1556 1262 Apollonii

44 1274 194 1313 Rhodii
212 1276 405 1324 lectione,
423 1278 472 1315 de
490 1279 636 1316 vellere
656 1292 776 1317 aureo
790 1308 801 1326 ,
818 1280 862 1317 in
880 1279 977 1317 silva
993 1279 1124 1317 media
1136 1307 1148 1327 ,
1163 1279 1234 1317 lib.
1253 1280 1324 1325 IV,
1356 1289 1434 1315 122
1455 1290 1558 1328 sqq.;

45 1356 139 1382 nam
163 1353 202 1382 et
235 1346 268 1383 is
302 1358 411 1383 sacer
442 1349 610 1384 Hecates
641 1346 758 1384 lucus
789 1355 884 1386 erat.
920 1349 1100 1385 Deorum
1133 1356 1266 1385 autem
1296 1346 1430 1384 omnia
1461 1353 1557 1382 sunt

47 1425 186 1461 aurea,
207 1414 323 1451 etiam
347 1415 391 1452 in
411 1415 513 1453 Delo
543 1413 717 1468 χρύσειον
736 1436 795 1444 -
814 1413 1005 1470 γενέθλων
1037 1413 1138 1468 ἔρνος
1166 1410 1309 1457 ἐλαίης.
1335 1413 1488 1453 callim.
1513 1413 1557 1449 in

46 1481 135 1519 Del.
160 1481 256 1519 262.
275 1483 337 1520 Ex
356 1483 572 1520 vetustiore
590 1490 722 1520 tamen
742 1495 812 1519 seu
832 1481 1052 1529 Heracleae,
1071 1494 1143 1519 seu
1162 1479 1364 1519 Theseidis
1383 1480 1556 1517 carmine

47 1560 203 1585 ramum
225 1560 390 1587 aureum
406 1549 577 1601 petitum
600 1563 683 1587 esse
705 1562 756 1587 ex
774 1549 844 1587 illo
862 1561 981 1586 versu
1000 1550 1201 1599 suspicor,
1227 1554 1324 1597 409,
1351 1559 1434 1597 quo
1454 1545 1555 1584 Cha-

46 1627 123 1653 ron
138 1615 305 1652 miratur
326 1628 337 1654 :
356 1616 502 1654 donum
508 1615 662 1668 fatalis
681 1615 812 1667 virga·
829 1616 950 1667 longo
961 1624 1055 1666 pose
1071 1624 1248 1665 tempore
1264 1613 1411 1652 visum.
1429 1612 1555 1664 Igitur

41 1685 123 1732 jam
145 1683 357 1731 Hercules,
384 1698 454 1723 seu
476 1684 655 1724 Theseus
685 1697 841 1722 ramum
871 1696 1036 1721 aureum
1062 1682 1320 1733 praetulerant
1349 1680 1555 1727 manibus,

46 1764 174 1803 quum
198 1750 247 1788 ad
269 1752 418 1790 inferos
442 1751 744 1790 descenderent.
767 1750 953 1788 Ceterum
977 1750 1056 1787 hoc
1078 1750 1244 1786 invento
1266 1749 1369 1786 bene
1386 1760 1481 1786 usus
1499 1755 1558 1785 est

49 1820 292 1860 Claudianus
317 1819 369 1858 ad
397 1819 580 1857 arborem
603 1831 763 1856 auream
791 1819 836 1856 in
855 1817 993 1855 inferis
1020 1817 1118 1854 locis
1147 1816 1441 1863 florescentem,
1466 1827 1556 1866 quae

46 1890 152 1926 inter
171 1887 246 1924 alia
265 1885 487 1924 inferorum
512 1884 620 1922 bona
652 1885 899 1934 Proserpinae
929 1897 951 1921 a
979 1883 1148 1921 Plutone
1178 1882 1405 1920 ostenditur
1429 1882 1479 1920 de
1503 1884 1553 1921 R.

47 1957 157 1995 Pros.
182 1955 242 1992 11.
274 1964 372 2002 290.
395 1952 618 1991 Exornavit
631 1949 710 1988 hoc
728 1949 883 1987 arboris
899 1962 1049 1997 aureae,
1071 1963 1160 2001 quae
1180 1950 1426 2000 Proserpinae
1444 1961 1553 1987 sacra

49 2029 126 2069 est,
146 2020 377 2073 phantasma
394 2022 614 2071 Spenecrus
632 2016 758 2068 fairy
775 2018 912 2070 Queen
930 2019 976 2056 B.
992 2018 1032 2055 11
1044 2044 1055 2066 ,
1074 2025 1178 2057 cant.
1197 2019 1299 2065 vn,
1322 2017 1415 2056 LIII
1435 2028 1522 2067 sqq.

500 2292 977 2362 EXCURSUS
1025 2293 1105 2358 II.

59 2464 498 2546 Chorograplu‘a
545 2463 800 2523 locorum
859 2464 1175 2539 inferorum
1229 2483 1305 2520 ex
1349 2475 1551 2541 poetae

699 2572 905 2617 mente.

110 2690 204 2728 Non
225 2689 491 2740 injucundum
509 2703 591 2727 esse
610 2698 759 2741 potest,
780 2701 863 2727 uno
886 2688 976 2727 loco
991 2690 1233 2740 propositam
1252 2687 1398 2726 habere
1417 2688 1551 2725 animo

52 2765 176 2795 totam
189 2757 370 2796 locorum
388 2760 610 2798 inferorum
638 2758 964 2808 descriptionem,
985 2758 1111 2809 qualis
1136 2758 1203 2796 illa
1225 2771 1247 2795 a
1262 2757 1452 2809 Virgilio,
1471 2755 1547 2793 hoc

45 2821 154 2863 libro
168 2851 178 2871 ,
195 2831 253 2862 est
268 2827 457 2878 exposita.
470 2829 572 2879 Quae
589 2826 674 2876 alii,
693 2838 762 2865 seu
778 2825 993 2874 imitando,
1009 2839 1078 2864 seu
1097 2839 1200 2865 nova
1217 2823 1406 2878 fingendo
1417 2822 1546 2860 raria-
