1767 3054
149 143 229 180 270

778 132 1019 174 AENEIDOS

146 208 246 251 Ceu
269 203 509 266 quondam
532 204 660 252 nivei
683 205 865 269 liquida
888 207 1011 254 inter
1033 203 1197 252 nubila
1216 204 1374 267 cycni,

150 284 313 338 Quum
336 297 436 327 sese
461 298 487 327 e
511 293 650 344 pastu
668 283 904 341 referunt,
928 294 974 329 et
999 283 1139 345 longa
1163 297 1361 328 canoros
1590 302 1649 333 τοο

148 359 276 402 Dant
296 371 382 418 per
403 357 524 403 colla
548 358 714 404 modos
727 378 742 418 ;
762 370 897 406 sonat
920 358 1092 418 amnis,
1112 370 1160 406 et
1182 360 1296 406 Asia
1317 352 1456 421 longe

151 432 289 478 Pulsa
312 432 460 494 palus.

152 510 252 554 Nec
273 508 523 570 quisquam
547 520 712 555 aeratas
736 509 858 555 acies
882 526 939 555 ex
964 509 1148 570 agmine
1168 519 1300 556 tanto

155 582 348 629 Misceri
371 595 506 646 putet
528 603 537 629 :
566 584 743 631 aeriam
768 585 850 631 sed
872 585 1058 647 gurgite
1080 583 1140 630 ab
1161 584 1255 631 alto

156 658 330 720 Urgeri
353 659 602 705 volucrum
624 675 878 706 raucarum
900 659 960 705 ad
984 658 1126 705 litora
1147 658 1337 706 nubem.
1598 670 1657 711 705

155 815 232 853 hoc
255 825 586 861 consentaneum,
622 830 743 866 quam
772 817 813 855 h.
846 818 875 856 1.

158 874 302 925 virgil.
328 874 503 925 regem),
524 887 626 925 pars
645 874 786 911 laudes
812 887 878 913 ore

147 932 356 985 ferebant,
394 932 517 977 Sabe,
558 942 659 971 tuas.
691 932 879 971 Notabile

159 990 259 1027 adeo
289 989 388 1036 fuit,
421 990 495 1027 hos
529 992 645 1028 certis
669 990 879 1029 ordinibus

158 1047 363 1095 incedere,
382 1056 421 1084 et
444 1049 550 1087 inter
568 1050 770 1087 incessum
788 1063 879 1088 can-

161 1116 224 1143 tus
240 1105 399 1144 habere.

219 1165 317 1215 699.
346 1166 694 1215 Comparationem
720 1180 770 1204 ex
797 1168 882 1205 Ho-

161 1235 270 1260 mero
304 1222 416 1260 Iliad.
442 1220 490 1270 β,
525 1225 607 1274 459
643 1238 729 1274 sqq.
762 1234 801 1262 et
829 1239 880 1263 ex

162 1281 384 1331 Apollonio
418 1281 488 1318 lib.
528 1284 602 1329 IV,
648 1284 756 1320 1300
793 1297 878 1334 sqq.

161 1338 434 1376 adumbratam
457 1353 560 1387 esse,
588 1341 633 1377 in
655 1341 794 1378 oculos
816 1343 879 1378 in-

162 1398 302 1434 currit,
350 1399 541 1435 Nostrum
580 1399 697 1435 multi
739 1400 883 1436 imitati

164 1463 284 1492 sunt:
307 1456 414 1493 conf.
443 1455 581 1493 Cerda.
603 1456 774 1507 Virgilio
790 1470 883 1507 pro-

164 1513 252 1563 pria
288 1514 347 1548 vis
379 1514 423 1548 in
455 1513 534 1549 illis
557 1526 567 1551 2
591 1527 712 1563 quum
743 1528 827 1551 sese
862 1529 883 1552 e

157 1580 279 1620 pascu
315 1569 513 1620 referunt,
543 1579 583 1608 et
615 1571 712 1608 dant
744 1571 884 1609 modos

164 1641 241 1677 per
277 1627 402 1678 longa
439 1627 560 1664 colla.
597 1628 700 1664 Asia
735 1630 879 1678 palus,

166 1698 330 1736 campus
358 1684 543 1735 palustris
576 1685 624 1721 ad
659 1686 882 1736 Caystrum.

140 1743 274 1782 ‘confi
311 1744 460 1792 Georg.
496 1742 568 1780 lib.
601 1745 642 1789 Ι,
680 1744 759 1780 383
797 1757 882 1794 sqq.

140 1804 143 1807 '
168 1801 318 1845 Pulsa,
343 1801 428 1839 scil.
456 1800 603 1847 modis,
631 1813 752 1847 sono;
776 1814 884 1848 non,

168 1860 307 1905 remis,
325 1869 371 1897 ut
387 1859 452 1896 alii
468 1859 682 1909 accipiunt.
699 1860 889 1896 Burman-

170 1931 247 1954 nus
283 1919 336 1954 ait
365 1930 374 1956 :
402 1931 420 1954 a
461 1918 598 1967 cycnis
633 1917 886 1963 natantibus,

169 1975 235 2012 vel
259 1974 545 2026 plaudentibus
566 1988 684 2024 aquas
703 1974 773 2012 alis
794 1977 887 2014 sujS.

170 2034 300 2071 Eu'am
319 2033 361 2070 id
382 2034 542 2085 longius
560 2033 743 2083 petitum.

236 2093 333 2139 703.
359 2091 565 2129 Examine
599 2091 696 2127 alter
728 2091 890 2138 Hamb.·,

174 2157 213 2187 et
235 2149 345 2188 Leid.
366 2163 419 2186 ex
444 2150 605 2187 nomine
635 2149 755 2187 Lani.
785 2150 892 2186 Mira

172 2208 359 2246 lectionis
377 2209 543 2245 varietas
561 2221 581 2245 a
599 2208 758 2244 nemine
779 2216 891 2245 nota-

174 2276 213 2302 ta
246 2267 291 2304 in
326 2269 523 2317 Pompon.
563 2265 654 2305 sab.
689 2267 889 2312 occurrit3

176 2323 399 2371 subjunctis
426 2325 487 2361 his
508 2337 517 2363 :
547 2327 704 2361 Lanam
726 2323 892 2374 quidam

169 2390 321 2430 putant
349 2381 479 2433 finisse
507 2392 666 2432 patrem
701 2381 892 2432 Messapi.

177 2440 247 2475 Ex
271 2439 434 2476 nomine
459 2440 564 2477 Lani
585 2439 698 2477 Mise.
723 2453 807 2477 aer.
828 2453 890 2478 ac,

178 2498 312 2533 Lanus
330 2496 417 2547 suit
441 2498 527 2534 dux
562 2501 886 2549 Lcestrjgonum,

180 2563 223 2590 uc
238 2554 277 2590 in
291 2555 578 2592 commentario
599 2555 640 2591 in
660 2557 890 2594 Homerum.

178 2613 239 2649 De
254 2614 374 2649 Lamo
393 2615 692 2662 grammaticum
707 2615 894 2665 cogitasse

179 2669 430 2707 manifestum
457 2679 525 2707 est.
562 2684 600 2707 v.
634 2671 711 2708 Od.
744 2684 788 2716 κ,
824 2672 892 2710 8ῐ.

182 2728 366 2766 Ceterum
394 2725 436 2765 τὸ
462 2736 575 2764 tanto
598 2741 682 2765 non
701 2730 791 2765 satis
811 2729 893 2779 pla-

178 2793 264 2835 cet3
289 2787 363 2824 etsi
389 2788 431 2824 iu
449 2785 667 2837 Apollonio
688 2795 744 2823 est
761 2784 893 2824 τίσσεν

944 812 1072 860 ςόλον.
1109 817 1312 865 Quorsum
1336 816 1442 852 enim
1465 816 1659 867 magnitu-

944 873 997 912 do
1021 874 1186 926 agmjm's
1206 875 1562 912 commemoratur?
1585 876 1660 911 Vir

945 932 1087 970 doctus
1105 932 1209 980 conj.
1229 932 1392 984 agmine
1407 932 1504 978 tali,
1525 940 1571 969 ut
1585 931 1662 983 syl-

944 990 1033 1028 laba
1066 991 1207 1028 ultima
1240 1004 1290 1028 ex
1322 990 1403 1028 fine
1433 1004 1571 1028 versus
1604 1003 1662 1027 se-

948 1050 1106 1100 quentis
1119 1048 1324 1087 adhaeserit
1335 1050 1474 1100 priori.
1488 1048 1564 1087 Sed
1577 1058 1662 1085 tan-

947 1116 987 1144 to
1009 1121 1085 1158 pro
1106 1107 1201 1144 talis
1221 1120 1309 1158 sup.
1337 1108 1440 1154 448,
1467 1116 1662 1157 tantaque

946 1179 987 1203 se
998 1164 1136 1218 facies
1152 1164 1294 1215 aperit.
1315 1187 1374 1194 —
1396 1167 1476 1213 703
1493 1188 1552 1194 -—-
1565 1166 1660 1213 705.

947 1226 1004 1262 Ut
1034 1237 1171 1275 agmen
1200 1223 1411 1260 incedebat
1432 1236 1526 1260 cum
1545 1231 1664 1261 cantu

947 1290 987 1319 et
1013 1281 1212 1332 tripudio,
1242 1295 1361 1319 nemo
1387 1290 1546 1332 putaret
1563 1281 1666 1318 illud

947 1339 996 1377 ad
1023 1353 1200 1390 pugnam
1227 1339 1447 1377 faciendam
1469 1340 1664 1378 incedere.

946 1400 998 1435 Et
1025 1398 1135 1435 color
1164 1399 1375 1444 orationis,
1400 1406 1440 1435 et
1471 1411 1521 1436 ex
1552 1407 1664 1449 parte

950 1456 1195 1506 comparatio
1220 1464 1350 1492 sumta
1375 1464 1434 1492 est
1462 1456 1514 1493 ab
1543 1456 1668 1506 Apol-

949 1513 1062 1550 lonio
1079 1516 1137 1551 IV
1140 1542 1151 1560 ,
1172 1513 1268 1551 238.
1290 1513 1430 1552 Colchi
1450 1514 1670 1551 convolant

951 1569 1002 1606 ad
1028 1583 1166 1616 naves,
1198 1565 1291 1607 οὐδέ
1325 1584 1371 1607 κε
1395 1569 1510 1622 φαίης
1527 1569 1667 1609 Τόσσῡν

950 1622 1078 1667 νηΐ-την
1114 1624 1228 1669 <diem
1265 1625 1452 1679 ἔμμεναι,
1478 1626 1566 1666 ἀλλ’
1587 1642 1669 1666 σιω-

950 1685 1022 1720 νῶν
1063 1675 1204 1720 Ῐλαὸὸν
1244 1681 1412 1722 ἄσπετον
1454 1684 1553 1730 ἔθνος
1589 1686 1669 1724 ἐπ’.-

952 1737 1129 1794 Ερομέειν
1167 1738 1417 1796 πελάγεσσιν.
1450 1743 1672 1782 Miscentur

951 1798 1077 1845 acies,
1102 1798 1200 1836 dum
1214 1800 1552 1852 congrediuntur,
1574 1817 1670 1854 pug-

954 1866 1052 1894 nant
1070 1869 1079 1894 :
1097 1857 1268 1894 sollenni
1287 1859 1559 1898 vocabu10.-—
1575 1869 1670 1909 704,

959 1915 1054 1963 705.
1081 1916 1164 1952 Vix
1187 1923 1226 1952 et
1251 1914 1330 1953 hoc
1352 1919 1562 1956 commode
1580 1921 1672 1956 satis

956 1973 1006 2010 ad
1029 1986 1176 2024 cycnos
1193 1973 1333 2011 referri
1357 1983 1489 2026 potest
1509 1988 1518 2014 :
1536 1977 1670 2014 malim

958 2031 1006 2069 de
1026 2031 1187 2079 avibus,
1208 2045 1247 2070 v.
1273 2045 1308 2071 c.
1330 2032 1380 2070 de
1397 2034 1564 2085 gruibus
1577 2063 1587 2081 ‚
1608 2048 1669 2072 ac-

956 2091 1087 2140 cipere
1120 2091 1273 2142 agmine
1312 2091 1506 2129 aus'trinas
1540 2092 1673 2144 plagas

956 2147 1062 2185 ultra
1083 2161 1189 2185 mare
1207 2149 1448 2199 petentibus,
1472 2153 1568 2200 Snp.
1589 2152 1648 2187 VI
1663 2179 1672 2195 ,

961 2207 1043 2243 310
1075 2206 1134 2242 ad
1153 2215 1310 2251 terram
1320 2207 1480 2259 gurgite
1506 2207 1558 2244 ab
1587 2208 1671 2245 alto

962 2265 1092 2314 Quam
1117 2264 1253 2302 multae
1270 2265 1550 2316 glomerantur
1563 2278 1666 2310 aves,

959 2321 1214 2374 ubifiigidus
1247 2322 1380 2360 amnis
1414 2324 1543 2360 Trans
1564 2337 1670 2373 pon-

959 2389 1040 2417 tum
1074 2379 1220 2433 fugat,
1266 2389 1308 2417 et
1345 2378 1458 2418 terris
1495 2379 1673 2419 immittit

959 2438 1119 2488 apricis.
1150 2441 1260 2476 Inest
1287 2438 1361 2475 alia
1383 2435 1600 2476 difficultas
1627 2441 1672 2476 in

958 2497 1259 2547 comparationis
1275 2497 1428 2532 ratione
1443 2503 1483 2533 et
1492 2497 1532 2532 vi
1547 2508 1556 2533 :
1574 2510 1671 2534 num

959 2555 1200 2605 comparatio
1229 2552 1276 2589 ad
1306 2551 1464 2590 ordines
1487 2552 1673 2592 inceden-

960 2611 1055 2648 tium
1091 2618 1283 2661 oequatos
1309 2618 1457 2660 spectet
1480 2639 1489 2657 ,
1529 2625 1580 2650 an
1624 2613 1672 2650 ad

961 2668 1099 2706 modos
1120 2681 1289 2705 canoros
1316 2676 1356 2704 et
1376 2670 1562 2708 carmina.
1590 2671 1673 2708 Sci-

961 2726 1054 2764 licet
1085 2734 1130 2762 ιιι·
1162 2725 1373 2762 incedebat
1403 2740 1551 2779 agmen
1583 2742 1670 2766 cum

959 2793 1100 2830 cantu,
1134 2796 1156 2820 e
1185 2783 1405 2835 longinquo
1425 2785 1572 2836 aliquis
1596 2800 1670 2824 vo-
