1767 3054
144 125 226 167 324

774 118 1019 155 AENEIDOS

141 191 364 255 Conjugis
387 191 570 237 insusus
594 189 775 253 gremio
798 204 885 252 per
904 185 1119 234 membra
1143 200 1382 249 soporem.

207 267 347 324 Inde,
370 265 458 312 ubi
480 266 633 329 prima
659 265 792 326 quies
815 263 972 309 medio
990 263 1089 326 jam
1111 262 1264 308 noctis
1287 260 1466 308 abactae

141 341 392 388 Curriculo
416 341 663 404 expulerat
687 354 928 395 somnum,
952 354 1099 400 quum
1120 338 1295 383 femina
1317 336 1547 399 primum,

140 419 230 465 Cui
255 418 457 464 tolerare
478 417 582 462 colo
605 417 751 461 vitam
776 414 1002 475 tenuique
1024 414 1243 459 Minerva

139 493 427 554 Inpositum,
454 492 661 537 cinerem
682 500 729 536 et
755 489 934 551 sopitos
955 488 1150 535 suscitat
1171 487 1315 551 ignis,

137 688 355 740 gantissimi
384 696 477 724 sunt
505 688 532 725 l.
564 700 599 726 e.
629 685 675 725 Il.
708 683 748 733 ξ,
774 686 856 730 346

139 759 224 795 sqq.
255 767 314 774 -
346 746 442 790 406.
478 748 525 782 In
558 745 715 796 gremio
738 744 858 796 fitsus

137 803 291 841 Zulich.
329 803 503 855 inficsum
538 804 690 853 aliquot
728 805 855 850 Pier.,

77 857 86 867 ⁸
137 861 272 899 Julius
305 861 474 899 Sabinus
508 871 546 898 et
576 861 730 899 Probus
765 874 857 898 cum

139 920 340 957 Canninio
369 919 443 970 (de
464 933 546 969 quo
567 933 604 956 v,
626 919 780 957 Fabric.
802 918 860 954 hi-

136 976 280 1015 blioth.
314 977 418 1014 med.
443 986 481 1013 et
508 977 581 1013 ins.
608 979 690 1013 Lat.
715 976 756 1013 11.
781 974 856 1027 V.)

136 1034 243 1084 apud
268 1037 378 1072 Serv,
409 1048 458 1071 ex
490 1034 766 1071 emendatione
789 1046 857 1082 pa-

136 1105 224 1128 rum
257 1091 386 1130 docta.
419 1094 674 1129 Burmannus
712 1092 854 1138 conjic.

126 1150 400 1200 placidusque
413 1149 556 1200 petivit
585 1148 776 1200 Conjugis
793 1148 854 1184 in-

123 1206 264 1258 fusum
281 1209 437 1260 gremio
447 1221 525 1257 per
546 1207 724 1244 membra
743 1220 856 1256 sopo-

134 1279 216 1302 rem
228 1280 245 1311 ;
266 1266 375 1316 quod
400 1266 551 1302 nemini
576 1265 690 1301 facile
709 1265 854 1315 proba-

134 1322 245 1360 bitur
263 1336 272 1362 :
291 1324 359 1361 sed
377 1324 588 1360 Vulcanus
606 1321 758 1374 infimus
769 1336 857 1374 gre-

134 1381 214 1418 mio
253 1382 435 1433 conjugis
465 1380 610 1432 petivit
643 1380 854 1432 placidum

133 1453 310 1490 soporem
342 1453 422 1490 per
457 1439 649 1477 membra.

192 1505 270 1545 407
299 1512 383 1547 sqq.
410 1498 600 1535 Praeclare
634 1505 795 1542 ornata,
818 1504 856 1533 et

133 1554 182 1592 ad
202 1556 495 1592 miserationem
512 1556 728 1603 composita
747 1567 855 1590 eom-

128 1613 282 1663 paratio
296 1640 305 1658 ‚
320 1613 434 1660 cujus
454 1613 579 1661 prima
600 1613 710 1660 quasi
722 1612 854 1647 stami-

129 1684 180 1707 na
201 1683 411 1722 agnoscere
440 1669 558 1715 licet‚
583 1669 726 1718 partim
747 1667 854 1718 apud

128 1731 303 1774 Homer„
322 1729 368 1765 Il.
383 1742 424 1780 μ,
449 1727 691 1772 433-435,
708 1728 853 1776 partim

129 1799 191 1836 ap.
217 1786 409 1835 Apollon.
428 1788 501 1831 IV,
533 1785 639 1820 1062
657 1806 716 1812 -—
743 1785 850 1821 1066

128 1845 246 1893 (nam
268 1845 295 1882 l.
325 1845 352 1881 l.
382 1845 443 1880 III
458 1871 468 1888 ‚
505 1855 582 1892 291
605 1855 691 1892 sqq.
709 1854 850 1892 perpe-

127 1915 212 1939 ram
230 1901 296 1940 alii
312 1901 391 1938 huc
415 1899 648 1950 advocant).
663 1901 703 1937 Si
720 1908 850 1936 tamen

127 1972 279 2010 quaeras
293 1989 303 2007 ‚
322 1972 443 2010 quam
470 1967 698 2008 opportuna
720 1958 786 1995 illa
805 1957 847 1995 h.

125 2017 153 2055 l.
178 2019 332 2055 intexta
350 2019 424 2063 sit,
444 2017 570 2053 fateor
590 2015 689 2052 mihi
708 2029 847 2066 aquam

125 2075 289 2114 haerere.
314 2077 352 2112 A
370 2074 498 2112 media
524 2082 642 2111 nocte
662 2087 850 2125 experge-

125 2133 253 2171 factus
291 2132 426 2170 cubile
467 2132 660 2182 relinquit
700 2132 850 2168 Vulca-

128 2204 203 2228 nus
225 2203 234 2229 :
253 2204 339 2228 non
355 2192 456 2228 tanti
471 2198 554 2227 erat
570 2203 631 2226 res
644 2217 654 2235 ‚
675 2198 721 2226 ut
739 2192 849 2226 miris

127 2248 256 2286 modis
282 2257 504 2286 ornaretur.
532 2247 656 2298 Apud
681 2248 849 2298 Apollo-

127 2307 241 2343 nium
261 2319 368 2344 curae
385 2305 538 2344 Medeae
566 2306 614 2342 de
633 2306 757 2342 salute
777 2318 847 2342 sua

128 2362 307 2401 sollicitae
338 2365 675 2414 comparationem
706 2364 847 2400 melius

127 2419 401 2460 admittebant.
424 2421 498 2459 Ubi
508 2420 643 2472 prima
661 2421 774 2472 quies
788 2441 847 2450 --

128 2479 343 2528 expulerat
363 2492 566 2524 somnum,
593 2497 612 2511 u
634 2480 706 2516 ubi
727 2492 746 2515 a
767 2480 848 2530 pri·-

128 2548 190 2572 ma
207 2536 340 2585 quiete
356 2537 546 2586 evigilans
563 2539 663 2573 circa
679 2536 847 2574 mediam

128 2600 310 2638 noctem,
351 2595 472 2630 sensit
507 2593 666 2631 omnem
700 2596 847 2631 iterum

129 2649 455 2688 obdormiscendi
491 2651 748 2701 cupiditatem
779 2666 846 2689 ex·

128 2708 283 2757 pulsam
319 2719 335 2745 .-
366 2706 543 2744 alacriter
582 2722 601 2744 e
633 2712 762 2747 stratis
797 2708 846 2746 ad

129 2778 232 2816 opus
250 2765 389 2816 surgit.
408 2782 428 2797 υ
445 2766 581 2802 Burm.
601 2768 733 2816 Surgit
749 2767 846 2804 Vul-

1585 499 1645 532 4¹⁰

926 699 1047 723 canus
1071 699 1118 723 eo
1145 693 1349 736 tempore,
1380 699 1462 736 quo
1489 685 1647 724 lanifica

924 757 1076 795 pauper
1102 744 1151 781 ad
1179 743 1477 781 lucubrandum
1505 747 1646 795 surgit.

925 825 983 833 -—-
1015 803 1112 847 408.
1141 802 1377 852 Expleranc
1392 802 1454 841 ed.
1477 803 1645 841 Masvic.

930 863 1059 912 Quum
1072 859 1240 911 femina
1272 861 1477 897 revocavit
1504 860 1643 898 Heius.

926 918 1157 955 auctoribus
1175 918 1337 967 optimis
1355 917 1469 954 libris
1483 945 1494 963 ,
1518 919 1643 967 inpri-

924 976 998 1012 mis
1031 976 1248 1022 Pierianis;
1280 975 1345 1011 alii
1368 989 1437 1012 ceu
1460 973 1641 1026 femina.

924 1034 983 1069 Ita
1027 1032 1198 1069 infertur
1238 1034 1484 1083 comparatio
1524 1044 1534 1070 :
1572 1046 1642 1070 ceu

911 1089 1315 1142 femina—cinerem
1337 1100 1379 1127 et
1391 1090 1539 1141 sopitos
1561 1104 1642 1128 5125-

923 1148 1021 1185 cz'tac
1054 1148 1167 1200 ignes
1200 1157 1275 1187 etc.
1307 1160 1317 1186 z
1349 1149 1477 1186 Haud
1504 1162 1640 1194 secus,

922 1220 995 1244 nec
1014 1206 1172 1259 segnior
1186 1207 1391 1244 Vulcanus
1408 1208 1548 1258 surgit.
1566 1207 1644 1245 Sed

913 1278 1092 1315 prunum
1115 1267 1172 1302 ita
1196 1266 1372 1302 otiosum
1391 1273 1472 1312 est,
1495 1272 1542 1301 ut
1566 1273 1642 1302 sta-

923 1325 994 1359 tim
1015 1324 1063 1361 de
1078 1324 1260 1361 lectionis
1284 1324 1448 1360 veritate
1468 1321 1639 1360 dubites.

922 1383 1076 1418 Verum
1095 1383 1155 1418 uti
1173 1383 1217 1418 in
1238 1382 1466 1419 Heinsianis
1488 1389 1528 1418 et
1545 1382 1642 1418 Bur-

922 1442 1134 1476 manniana
1163 1440 1488 1490 interpungitur,
1523 1439 1641 1489 plene

922 1498 1073 1535 scilicet
1100 1510 1144 1534 ac
1176 1498 1349 1548 perfecte
1377 1504 1469 1547 post
1497 1505 1635 1542 natos,

921 1569 960 1592 V.
999 1556 1107 1602 413,
1138 1555 1325 1605 equidem
1354 1555 1522 1592 omnino
1555 1567 1641 1591 sen-

921 1614 1137 1649 tentiarum
1170 1626 1323 1649 nexum
1361 1612 1499 1648 nullus
1538 1624 1639 1649 asse—

921 1683 1046 1719 quor,
1069 1683 1119 1706 ne
1140 1670 1440 1720 grammaticum
1459 1668 1637 1719 quidem.

921 1730 1060 1778 Itaque
1077 1727 1245 1765 mediam
1267 1728 1435 1778 stigmen
1452 1729 1571 1777 posui
1589 1728 1639 1765 ad

917 1783 1041 1822 finem
1066 1799 1202 1822 versus
1230 1786 1310 1830 413
1327 1813 1338 1831 ‚
1361 1793 1409 1821 ut
1435 1798 1639 1835 compara-

918 1843 975 1879 tio
995 1843 1103 1879 nulla
1122 1844 1196 1889 sit,
1223 1842 1292 1879 sed
1318 1844 1508 1892 temporis
1531 1856 1639 1881 mera

919 1897 1137 1951 designatio
1173 1911 1182 1938 :
1223 1900 1349 1946 Inde,
1388 1899 1456 1936 ubi
1497 1900 1637 1950 prima

916 1957 1304 2008 quies—expulerat
1318 1970 1502 1994 somnum
1514 1985 1527 2004 ‚
1547 1971 1636 1995 cum

910 2016 1084 2067 primum
1107 2014 1273 2067 semina
1307 2014 1480 2053 cinerem
1512 2025 1553 2053 et
1577 2030 1637 2054 so-

907 2074 1018 2124 pitos
1035 2073 1202 2111 suscitat
1218 2073 1350 2125 ignes,
1369 2091 1430 2102 2--
1446 2072 1518 2110 illo
1535 2082 1632 2111 tem-

907 2145 1011 2182 pore
1058 2131 1307 2184 ignipotens,
1350 2130 1467 2169 haud
1495 2143 1630 2178 secus,

916 2203 991 2227 nec
1008 2189 1191 2241 segnior,
1213 2188 1513 2241 surgit.—-408,
1533 2197 1629 2238 409.

914 2249 984 2285 Est
1016 2248 1183 2285 Homeri
1207 2246 1304 2302 γυνὴ
1334 2249 1522 2301 χερνῆτις.
1557 2243 1631 2284 Te-

913 2305 1061 2356 nuique
1088 2305 1271 2343 ,Minerva
1297 2305 1337 2344 h.
1366 2302 1542 2343 lanificio
1573 2312 1630 2341 te-

912 2376 1035 2400 nuem
1054 2364 1207 2400 victum
1221 2363 1426 2414 praebente
1437 2389 1449 2408 ‚
1465 2369 1512 2398 ut
1529 2361 1631 2399 bene

913 2423 1023 2459 Ser“v.
1054 2422 1280 2458 Minervam
1310 2421 1360 2458 de
1389 2420 1502 2464 oleo,
1535 2421 1630 2468 quia

914 2477 964 2516 ad
980 2478 1187 2516 lucernam
1214 2478 1355 2524 nebat,
1380 2475 1504 2515 cerda
1528 2478 1631 2513 acci-

912 2536 1046 2586 piebat
1059 2563 1069 2582 ,
1097 2537 1216 2572 nimis
1243 2543 1380 2586 argute
1400 2542 1439 2571 et
1457 2533 1626 2572 exiliter.

912 2596 1053 2644 Neque
1067 2593 1146 2630 hoc
1165 2593 1370 2629 admittam
1385 2599 1430 2628 ut
1449 2591 1627 2628 Illinerva

912 2649 1042 2688 tenuis
1057 2651 1108 2686 sit
1126 2648 1255 2686 tenuis
1274 2649 1377 2694 tela,
1402 2658 1519 2686 tenue
1539 2658 1627 2686 tex-

912 2717 993 2746 tum
1013 2721 1027 2744 :
1049 2706 1158 2757 quod
1182 2719 1254 2757 per
1280 2720 1321 2744 se
1351 2706 1452 2744 bene
1472 2706 1626 2744 dictum

911 2773 1022 2803 esset.
1055 2787 1112 2793 -
1141 2771 1237 2809 410.
1273 2767 1395 2803 Recte
1424 2772 1516 2815 post
1543 2766 1626 2801 Im-
