1767 3054
171 171 248 211 126

792 172 1032 210 AENEIDOS

171 253 266 293 Aut
291 258 364 303 tu,
386 244 424 292 si
443 260 536 306 qua
562 244 639 290 via
665 256 756 300 est,
780 245 818 290 si
845 260 985 305 quam
1009 242 1095 289 tibi
1119 243 1225 301 diva
1250 244 1457 290 creatrix

175 319 394 368 Ostendit
415 319 431 382 <
444 335 597 381 neque
622 319 771 375 enim,
797 317 964 375 credo,
989 318 1087 364 sine
1114 318 1305 364 numine
1326 317 1486 364 divum

175 397 391 442 Flumina
411 407 538 442 tanta
558 411 695 458 paras
717 394 1024 455 Stygiamque
1045 395 1209 440 innare
1232 393 1499 457 paludem),

180 475 253 518 Da
277 471 490 516 dextram
513 471 684 516 misero
698 504 709 526 ‚
730 481 777 514 et
798 481 953 515 tecum
977 484 1051 515 me
1071 470 1181 515 tolle
1204 486 1289 532 per
1308 469 1477 530 nudati,
1620 478 1677 517 370

183 545 384 592 Sedibus
409 555 461 589 ut
484 544 647 590 saltem
667 543 863 606 placidis
886 544 934 589 in
953 554 1104 589 morte
1124 544 1375 606 quiescam.
1397 566 1415 585 »

248 620 379 666 Talia
404 619 525 666 fatus
547 630 670 677 erat,
698 620 840 682 coepit
861 635 1009 682 quum
1031 618 1142 666 talia
1162 619 1294 667 vates
1317 639 1327 667 ε

184 720 203 736 «
226 695 364 742 Unde
390 695 511 753 haec,
537 711 566 740 ο
589 696 829 755 Palinure,
854 695 940 741 tibi
967 708 1061 742 tam
1086 695 1190 742 dira
1215 696 1418 759 cupido?

183 773 256 815 Tu
279 771 464 832 Stygias
481 769 755 817 inhumatus
777 786 944 832 aquas,
972 786 1250 832 amnemque
1277 785 1493 816 severum

184 843 502 890 Eumenidum
527 844 781 907 adspicies,
802 846 1014 907 ripamve
1034 844 1238 907 injussus
1259 843 1440 890 adibis?
1620 851 1677 891 375

184 920 357 966 Desine
381 920 474 966 fata
495 921 636 966 deum
655 921 782 966 flecti
801 937 990 983 sperare
1016 921 1255 984 precando
1276 941 1286 967 :

187 994 281 1039 Sed
302 1009 415 1054 cape
445 993 569 1039 dicta
590 1010 792 1051 memor,
814 995 922 1041 duri
942 996 1106 1042 solatia
1128 1012 1275 1041 casus.

185 1070 307 1113 Nam
328 1078 408 1112 tua
432 1068 643 1125 finitimi,
670 1069 806 1131 longe
828 1070 1015 1131 lateque
1040 1086 1125 1132 per
1148 1068 1290 1115 urbes

189 1140 418 1203 Prodigiis
442 1143 533 1187 acti
555 1143 845 1202 coelestibus,
869 1160 973 1190 ossa
993 1143 1215 1206 piabunt3

190 1218 246 1260 Et
267 1225 470 1262 statuent
492 1217 746 1276 tumulum,
775 1230 820 1264 et
843 1219 1025 1263 tumulo
1046 1218 1277 1264 sollennia
1298 1217 1503 1273 mittent;

190 1436 354 1475 cadaver
384 1435 550 1483 jacebat.
582 1455 638 1463 --
669 1435 763 1481 367.
802 1433 902 1470 Diva

192 1493 364 1532 creatrix
385 1494 502 1530 etiam
525 1494 650 1538 VIII,
684 1493 764 1536 534
782 1501 904 1528 mater

193 1557 346 1597 AEneae‚
385 1553 548 1596 Venus3
583 1558 629 1587 ut
662 1563 798 1587 creare
831 1563 904 1599 pro

192 1623 352 1661 parere,
385 1608 432 1645 cf.
466 1610 600 1646 Burm.
634 1610 784 1645 Imzare
814 1607 902 1644 doc·

193 1669 270 1705 tius
293 1679 412 1717 quam
435 1666 591 1716 ingredi
618 1665 790 1711 flumen,
821 1665 901 1702 adi-

192 1740 234 1763 re
249 1754 259 1772 ,
279 1726 461 1775 navigare
478 1737 549 1774 per
568 1723 730 1761 flumen.
744 1725 854 1770 ——37
870 1737 901 1760 x.

195 1782 356 1820 Sedibus
377 1794 386 1819 z
405 1781 453 1818 de
475 1790 627 1831 recepta
656 1783 697 1818 in
726 1781 823 1818 locis
841 1783 902 1817 in-

194 1840 284 1877 feris
302 1839 451 1876 Umbra
473 1850 481 1875 :
504 1852 541 1876 v.
568 1838 615 1875 ad
637 1853 673 1876 v,
700 1839 792 1875 152.
818 1839 902 1875 Sal-

195 1908 272 1935 tem
285 1926 295 1941 ,
323 1897 416 1946 quia
438 1905 566 1933 nautae
586 1909 737 1947 semper
761 1910 901 1947 vagan-

195 1965 262 1992 tur
276 1984 286 2001 ‚
316 1962 361 1990 ut
382 1956 490 1992 Serv.
513 1954 613 1991 bene
641 1963 788 1992 monet.
810 1957 904 1991 Ver-

196 2026 262 2049 sus
293 2011 371 2049 360
405 2025 454 2048 ex
472 2011 582 2050 Iliad.
606 2008 655 2063 ψ,
693 2013 743 2059 75
765 2012 906 2049 subna-

196 2080 260 2106 tus
283 2082 291 2107 :
318 2067 384 2106 καί
409 2083 472 2122 μοι
500 2065 564 2113 δὸς
588 2069 654 2111 τὴν
682 2069 793 2123 χεῖρ’,
823 2068 905 2107 ὀλε-

198 2125 366 2180 φύρομαι
380 2156 389 2174 ,
412 2129 582 2165 Patrocli
597 2129 761 2166 Umbra.

220 2199 224 2203 ·
259 2187 499 2233 372—373.
532 2189 704 2223 Amnem
735 2198 904 2221 severum

197 2242 211 2292 (
229 2242 304 2280 hoe
329 2253 404 2288 est,
431 2245 580 2280 tristem
593 2272 603 2289 ‚
628 2243 872 2282 horrendum
891 2243 905 2292 )

200 2300 463 2337 Eumenidum
484 2300 597 2338 docte
617 2301 719 2338 dixit
733 2330 742 2347 ‚
767 2300 906 2338 eodem

197 2356 317 2394 modo
344 2370 388 2393 ac
417 2359 449 2393 si
476 2358 641 2395 deorum
661 2359 904 2403 inferorum,

199 2416 442 2464 Proserpinae
474 2415 537 2451 vel
566 2417 745 2461 Hecatae,
774 2416 906 2466 appel-

199 2471 308 2508 lares.
323 2473 480 2509 Servius
494 2473 592 2509 male
607 2485 615 2510 ζ
635 2491 654 2504 «
672 2475 772 2510 circa
789 2486 908 2523 quem

199 2545 218 2558 α
252 2528 431 2565 habitant
460 2529 717 2576 Eumenides3
758 2549 776 2562 υ
800 2530 908 2580 quod

199 2593 297 2621 esset
314 2586 580 2623 revocandum
597 2587 644 2623 ad
661 2601 697 2625 v.
719 2587 814 2634 280,
838 2588 907 2624 ubi

196 2641 432 2679 Eumenides
469 2644 512 2679 in
545 2644 654 2680 aditu
685 2645 792 2682 Orci.
832 2644 907 2682 Sed

198 2697 239 2735 id
258 2700 376 2736 nimis
401 2700 517 2750 longe
535 2702 714 2750 petitum.
733 2723 790 2729 —-
810 2702 904 2747 375.

201 2755 346 2806 Rlpave
381 2756 549 2793 malebat
585 2757 721 2795 cerda.
756 2758 907 2794 Invisus

200 2823 276 2851 tres
297 2827 356 2865 ap.
379 2815 527 2860 Burin„
545 2823 582 2852 et
613 2814 688 2853 hoc
711 2817 903 2864 Pompon.

1620 1224 1680 1253 380

969 1433 1058 1470 Sab.
1080 1433 1375 1483 interpretatur.
1398 1430 1536 1468 Adibis
1565 1433 1681 1470 Rom.

971 1504 1061 1527 cum
1091 1490 1205 1528 codd.
1235 1499 1346 1540 parte
1359 1517 1369 1534 ‚
1402 1489 1518 1526 etiam
1552 1487 1632 1526 Erf.
1663 1501 1682 1523 a

971 1563 1023 1586 m.
1044 1561 1104 1599 pr.
1121 1576 1131 1594 ,
1160 1547 1270 1598 quod
1285 1547 1383 1584 mihi
1400 1546 1560 1597 quidem
1579 1546 1680 1583 mul-

969 1615 1010 1643 to
1029 1607 1151 1657 magis
1168 1606 1374 1657 probatur.
1395 1605 1445 1642 cf.
1463 1617 1551 1656 sup.
1576 1603 1654 1642 31⁵3
1669 1633 1679 1648 ‚

971 1666 992 1701 3
1006 1671 1073 1710 14,
1110 1665 1242 1713 itaque
1278 1675 1387 1700 nunc
1423 1663 1553 1712 recepi
1591 1675 1682 1700 cum

970 1721 1185 1759 Brunckio.
1223 1720 1367 1771 Vulgg.
1399 1728 1529 1756 tamen
1559 1719 1683 1756 abibis

970 1788 1127 1816 servant
1140 1781 1251 1817 Serv.
1274 1777 1419 1815 Medic.
1438 1789 1530 1814 cum
1548 1777 1682 1814 multis

972 1839 1071 1875 Pier.
1092 1845 1131 1873 et
1159 1837 1295 1873 Heins.
1318 1848 1360 1871 ac
1390 1837 1603 1873 Burmann.
1625 1857 1683 1864 --

972 1897 1067 1943 377.
1098 1894 1203 1944 Cape
1225 1906 1396 1938 memor,
1423 1901 1513 1930 tene
1533 1905 1681 1931 memo-

969 1953 1198 1999 ria.-378.
1213 1955 1333 1990 Recte
1350 1950 1537 1988 adversus
1553 1950 1683 1988 Mark-

970 2011 1135 2048 landum
1150 2038 1160 2056 ‚
1184 2012 1255 2060 qui
1278 2009 1327 2047 ad
1350 2012 1444 2048 Stat.
1469 2011 1506 2046 V
1526 2007 1621 2046 Silv.
1644 2010 1682 2054 3,

979 2083 1051 2116 127
1084 2068 1302 2106 absurdum
1321 2080 1402 2119 esse
1421 2065 1546 2104 aiebat
1551 2065 1683 2119 finiti-

974 2141 1057 2164 mos
1085 2126 1164 2175 dici
1188 2126 1308 2177 longe
1327 2126 1485 2175 lateque
1503 2123 1684 2162 habitan-

974 2193 1029 2221 tes
1043 2214 1053 2231 ,
1075 2184 1209 2222 locum
1229 2191 1362 2220 tuetur
1381 2184 1443 2220 vir
1462 2181 1602 2219 doctus
1619 2195 1679 2232 ap.

973 2244 1107 2280 Burm.
1123 2271 1133 2289 ,
1160 2241 1299 2280 ordine
1312 2240 1531 2278 verborum
1553 2240 1604 2275 ita
1622 2241 1682 2275 in-

972 2301 1111 2337 stituto
1144 2313 1153 2338 :
1177 2298 1347 2353 finitimi
1382 2298 1463 2336 acci
1490 2295 1683 2348 prodigiis

974 2357 1190 2395 coelescibus
1208 2358 1326 2409 longe
1355 2356 1514 2405 lateque
1524 2367 1602 2403 per
1620 2367 1684 2390 ur-

974 2415 1060 2460 bes;
1077 2417 1209 2466 itaque
1220 2413 1581 2464 interpunctionem
1593 2420 1683 2462 post

967 2486 1046 2523 per
1059 2474 1169 2510 urbes
1183 2471 1336 2509 sustuli.
1348 2467 1521 2507 —-Nam
1539 2476 1584 2505 ut
1603 2466 1680 2524 γὰρ

976 2531 1024 2567 ab
1042 2531 1157 2567 initio
1185 2528 1395 2573 orationis,
1426 2539 1500 2576 pro
1524 2521 1573 2568 δὴ
1588 2555 1598 2572 ,
1625 2540 1682 2565 sa-

974 2601 1024 2624 ne
1036 2615 1046 2632 ‚
1086 2587 1246 2625 scilicet.
1288 2583 1494 2621 Sollennia
1528 2583 1684 2621 mittent

972 2640 1163 2695 πέμψουσι
1181 2637 1277 2692 χοὰς
1289 2669 1300 2687 ,
1327 2637 1409 2694 ἱερὰ
1423 2669 1434 2688 ,
1461 2648 1499 2678 et
1513 2641 1652 2678 similia
1668 2672 1678 2689 ‚

972 2701 1128 2737 inferias
1143 2700 1282 2738 ferent.
1297 2701 1431 2750 Quum
1448 2711 1466 2735 a
1483 2698 1658 2736 barbaris
1668 2728 1678 2745 ,

971 2760 1148 2794 Lucanos
1168 2756 1313 2803 edunt,
1338 2757 1407 2807 qui
1422 2757 1545 2794 serius
1565 2769 1608 2793 ea
1624 2756 1679 2793 lo-

972 2827 1013 2850 ca
1035 2814 1309 2861 incoluerunt,
1328 2815 1480 2853 occisus
1499 2822 1597 2852 esset
1612 2817 1678 2852 Pa-
