1767 3054
225 143 305 191 278

847 140 1089 182 AENEIDOS

218 215 356 261 Solus
379 214 463 260 ubi
488 213 536 260 in
563 213 690 260 silvis
715 213 843 260 Italis
868 214 1089 276 ignobilis
1116 230 1268 261 aevum

218 290 462 352 Exigeret‚
486 304 719 350 versoque
740 288 824 334 ubi
847 290 1036 335 nomine
1059 290 1251 336 Virbius
1276 300 1409 337 esset.

219 363 357 410 Unde
379 364 519 409 etiam
542 363 717 424 templo
738 363 910 408 Triviae
932 363 1144 425 lucisque
1168 364 1360 411 sacratis

215 439 503 501 Cornipedes
528 449 747 483 arcentur
769 438 901 498 equi,
925 437 1053 498 quod
1074 439 1211 484 litore
1235 455 1427 485 currum

216 520 275 563 Et
294 516 518 578 juvenem
544 512 764 558 monstris
791 512 952 573 pavidi
976 512 1187 560 effudere
1211 514 1418 560 marinis.

214 590 360 635 Filius
386 586 591 633 ardentis
614 586 744 632 haud
769 586 919 632 secius
944 602 1135 648 aequore
1160 588 1314 649 campi

216 663 480 711 Exercebat
508 677 654 724 equos
667 697 679 720 ,
700 678 938 722 curruque
959 662 1007 706 in
1031 660 1154 707 bella
1175 662 1359 708 ruebat.

281 744 391 802 Ipse
412 738 536 784 inter
561 735 740 800 primos
764 736 1006 798 praestanti
1031 752 1231 798 corpore
1256 739 1444 784 Turnus

214 815 430 862 Vertitur
452 828 582 859 arma
605 823 789 868 tenens,
813 821 859 856 et
883 820 984 856 toto
1008 811 1186 857 vertice
1209 826 1353 872 supra
1377 822 1460 857 est.

216 891 306 938 Cui
330 888 505 950 triplici
529 887 698 933 crinita
715 885 833 948 juba
853 887 984 948 galea
1003 886 1096 932 alta
1117 885 1398 932 Chimaeram
1649 899 1708 940 785

216 965 448 1020 Sustinet,
469 965 673 1009 AEtnaeos
697 961 933 1008 efflantem
957 961 1170 1008 faucibus
1192 960 1313 1023 ignis
1337 980 1348 1005 :

214 1120 354 1167 tradit,
382 1118 645 1158 commendat.
665 1119 743 1157 Alii
776 1120 931 1171 relegat

217 1179 276 1216 ad
292 1191 453 1222 nemus,
488 1185 662 1228 segregat
682 1188 692 1213 z
716 1186 761 1214 ut
781 1178 925 1229 Georg.

215 1239 300 1284 ΙΙΙ,
340 1249 419 1274 212
448 1244 582 1272 tauros
603 1235 767 1285 procul,
807 1244 929 1285 atque

218 1295 260 1331 in
291 1295 378 1332 sola
410 1293 594 1343 relegant
617 1296 786 1331 Pascua.
823 1295 926 1331 Tum

217 1351 399 1403 ignobilis
412 1379 422 1398 ‚
442 1353 487 1387 in
505 1350 652 1387 bonam
675 1359 826 1401 partem
840 1378 850 1396 ‚
869 1359 928 1388 ut-

216 1419 310 1460 pote
345 1411 389 1447 in
425 1421 579 1445 secessu
613 1416 651 1445 et
687 1408 902 1445 solitudine
915 1437 925 1455 ,

215 1467 370 1516 placide
396 1466 493 1503 adeo
519 1474 558 1502 et
573 1466 808 1514 tranquille3
837 1466 927 1502 alias

217 1523 391 1574 ignobile
415 1535 540 1560 aevum
568 1523 743 1560 effertur.
756 1545 814 1550 ———
829 1524 924 1569 778.

214 1582 435 1632 Religiosus
471 1580 593 1630 igitur
624 1587 705 1615 erat
736 1592 821 1616 mos
834 1608 843 1625 ,
881 1589 927 1616 ut

216 1639 264 1676 ad
285 1639 420 1676 lucum
437 1650 559 1673 curru
576 1636 666 1672 vehi
681 1637 788 1673 nefas
805 1645 902 1673 esset
916 1649 924 1674 :

215 1708 351 1733 caussa
385 1695 434 1732 ab
475 1693 687 1744 Hippolyti
728 1694 928 1745 quadrigis

213 1756 315 1804 rapti
326 1753 485 1790 fortuna
496 1753 539 1787 in
551 1751 610 1787 his
624 1764 698 1788 vss.
708 1753 927 1790 arcessitur.

213 1833 271 1839 ——-
286 1824 304 1858 7
316 1824 381 1860 79.
401 1810 537 1847 Litora
555 1811 658 1845 Ven.
679 1808 927 1846 Marckland.

219 1869 268 1906 ad
284 1872 380 1907 Stat.
402 1870 420 1904 I
441 1867 536 1906 Silv.
557 1867 618 1911 II,
646 1867 698 1910 45
720 1868 823 1914 conj.
845 1866 928 1903 lito-

214 1940 261 1962 ra
293 1925 436 1963 circum
468 1925 583 1960 Heu!
605 1923 793 1974 juvenem
806 1953 816 1969 ,
843 1937 929 1961 sua-

215 1986 256 2021 vi
274 1984 378 2021 lusu.
408 1984 514 2020 Tum
541 1993 618 2032 quo
641 1981 755 2018 litore
775 1982 926 2031 aliquot

214 2043 315 2079 Pier.
331 2069 342 2087 ,
368 2052 588 2091 perperam.
608 2060 666 2068 -—
689 2040 784 2086 781.
805 2039 931 2075 Haud

211 2099 336 2136 secius
348 2113 363 2142 ,·
387 2099 459 2134 etsi
475 2099 566 2146 equi
592 2109 612 2132 a
634 2096 728 2133 luco
753 2098 926 2146 parentis

213 2156 450 2193 arcebantur
464 2183 474 2201 ,
505 2153 614 2191 haud
640 2154 772 2190 minus
794 2162 926 2191 tamen

214 2213 320 2251 filius
337 2226 406 2251 eos
424 2212 606 2263 agitabat.

275 2272 370 2319 784.
403 2269 577 2306 Vertitur
597 2268 711 2306 docte
735 2268 783 2305 ad
805 2269 927 2305 animi

215 2329 470 2378 corporisque
508 2328 685 2377 vigorem
720 2326 924 2377 designan-

216 2385 312 2421 dum
326 2414 336 2431 ,
361 2392 516 2430 movet,
540 2385 620 2434 agit
640 2396 680 2420 se
694 2411 704 2429 ,
728 2396 802 2433 pro
819 2385 925 2420 ince-

216 2442 275 2478 dit
289 2471 298 2488 ‚
323 2451 369 2478 ut
390 2440 639 2493 στρέφεσθαι,
661 2449 700 2477 et
714 2442 925 2478 Homerica

216 2496 458 2551 κορυθαίελος
476 2507 513 2535 et
533 2495 779 2551 αἰελοθῶρῃξ.
799 2500 927 2548 Supra

214 2566 293 2603 est,
314 2553 507 2608 ὑπερέχει.
530 2556 769 2605 Comparant
790 2558 923 2605 Intpp.

216 2614 263 2651 Il.
287 2627 340 2667 γ,
367 2613 473 2657 226,
508 2625 586 2660 227
605 2641 615 2659 ,
645 2612 692 2649 de
710 2614 843 2661 Ajace.
867 2635 925 2640 —

219 2672 300 2719 585
317 2691 374 2699 —-
390 2669 484 2717 788.
516 2669 724 2706 Manifeste
754 2671 926 2720 vestigiis

217 2729 381 2767 Homeri
431 2727 573 2763 insistit
590 2754 600 2771 ,
645 2728 791 2763 ornatis
831 2739 923 2763 sane

217 2786 359 2834 verbis,
380 2783 444 2823 sed
462 2792 507 2821 ut
522 2784 579 2821 rei
597 2784 788 2821 miraculo
804 2781 924 2820 fidem

994 1133 1136 1171 parum
1154 1121 1281 1158 faciat.
1302 1122 1424 1158 Recte
1441 1117 1488 1157 11.
1513 1131 1552 1164 ε,
1577 1126 1601 1163 4
1618 1132 1704 1170 sqq.

994 1178 1197 1215 Diomedis
1214 1178 1321 1229 galea
1339 1189 1457 1223 aerea,
1476 1176 1647 1226 clipeus,
1668 1186 1709 1213 et

995 1236 1138 1273 thorax
1162 1237 1206 1273 in
1237 1235 1318 1273 sole
1345 1246 1557 1272 coruscans
1572 1235 1705 1285 ignem

994 1293 1198 1330 effundere
1220 1301 1424 1338 narratur3
1444 1291 1628 1341 idemque
1648 1299 1705 1328 et-

993 1353 1026 1388 si
1061 1351 1196 1400 paullo
1232 1352 1354 1401 magis
1386 1350 1430 1386 in
1469 1349 1706 1385 miraculum

995 1422 1232 1446 conversum
1251 1408 1392 1444 tribuit
1407 1405 1568 1445 Achillis
1586 1406 1705 1456 galeae

993 1466 1041 1504 11.
1056 1479 1091 1511 σ,
1114 1466 1195 1503 205
1207 1479 1294 1515 sqq.
1306 1464 1498 1514 Virgilius
1514 1464 1707 1514 expressit

994 1537 1084 1560 eum
1095 1523 1231 1560 locum
1240 1523 1268 1560 l.
1281 1525 1333 1568 X,
1351 1534 1372 1558 2
1381 1534 1431 1568 7o
1443 1534 1527 1571 sqq.
1543 1521 1633 1568 ;lu'c
1646 1534 1707 1558 ve-

992 1593 1038 1616 ro
1060 1582 1176 1616 etiam
1193 1580 1304 1617 auxit
1319 1578 1560 1630 prodigium,
1579 1591 1706 1627 quum

993 1637 1123 1688 galea,
1146 1636 1336 1675 Chimaera
1359 1643 1520 1681 ornata,
1548 1635 1706 1672 furente

993 1696 1037 1731 in
1051 1694 1188 1744 praelio
1200 1696 1353 1738 Turno,
1370 1694 1475 1729 inter
1490 1700 1622 1729 motus
1644 1705 1705 1729 ra-

994 1751 1110 1802 pidos
1128 1760 1166 1788 et
1182 1751 1418 1800 multiplices
1435 1751 1489 1786 ita
1505 1758 1704 1795 coruscet,

995 1818 1040 1846 ut
1059 1809 1292 1847 Chimaeram
1305 1836 1316 1854 ,
1343 1820 1423 1858 quo
1439 1808 1559 1859 magis
1574 1820 1706 1858 pugna

997 1865 1245 1912 exardescat,
1285 1878 1332 1902 eo
1372 1865 1492 1915 magis
1529 1864 1705 1901 flammas

995 1926 1143 1975 spirare
1162 1923 1279 1961 dicat.
1300 1923 1418 1961 Motu
1438 1923 1544 1958 em'm
1563 1921 1704 1959 crebro

995 1982 1173 2032 corporis
1196 1989 1235 2018 et
1254 1981 1391 2030 capitis
1418 1992 1623 2017 coruscare
1642 1992 1704 2016 so-

991 2039 1028 2076 le
1048 2039 1211 2076 adverso
1230 2051 1370 2076 aeream
1384 2037 1533 2089 galeam
1547 2049 1704 2074 necesse

993 2106 1051 2133 est
1068 2109 1076 2135 :
1098 2097 1207 2147 quod
1229 2095 1462 2138 transfertur
1477 2094 1529 2131 ad
1545 2095 1702 2146 signum

994 2154 1197 2191 Chimaerae
1215 2155 1260 2190 in
1282 2153 1388 2204 galea
1401 2180 1412 2199 ,
1435 2160 1474 2189 et
1493 2153 1577 2199 ejus
1591 2159 1703 2202 natu-

992 2224 1044 2248 rae
1075 2211 1368 2248 accommodate
1395 2218 1574 2247 ornatur.
1612 2211 1702 2246 Hoc

992 2282 1155 2306 monere
1185 2270 1303 2306 satius
1330 2276 1433 2314 erat,
1451 2278 1570 2317 quam
1592 2267 1703 2304 inani

991 2326 1295 2376 reprehensione
1307 2353 1318 2370 ,
1348 2324 1413 2361 vel
1431 2322 1546 2360 laude
1566 2322 1702 2360 Iocum

992 2393 1178 2429 atterere,
1210 2382 1321 2433 quod
1347 2381 1516 2431 Scaliger
1542 2393 1702 2431 quoque

991 2441 1084 2477 facit
1103 2444 1212 2479 Poet.
1223 2441 1251 2478 l.
1265 2442 1317 2485 V,
1342 2450 1375 2475 c.
1397 2438 1418 2474 3
1440 2437 1509 2487 (p.
1534 2438 1613 2473 228
1635 2437 1701 2476 ed.

998 2497 1133 2548 1561)
1159 2499 1395 2546 impugnans
1426 2494 1606 2532 Macrob.
1636 2498 1699 2541 V,

997 2558 1046 2592 13
1068 2563 1167 2592 extr.
1180 2581 1190 2600 ,
1220 2555 1263 2589 in
1284 2564 1363 2601 quo
1384 2550 1461 2588 hoc
1486 2551 1699 2600 reprehen-

991 2612 1116 2656 ditur,
1153 2608 1262 2660 quod
1294 2603 1457 2650 ἀσπίδος
1491 2604 1696 2661 ἀκάματον

990 2671 1065 2720 πῦρ
1101 2665 1359 2704 Homericum
1393 2667 1506 2702 toties
1539 2667 1696 2716 repetiit

991 2725 1181 2776 Virgilius
1196 2725 1269 2769 IX,
1285 2724 1364 2770 733
1375 2725 1446 2769 3X,
1463 2735 1511 2770 27
1525 2736 1541 2759 1
1555 2737 1566 2770 3
1580 2725 1695 2768 VIII,

991 2784 1088 2822 620.
1120 2784 1188 2820 Est
1226 2788 1356 2819 autem
1386 2780 1511 2831 galea
1552 2779 1698 2818 crinita
