1767 3054
598 154 673 189 AD
705 152 910 190 LIBRUM
939 152 1010 189 VI.
1472 145 1552 192 375

54 226 195 264 insulae
220 227 386 265 formam
406 232 504 262 esset
528 223 749 262 redactum.
770 224 904 262 Plures
927 233 1014 261 tum
1033 234 1212 260 cavernae
1241 229 1334 257 sunt
1358 219 1528 270 oppletae
1542 246 1553 264 ‚

53 295 139 332 aliae
169 295 334 333 ulterius
366 292 520 338 ductae,
543 293 646 329 inter
675 305 772 344 quas
800 292 1045 330 nobilissima
1068 305 1090 328 a
1115 290 1297 329 Cocceio,
1320 301 1358 325 v.
1391 286 1555 324 ibidem.

53 361 103 399 es.
126 361 342 399 Hamilton.
364 359 511 410 Campi
526 358 729 412 Phlegraei
744 369 771 398 t.
792 362 831 398 11
844 389 855 409 ‚
873 360 928 413 pl.
950 361 1002 398 28
1017 388 1028 408 ,
1049 372 1102 411 29
1117 387 1128 408 ,
1141 357 1325 408 idemque
1345 355 1389 394 in
1405 352 1555 392 Philas,

58 430 262 467 Transact.
283 426 363 465 vol.
385 429 496 474 Lxl,
527 441 542 464 1
559 457 569 475 ,
594 442 634 479 p.
662 430 707 466 15
730 441 815 480 sqq.

706 602 900 612 ——

483 777 963 846 EXCUBSUS
1017 778 1132 844 IV.

310 998 401 1050 De
430 998 641 1052 AEneoe
670 1016 898 1052 accessu
929 996 1015 1051 acl
1042 994 1294 1051 Italiam.

111 1165 266 1202 AEneas
283 1177 335 1201 ex
355 1163 494 1201 Sicilia
506 1177 584 1214 per
603 1163 845 1214 Tyrrhenum
866 1178 978 1202 mare
993 1163 1197 1216 projectus
1209 1191 1220 1208 ,
1242 1163 1372 1212 primo
1396 1159 1454 1196 ad
1467 1162 1551 1198 Ita·

52 1231 152 1268 liam
173 1230 342 1280 appulsu
365 1239 526 1280 portum
542 1231 773 1268 Palinurum
787 1231 926 1277 subiit,
951 1230 1022 1282 qui
1035 1244 1054 1268 a
1072 1230 1245 1281 quodam
1262 1233 1393 1267 AEneae
1406 1227 1552 1279 guber-

53 1297 259 1337 natm-eibi
275 1297 463 1349 defimcto
482 1312 626 1335 nomen
649 1300 849 1350 accepisse
857 1299 1004 1352 fertur.
1025 1302 1120 1336 Haec
1142 1298 1362 1348 Dionysius
1381 1309 1431 1333 ex
1448 1308 1557 1332 com-

54 1370 169 1405 muni
201 1369 440 1417 scriptorum
463 1370 688 1405 narratione
716 1369 835 1406 tradit
867 1369 937 1406 lib.
968 1371 1011 1415 Ι,
1040 1369 1106 1405 53.
1131 1366 1324 1418 Virgilius
1351 1379 1424 1402 nec
1451 1365 1553 1401 hanc

55 1437 170 1473 famae
199 1437 341 1473 veteris
372 1433 491 1472 fidem
525 1438 796 1486 praeterinisit3
823 1451 874 1474 ne
905 1447 1034 1475 tamen
1062 1436 1332 1486 frequentiore
1364 1433 1553 1484 appulsus

57 1503 433 1541 commemoratione
449 1503 639 1540 molestus
654 1513 753 1541 esset
763 1505 923 1550 lectori,
942 1505 1110 1541 alterum
1129 1502 1178 1538 ad
1191 1503 1335 1540 Cumas
1352 1513 1552 1537 accessum

55 1572 208 1622 attigit;
239 1571 470 1608 Palinurum
496 1585 591 1609 vero
616 1574 709 1609 navi
732 1585 944 1609 excussum
964 1571 1014 1609 ad
1035 1571 1130 1608 litus
1151 1570 1335 1607 Lucaniae
1355 1577 1547 1612 enatasse,

54 1639 124 1678 sed
146 1652 166 1675 a
179 1637 356 1675 barbaris
375 1639 552 1674 occisum
571 1639 729 1689 piaculo
751 1638 942 1676 finitimos
962 1638 1155 1689 obligasse
1171 1645 1318 1674 narrat.
1339 1637 1442 1673 ,³10ae
1454 1647 1553 1672 vero

55 1706 230 1746 Lucanis
251 1704 484 1756 pestilencia
508 1706 780 1744 laborantibus
810 1706 958 1759 (verba
987 1707 1114 1745 Servii
1136 1713 1228 1741 sunt
1254 1704 1302 1740 ad
1331 1706 1412 1750 VI,
1442 1701 1552 1751 358)

55 1773 261 1826 respondit
289 1772 514 1817 oraculum,
552 1775 698 1810 Manes
724 1772 910 1811 Palinuri
938 1785 1020 1810 esse
1044 1770 1271 1821 placandos
1294 1784 1308 1805 .·
1344 1769 1392 1806 ob
1426 1780 1551 1819 quam

55 1856 138 1880 rem
166 1856 246 1879 non
279 1841 397 1889 longe
427 1852 454 1874 α
481 1840 618 1885 Velia,
655 1851 696 1876 et
723 1841 877 1882 lucum,
910 1850 950 1875 ct
973 1837 1252 1888 cenotaphium
1278 1836 1317 1873 ei
1341 1836 1550 1872 dederunt.

54 1910 160 1947 Vide
189 1912 320 1961 ipsum
345 1918 503 1959 poetam
526 1920 566 1944 v,
603 1905 847 1952 378—381
864 1933 875 1948 ‚
919 1906 989 1954 qui
1028 1906 1144 1940 etiam
1175 1904 1326 1939 oraculi
1359 1901 1480 1939 fidem
1501 1901 1551 1937 de

54 1976 231 2014 Palinuri
263 1989 420 2013 accessu
450 1973 498 2011 ad
532 1972 684 2010 Italiam
708 1971 803 2008 olim
830 1969 926 2007 editi
956 1971 998 2006 in
1027 1969 1199 2006 fabulam
1237 1968 1439 2005 adsumsit.
1472 1970 1552 2006 Ve-

52 2042 146 2080 liam
175 2034 354 2095 (Ιῖζλέαν)
378 2042 447 2079 illo
475 2050 652 2090 tempore
678 2037 860 2075 nondum
889 2038 1032 2084 fuisse,
1056 2037 1157 2074 bene
1186 2036 1370 2073 observat
1392 2036 1552 2073 Servius

51 2109 101 2147 ad
126 2123 161 2147 v.
189 2110 269 2159 359
287 2118 506 2159 portusque
532 2106 721 2152 Velinos;
744 2119 836 2144 nam
855 2105 1013 2143 condita
1036 2117 1079 2141 ea
1099 2104 1175 2141 fuit
1199 2117 1221 2140 a
1248 2102 1553 2140 Phocaeeusibus

51 2178 127 2215 sub
148 2180 256 2230 Cyro
272 2175 472 2228 profugis,
496 2183 541 2212 ut
562 2188 612 2212 ex
629 2174 821 2213 Strabone
839 2174 911 2212 lib.
931 2175 988 2211 VI
1008 2186 1068 2224 pr.
1090 2171 1181 2208 satis
1201 2179 1378 2216 constat3
1402 2183 1475 2207 nec
1496 2178 1553 2206 ta-

51 2259 145 2284 men
160 2245 353 2297 prolepsis
374 2244 460 2281 talis
478 2251 556 2280 tam
575 2243 748 2280 insolens
768 2249 869 2288 erat,
890 2250 935 2278 ut
952 2241 1028 2277 viri
1044 2239 1152 2276 docti
1171 2245 1261 2288 post
1277 2237 1552 2288 grammaticos

53 2312 160 2364 apud
191 2312 367 2349 Gellium
392 2311 419 2349 l.
445 2324 480 2348 c.
502 2313 560 2356 X,
592 2310 640 2346 16
664 2310 707 2345 in
728 2306 978 2346 defendendo
1004 2307 1069 2344 vel
1088 2303 1306 2343 accusando
1328 2311 1445 2353 poeta
1467 2311 1553 2339 tan-

53 2389 139 2419 tum
158 2394 289 2433 operae
305 2392 453 2430 ponere
470 2378 674 2416 deberent.
699 2379 900 2427 Operosus
919 2387 1080 2426 quoque
1090 2375 1134 2411 in
1146 2371 1361 2410 refellendo
1377 2371 1553 2409 Ouwens

53 2449 172 2487 Noct.
197 2450 291 2499 Hag.
318 2447 387 2484 lib.
412 2448 429 2482 1
444 2474 454 2492 ‚
475 2459 509 2483 c.
534 2458 571 2482 2.
591 2442 746 2481 Sufficit
767 2451 917 2487 tenere,
940 2443 1063 2492 ipsam
1087 2440 1355 2477 necessitatem
1373 2437 1442 2476 has
1461 2450 1555 2489 pro-

53 2514 179 2565 lepses
196 2516 315 2554 tueri.
345 2515 501 2565 quoties
519 2513 690 2550 narratio
719 2520 898 2548 versatur
924 2511 965 2547 in
989 2510 1037 2546 iis
1056 2509 1327 2560 temporibus,
1346 2508 1392 2544 in
1407 2506 1555 2558 quibus

55 2582 164 2620 nulla
180 2584 361 2621 locorum
381 2581 590 2633 appellatio
607 2589 664 2618 est
677 2608 688 2626 ‚
709 2588 774 2616 aut
788 2578 858 2615 ubi
873 2578 1061 2615 molestus
1078 2577 1182 2614 foret
1196 2584 1312 2628 poeta
1323 2603 1335 2623 ,
1354 2575 1532 2614 obsoleta
1544 2602 1554 2620 ,

56 2657 96 2686 et
125 2661 146 2685 a
173 2651 356 2687 carminis
378 2652 569 2686 suavitate
596 2647 720 2684 aliena
752 2659 795 2684 ac
817 2644 980 2682 barbara
1009 2645 1171 2682 nomina
1195 2641 1420 2681 excitando.
1455 2642 1557 2692 Quis

57 2715 213 2754 dubitet
225 2745 236 2764 ,
254 2716 357 2756 hanc
373 2717 644 2756 defensionem
664 2729 744 2754 esse
761 2715 852 2751 satis
864 2713 1039 2762 justam?
1059 2713 1215 2750 Verum
1231 2725 1283 2750 ne
1300 2707 1459 2748 Lucani
1472 2709 1558 2759 qui-

58 2784 174 2833 dem,
206 2785 316 2837 quod
342 2788 502 2825 Servius
529 2788 605 2833 ait,
634 2785 705 2823 illo
735 2793 911 2835 tempore
933 2783 976 2820 in
1005 2780 1068 2820 his
1095 2780 1194 2821 locis
1214 2780 1335 2820 fuisse
1354 2777 1554 2818 videntur.
