1767 3054
688 110 841 146 LIBER
872 111 944 146 vl.

1494 115 1567 161 ¹73

69 187 314 232 Lethaeum
340 183 398 230 ad
419 180 616 228 fluvium
638 179 754 226 deus
778 192 944 226 evocat
968 181 1152 242 agmine
1178 197 1369 244 magno,

70 263 259 309 Scilicet
283 262 579 307 immemores
604 273 777 318 supera
804 269 853 303 ut
878 273 1089 303 convexa
1111 258 1340 315 revisant,

70 340 251 383 Rursus
271 346 317 382 et
336 333 562 396 incipiant
585 332 634 377 in
659 347 862 394 corpora
883 333 1003 378 velle
1026 334 1216 379 reverti.
1239 354 1258 373 »

70 412 268 457 Dixerat
292 408 544 465 Anchises,
567 419 850 468 natumque,
876 423 1063 469 unaque
1090 407 1317 469 Sibyllam

72 489 343 533 Conventus
368 483 512 530 trahit
533 483 580 528 in
604 482 807 539 medios,
835 482 1116 544 turbamque
1137 496 1404 541 sonant0m3

70 564 130 607 Et
155 560 386 607 tumulum
408 559 557 620 capit,
580 558 705 603 unde
727 559 877 604 omnis
902 559 1043 620 longo
1066 558 1232 605 ordine
1255 561 1401 622 possit

73 634 312 682 Adversos
329 634 510 696 legere,
536 644 582 678 et
602 633 875 679 venientum
898 633 1079 679 discere
1104 633 1274 680 voltus.

73 799 135 838 ed.
178 799 287 844 ΕΛΖ,
305 813 345 849 p.
379 799 461 835 615
498 799 534 835 A
566 797 627 835 ed.
654 798 789 848 Steph.

72 858 144 895 nbi
159 853 300 909 πορεία
316 853 482 906 χιλιετὴς
500 856 718 891 animarum
731 856 790 891 in-

70 917 265 963 justarum
304 913 441 950 subter
480 921 622 949 terram
636 941 646 958 ‚
682 913 792 961 quasi

72 974 116 1009 in
131 984 289 1023 poenam
306 970 466 1020 decupli
481 983 490 1015 ;
507 971 550 1007 it.
572 971 614 1006 in
627 969 792 1008 Phaedro

73 1043 113 1080 p.
141 1031 247 1066 1223
269 1031 320 1067 D.
350 1030 398 1065 In
424 1028 548 1064 lustra
566 1040 689 1064 annos
707 1040 793 1064 mu-

73 1088 171 1124 tavit
187 1086 304 1125 Silius
322 1089 423 1124 XIII
439 1113 449 1131 ,
478 1086 556 1122 558
590 1087 678 1122 Hac
696 1085 791 1136 (de-

74 1145 174 1181 οἰωε
186 1142 333 1194 porta)
351 1143 502 1180 anima’
520 1142 659 1179 coelum
683 1155 793 1192 repe-

75 1211 186 1246 tune,
211 1214 260 1238 ac
293 1201 405 1238 mille
427 1199 623 1251 peractis,
651 1200 794 1237 Oblitae

77 1259 236 1303 Ditem,
256 1258 423 1295 redeunt
458 1259 499 1295 in
530 1271 694 1308 corpora
717 1258 794 1295 lus-

77 1317 160 1355 tris.
185 1317 361 1356 Omnino
388 1316 514 1353 multa
539 1316 686 1354 saecula
716 1328 795 1352 me-

76 1375 247 1412 moravit
266 1373 349 1411 Cic.
372 1375 415 1410 in
441 1376 576 1411 Somn.
597 1374 698 1423 Scip.
720 1372 795 1409 snb

76 1433 103 1469 f.
122 1432 213 1469 loco
225 1431 305 1479 jam
323 1444 343 1467 a
361 1431 485 1469 Cerda
503 1432 686 1468 excitato.
708 1432 797 1468 Pin-

77 1489 195 1526 darus
229 1501 367 1525 novem
401 1501 532 1525 annos
561 1486 717 1525 finierat
753 1490 795 1525 in

75 1546 264 1598 praeclaro
282 1545 487 1597 fragment.
509 1559 570 1596 ap.
591 1545 795 1584 Platonem

78 1605 244 1642 Menon.
267 1616 307 1653 p.
333 1605 414 1648 415
442 1605 473 1641 B
502 1603 581 1641 Frf.
605 1604 792 1640 Animam

78 1662 133 1699 ait
148 1674 232 1699 non
248 1661 424 1708 interire,
438 1661 506 1698 sed
525 1669 678 1699 tantum
690 1662 793 1698 mori

79 1732 122 1756 ac
142 1720 396 1763 reviviscere;
410 1726 540 1756 sancte
559 1721 690 1768 itaque
713 1731 794 1755 esse

80 1775 299 1813 vivendum
321 1789 331 1815 ε
355 1768 427 1814 οἷσι
450 1774 527 1830 γὰρ
546 1773 592 1812 ἄν
606 1776 662 1827 (h.
677 1790 711 1814 e.
727 1773 795 1826 ἀφ’

84 1826 151 1881 ὧν)
159 1831 522 1884 Φερσεφόναποινὰν
532 1835 702 1871 παλαιοῦ
711 1832 797 1870 πέν-

83 1890 164 1932 θεος
183 1888 248 1937 (h.
275 1903 308 1927 e.
327 1892 451 1927 κακοῦ
467 1919 477 1936 ,
490 1890 594 1927 idem
606 1899 663 1927 est
681 1900 797 1926 vetus

86 1946 238 1984 malum
255 1948 434 1983 Maronis
445 1974 456 1991 ,
474 1959 663 1995 corporea
673 1946 798 1995 pestis

85 2017 155 2042 seu
169 2003 349 2054 morbus)
365 1997 533 2049 δέξεται,
550 2000 597 2045 εἰς
609 2001 672 2039 τὸν
684 2002 800 2055 ὕπερ-

87 2062 147 2098 θεν
173 2058 277 2098 ἅλιον
303 2059 378 2111 (ad
396 2073 556 2110 superas
578 2073 720 2104 auras,
745 2059 804 2096 ad

87 2118 242 2163 coelum,
258 2118 298 2155 h.
312 2132 346 2155 e.
364 2119 406 2154 in
417 2117 552 2166 vitam)
570 2113 702 2154 κείνων
718 2113 801 2153 ἐνοί-

44 2182 46 2184 ’
87 2189 143 2228 τῳ
169 2174 245 2212 ἔτει
265 2170 417 2212 ἁνὸιὸοἰ
442 2171 568 2224 ψυχὰν
595 2171 726 2210 πάλιν·
743 2194 802 2201 -

90 2231 134 2271 ἐκ.
146 2232 216 2270 τᾶν
237 2228 416 2279 βασίλῆες
431 2227 575 2286 ἀγαυοὶ
597 2227 665 2267 καὶ
684 2229 802 2267 σθένει

89 2286 271 2343 xpum-:wi
289 2286 406 2340 σοφίᾳ
419 2302 460 2326 τε
473 2287 649 2343 μέγιστοι
666 2283 802 2340 ἄνδρες

92 2345 288 2393 αὔξονται·
313 2345 348 2390 ἐς
369 2342 413 2383 δὲ
431 2345 494 2384 τὸν
517 2343 648 2384 λοιπὸν
670 2343 803 2398 χρόνον

90 2402 212 2457 ἥρωες
236 2401 348 2459 ἁγνοὶ
375 2405 471 2457 πρὸς
502 2401 711 2456 ἀνθρώπων
736 2415 807 2440 κα-

91 2464 258 2501 λεῦνται.
277 2462 389 2499 Idem
407 2463 449 2498 in
466 2461 629 2512 Olymp.
650 2462 708 2506 11,
729 2462 805 2498 123

92 2532 159 2558 eos
177 2521 245 2571 qui
263 2520 384 2556 vitam
410 2527 470 2556 ter
489 2520 709 2569 exegissent
732 2520 807 2565 sic,

94 2585 142 2614 ut
156 2577 348 2625 justitiam
370 2576 568 2622 colerent,
589 2575 636 2612 ad
657 2575 809 2612 beatam

93 2633 266 2671 insulam
295 2633 438 2672 deferri
465 2641 702 2672 narraverat.
737 2635 812 2670 Ter

96 2689 206 2728 mille
225 2692 339 2728 annis
357 2691 570 2728 circuitum
591 2692 810 2728 animarum

98 2743 186 2785 fieri
200 2761 272 2800 per
288 2748 516 2788 animalium
532 2760 698 2800 corpora
711 2776 722 2797 ,
739 2756 811 2786 sta-

859 808 1014 838 tuerant
1032 800 1228 851 AEgypfii,
1253 813 1303 837 ex
1320 802 1514 840 Herodoti
1537 802 1578 839 si-

860 859 909 895 de
946 856 1016 894 lib.
1059 858 1121 903 11,
1165 859 1241 894 123
1258 885 1268 903 ,
1305 859 1413 908 quod
1450 869 1576 899 tamen

861 915 1002 965 dogma
1022 922 1176 951 tantum
1198 915 1245 952 ad
1263 917 1409 954 animas
1433 930 1580 968 specta-

860 986 901 1009 re
917 972 1049 1021 potuit
1062 1000 1072 1018 ‚
1097 972 1312 1009 sceleribus
1336 987 1379 1010 ac
1397 976 1502 1013 vitiis
1521 979 1578 1014 in-

859 1031 1038 1081 quinatas
1076 1037 1115 1065 et
1162 1033 1456 1070 contaminatas.
1497 1036 1579 1072 Nec

860 1100 951 1124 sane
970 1088 1101 1136 potuit
1117 1087 1159 1124 in
1175 1088 1323 1139 mythis
1342 1088 1404 1126 his
1424 1092 1503 1129 ulla
1523 1108 1579 1131 es·

860 1158 900 1183 se
924 1145 1142 1181 constantia
1163 1156 1173 1182 τ
1192 1159 1213 1182 e
1237 1159 1278 1182 re
1297 1155 1386 1183 nata
1407 1147 1583 1201 fingebat

861 1204 1135 1252 unusquisque
1168 1213 1442 1243 consentanea.
1472 1209 1580 1246 Cete-

861 1273 951 1296 rum
970 1261 1073 1296 inter
1094 1259 1179 1297 haec
1198 1263 1419 1300 meminisse
1435 1265 1549 1310 juvat
1568 1296 1576 1310 ‚

861 1330 979 1368 quam
1011 1317 1113 1354 bene
1141 1318 1184 1354 in
1215 1319 1410 1356 Messiade
1432 1324 1579 1360 anima—

861 1388 949 1411 rum
970 1375 1127 1422 jamjam
1147 1377 1191 1412 in
1218 1377 1339 1412 vitam
1359 1379 1581 1427 proditura—

861 1445 951 1469 rum
975 1445 1059 1468 sors
1072 1459 1082 1477 ‚
1104 1432 1213 1470 sedes
1227 1461 1237 1478 ‚
1267 1433 1366 1471 facta
1381 1463 1391 1479 ,
1412 1435 1517 1474 dicta
1534 1440 1582 1474 ad

860 1491 1064 1540 puriorem
1098 1489 1146 1526 de
1177 1492 1304 1527 anima
1332 1491 1502 1531 humana
1530 1510 1584 1532 sa-

860 1548 1049 1597 pientiam
1062 1556 1313 1598 attemperata
1325 1550 1403 1586 sint
1415 1552 1491 1588 sub
1507 1551 1579 1592 fin.

860 1604 930 1642 lib.
945 1606 964 1642 1
977 1613 1014 1642 et
1027 1605 1090 1651 aL,
1108 1608 1276 1644 utVIII.
1290 1628 1348 1634 —
1364 1615 1460 1658 749.
1474 1611 1580 1648 Deus

860 1672 998 1700 evocat
1009 1690 1019 1707 ‚
1036 1676 1118 1700 non
1136 1663 1201 1701 hic
1222 1664 1271 1702 de
1286 1666 1491 1704 Mercurio
1508 1671 1585 1719 agi-

861 1728 928 1757 tur
941 1747 952 1766 ,
973 1720 1081 1770 quod
1097 1731 1242 1770 putant
1258 1725 1392 1773 Intpp.
1410 1737 1420 1768 3
1443 1725 1511 1761 sed
1528 1737 1586 1763 est

864 1776 881 1814 ὁ
907 1773 1058 1830 δαίμων
1078 1806 1088 1823 ,
1119 1778 1340 1817 indefinite.
1366 1779 1446 1817 vid.
1473 1783 1584 1820 Plato

863 1835 912 1872 de
941 1839 1041 1885 Rep.
1077 1839 1140 1881 X,
1171 1851 1212 1887 p.
1249 1839 1329 1884 765
1359 1840 1583 1887 E.—750.

864 1895 1055 1942 Superum
1079 1892 1168 1930 edd.
1198 1897 1299 1931 Ven.
1325 1905 1363 1932 et
1383 1898 1551 1935 Dorvill.
1572 1926 1583 1943 ,

864 1962 912 1986 eo
937 1948 1121 1986 alludunt
1140 1950 1292 2000 aliquot
1311 1955 1413 1990 Pier.
1442 1967 1584 2003 supera

867 2006 908 2042 in
954 2018 988 2043 c.
1035 2007 1288 2058 Interpungit
1332 2009 1554 2048 Wakefield
1571 2026 1582 2052 :

867 2064 975 2098 Dens
997 2073 1135 2100 evocat
1150 2065 1314 2114 agmine
1330 2079 1478 2120 magno
1499 2070 1582 2107 Sci-

868 2118 991 2163 licet;
1016 2127 1053 2155 et
1083 2133 1178 2158 mox
1205 2131 1250 2158 ut
1277 2136 1456 2162 convexa
1486 2127 1583 2164 revi-

867 2185 962 2212 sant
979 2178 1145 2224 Rursus,
1168 2187 1209 2216 ee
1234 2179 1260 2218 i.
1289 2184 1338 2219 In
1354 2183 1477 2222 altero
1508 2185 1585 2224 hoc

866 2235 1070 2272 assentior.

929 2292 1007 2338 752
1026 2313 1085 2322 —
1111 2294 1206 2340 755.
1231 2297 1382 2335 Ornate
1413 2299 1582 2351 singula.

877 2346 1097 2386 Conventus
1134 2350 1176 2388 in
1212 2353 1364 2391 medios
1378 2383 1390 2400 ‚
1427 2357 1470 2394 in
1503 2371 1583 2395 me-

873 2405 977 2442 diam
1023 2407 1195 2447 turbam.
1237 2411 1457 2450 Sonantem
1482 2443 1494 2459 ,
1536 2415 1585 2452 de

875 2464 1064 2513 strepitu,
1090 2478 1140 2502 ex
1159 2466 1303 2517 Odysa
1323 2483 1372 2516 ω,
1402 2472 1426 2508 5
1450 2468 1515 2508 rati
1540 2469 1583 2510 δὲ

874 2518 1067 2572 τρίζουσαι
1105 2521 1256 2562 ἕποντο.
1293 2527 1345 2565 cf.
1395 2530 1532 2567 Horat.
1567 2532 1585 2566 1

874 2579 998 2616 Serm.
1028 2579 1074 2624 8,
1105 2587 1172 2628 41,
1192 2590 1230 2619 et
1247 2595 1336 2633 sup.
1357 2597 1395 2623 v.
1421 2599 1498 2634 ¹507
1526 2601 1583 2636 sq.

875 2634 1074 2673 Adversas
1093 2648 1209 2676 ornat
1235 2641 1451 2690 epitheton.
1476 2645 1585 2682 Scili-

876 2699 938 2729 cet
948 2705 998 2730 ex
1015 2692 1180 2734 adverso
1194 2697 1422 2736 incedentes
1438 2703 1584 2738 animas

876 2749 992 2801 legit,
1014 2762 1210 2802 recenset,
1228 2759 1444 2806 cognoscit.

1349 2832 1428 2878 15*
