1767 3054
179 46 258 83 156

805 51 1046 89 AENEIDOS

173 118 345 164 Omnia
369 136 616 182 poenarum
642 137 921 184 percurrere
945 121 1136 168 nomina
1157 122 1346 184 possim.
1369 142 1388 161 n

237 197 351 241 Haec
372 196 457 242 ubi
481 197 605 243 dicta
627 197 756 243 dedit
780 197 945 250 Phoebi
965 199 1177 258 longaeva
1199 196 1417 244 sacerdos
1438 214 1448 240 :

174 291 191 309 «
218 269 312 316 Sed
329 271 428 334 jam
453 289 561 335 age,
583 290 725 336 carpe
748 274 896 328 viam,
918 281 965 317 et
986 283 1256 335 susceptum
1277 272 1451 335 perfice
1470 287 1665 329 munus,

169 345 503 395 Adceleremus
519 384 530 405 ‚
555 349 634 393 ait.
668 347 928 408 Cyclopum
951 345 1120 392 educta
1145 347 1337 394 caminis

1601 355 1663 387 630

167 421 345 468 Moenia
369 423 634 485 conspiciO,
658 432 799 482 atque
823 419 1023 467 adverso
1048 421 1227 467 fornice
1250 431 1433 483 portas,

168 500 281 544 Haec
302 497 384 543 ubi
408 513 492 543 nos
515 507 752 559 praecepta
770 495 940 559 jubent
965 495 1202 558 deponere
1226 497 1363 543 dona.
1386 518 1405 537 υ

166 573 383 629 Dixerat,
405 584 450 617 et
474 572 653 633 pariter
685 571 831 633 gressi
853 587 939 633 per
962 587 1111 634 opaca
1133 572 1343 630 viarum,

168 647 453 709 Conripiunt
481 647 686 710 spatium
707 647 937 705 medium,
963 646 1242 709 foribusque
1265 648 1601 711 propinquant.

165 724 380 784 Occupat
400 725 570 768 AEneas
594 721 798 780 aditum,
825 738 1092 785 corpusque
1113 722 1293 768 recenti

1597 733 1659 763 635

163 797 354 858 Spargit
378 812 524 859 aqua,
549 812 828 859 ramumque
853 796 1053 844 adverso
1074 797 1122 842 in
1145 794 1306 843 limine
1330 796 1445 858 figit.

208 1013 306 1061 629.
321 1011 471 1065 Perfice
491 1024 643 1057 munus,
655 1013 688 1049 si
698 1013 878 1063 poeticus

159 1082 287 1107 sermo
307 1069 382 1107 fert
396 1083 406 1115 3
419 1071 579 1120 proprie
591 1070 687 1108 doni
698 1070 879 1121 deporta-

160 1129 217 1164 tio
235 1127 527 1178 perficiebatur.
549 1130 679 1166 Etiam
702 1129 757 1167 sic
781 1142 878 1166 mox

115 1214 119 1217 .
159 1185 238 1232 637
256 1185 436 1238 perfecto
454 1199 616 1224 munere
633 1185 752 1232 dz‘voe,
780 1186 820 1225 h.
839 1200 875 1225 e.

157 1246 333 1281 muneris
348 1244 616 1292 dedicatione:
629 1245 778 1295 alioqui
796 1258 878 1282 mu-

156 1313 228 1338 nus
251 1304 485 1354 generaliori
516 1305 680 1341 notione
710 1315 784 1353 pro
808 1316 878 1340 ne-

157 1360 265 1410 gotio
288 1369 327 1398 et
358 1361 425 1398 hic
449 1363 576 1412 accipi
597 1362 744 1412 possit,
765 1370 811 1398 ut
833 1364 876 1398 in

156 1417 331 1455 AEneidis
343 1419 589 1457 dedicatione
607 1432 616 1457 :
633 1418 676 1455 Si
687 1417 783 1455 mihi
799 1431 875 1455 sus-

155 1483 311 1525 ceptum
321 1476 451 1528 fiteric
483 1478 689 1514 decurrere
717 1489 872 1514 munus.

154 1554 210 1560 —
223 1534 307 1571 630
327 1556 386 1562 —-
402 1535 499 1572 636.
522 1535 699 1573 Plutonis
727 1535 873 1585 regiam

155 1603 237 1629 non
257 1592 380 1629 intrat
407 1595 548 1630 AEneas
579 1605 671 1629 cum
704 1593 870 1640 comite,

152 1649 221 1685 sed
244 1657 397 1687 tantum
418 1663 439 1686 a
456 1650 593 1687 limine
616 1650 781 1696 salutat,
806 1664 874 1688 au-

155 1720 222 1743 reo
260 1720 369 1745 ramo
409 1709 451 1745 in
494 1708 647 1745 foribus
675 1707 869 1758 deposito.

153 1763 262 1814 Quid
281 1767 324 1802 in
346 1765 407 1802 his
437 1774 628 1816 sequutus
658 1766 708 1802 sit
733 1775 871 1816 poeta,

156 1835 238 1860 non
249 1823 514 1875 liquet.Regia
525 1825 595 1860 ista
605 1822 726 1860 habet
736 1836 873 1861 muros

153 1891 272 1917 aereos
285 1881 349 1917 vel
356 1881 656 1919 ferreos.Solent
665 1890 791 1931 poetae
799 1881 872 1918 hac

151 1939 386 1975 munitionis
415 1940 580 1977 notione
602 1939 685 1984 uti,
706 1938 822 1976 ducta
850 1952 872 1975 3

152 1995 286 2032 ferreis
304 2004 343 2032 et
361 1997 512 2034 ferratis
527 1997 674 2046 portis,
693 2005 732 2032 et
750 2004 872 2034 trans·

149 2052 229 2090 lato
245 2052 325 2090 fere
341 2067 460 2104 opere
490 2054 538 2091 ad
556 2053 784 2091 Vulcanum
806 2054 873 2092 vel

151 2111 360 2161 Cyclopes.
388 2113 451 2150 Sic
483 2113 686 2162 Argorum
726 2113 870 2149 moenia

149 2169 257 2217 apud
272 2171 439 2207 Statium
452 2173 471 2207 I
483 2169 610 2208 Theb.
625 2168 708 2206 630
720 2197 731 2215 ‚
750 2183 868 2219 quem

150 2226 283 2263 locum
304 2229 463 2265 Servius
485 2226 638 2274 laudat,
667 2235 705 2263 et
727 2228 867 2278 Myce-

151 2295 291 2322 narum
312 2286 419 2335 apud
439 2288 575 2324 Senec.
589 2284 752 2335 Thyest.
772 2286 867 2333 406,

150 2340 229 2376 vid.
249 2344 375 2380 wass.
395 2343 444 2380 ad
456 2343 642 2394 Thucyd.
655 2343 755 2379 VIII
766 2371 778 2390 ‚
799 2344 866 2390 26,

150 2405 189 2433 et
205 2397 336 2438 Schol.
349 2402 487 2451 Eurip.
502 2404 631 2440 Orest.
653 2400 750 2449 964.
763 2401 869 2438 Mul-

151 2463 192 2491 to
205 2458 326 2505 magis
338 2459 467 2507 itaque
480 2460 522 2496 in
533 2459 668 2496 inferis
679 2458 720 2496 h.
732 2458 760 2496 1.
773 2468 869 2497 sunt

152 2512 296 2549 moem'a
320 2515 462 2552 educta
499 2516 713 2565 Cyclopum
749 2516 868 2553 cami-

152 2569 234 2613 nis,
257 2569 298 2609 h.
325 2585 361 2609 e.
386 2572 489 2609 ferro
509 2585 604 2610 cuso
623 2580 662 2609 et
682 2573 865 2610 ferrumi-

152 2635 245 2666 nato
266 2629 311 2666 in
334 2629 559 2680 Cyclopum
581 2629 739 2667 fabricis
759 2631 867 2683 (ma-

149 2686 187 2723 le
206 2685 369 2738 Cerda).
406 2687 582 2725 Adverso
602 2685 758 2735 fornice
770 2701 866 2738 por*

944 1022 1028 1060 tas,
1051 1021 1344 1064 ornate3porta
1375 1015 1536 1065 proprie
1566 1015 1660 1065 ipsis

943 1080 1026 1108 erat
1059 1071 1240 1117 adversa,
1279 1080 1318 1109 et
1355 1085 1399 1109 ea
1433 1071 1595 1123 quidem
1617 1074 1660 1109 in

943 1128 1135 1166 fornicem
1162 1128 1280 1167 ducta
1294 1157 1304 1175 ‚
1327 1130 1657 1167 arcuata.-633.

943 1188 1042 1224 Hoee
1078 1187 1187 1224 dona
1214 1188 1287 1225 int.
1321 1187 1369 1224 de
1398 1187 1536 1225 eodem
1571 1200 1658 1224 mu-

944 1257 1038 1282 nere
1090 1247 1336 1296 Proserpinae
1382 1244 1565 1283 dicando.
1601 1266 1660 1274 --

943 1302 1041 1341 635.
1070 1306 1202 1340 Potest
1218 1306 1358 1341 AEneas
1386 1303 1464 1341 hoc
1489 1305 1577 1354 ipso
1601 1316 1660 1340 ra-

941 1372 1007 1398 mo
1026 1374 1147 1398 aureo
1173 1374 1214 1399 se
1243 1360 1475 1411 adspersisse
1507 1360 1659 1407 videri;

941 1415 987 1455 fit
1007 1419 1113 1455 enim
1141 1418 1339 1469 adspersio
1373 1432 1508 1466 ram03
1537 1419 1658 1456 verba

940 1483 1071 1512 tamen
1098 1477 1152 1512 ita
1185 1485 1355 1513 statuere
1384 1490 1458 1514 nos
1485 1488 1569 1513 non
1592 1489 1658 1514 co-

939 1542 1040 1582 gunt
1063 1545 1073 1571 ε
1111 1542 1148 1570 et
1184 1543 1400 1585 repugnat,
1436 1534 1547 1584 quod
1584 1547 1658 1584 pro

939 1590 1047 1628 dono
1067 1604 1197 1628 ramus
1221 1592 1396 1629 affertur.
1411 1591 1660 1630 Adumbrata

938 1662 999 1685 res
1015 1648 1123 1686 haud
1142 1649 1263 1686 dubie
1282 1663 1333 1687 ex
1351 1663 1397 1687 eo
1420 1652 1501 1688 ritu
1513 1678 1524 1697 ,
1548 1663 1633 1700 quo
1645 1679 1655 1697 ,

939 1707 1011 1756 qui
1036 1707 1181 1757 templa
1204 1709 1375 1755 intrant,
1400 1721 1440 1745 se
1465 1708 1655 1756 lustrant,

938 1761 1268 1822 περιῤῥαὶνοντῆις
1282 1765 1391 1815 quod
1409 1767 1657 1816 purgationis

938 1822 1169 1872 symbolum
1201 1824 1344 1871 fuisse,
1364 1823 1479 1860 facile
1513 1823 1658 1862 intelli-

938 1880 1058 1931 gitur.
1087 1880 1331 1918 Adeundum
1365 1890 1496 1918 autem
1523 1883 1656 1919 AEneae

936 1950 1046 1973 nunc
1064 1947 1145 1974 erat
1163 1939 1356 1987 Elysium,
1373 1939 1500 1985 locus,
1519 1940 1553 1975 si
1569 1941 1656 1990 quis

937 1994 1036 2031 alins
1048 2022 1058 2041 ‚
1075 2004 1233 2032 sanctus
1246 2004 1285 2032 et
1301 2004 1442 2035 castus.
1463 1999 1654 2034 Ramum-

937 2065 1012 2102 que
1033 2052 1195 2090 adverso
1232 2053 1275 2090 in
1306 2053 1442 2100 limine
1461 2053 1571 2106 figit.
1604 2057 1653 2092 ln

935 2111 1176 2161 templorum
1204 2111 1313 2149 aditu
1329 2109 1649 2166 περιῤῥαντήρια,

936 2181 1035 2218 aqna
1064 2169 1235 2206 lustralis
1265 2179 1304 2208 et
1329 2172 1428 2207 rami
1445 2169 1650 2214 lustrales,

935 2234 1040 2264 notae
1065 2239 1126 2263 res
1152 2236 1258 2266 sunt.
1276 2228 1353 2267 Sed
1371 2226 1481 2278 quod
1498 2238 1649 2266 ramum

934 2286 978 2321 in
994 2285 1143 2335 pariete
1159 2297 1229 2322 seu
1246 2294 1358 2336 poste
1378 2284 1489 2336 figit,
1508 2283 1558 2320 ad
1579 2282 1647 2320 de-

935 2342 1173 2381 dicationem
1208 2343 1306 2380 doni
1340 2349 1502 2394 spectat.
1534 2340 1646 2379 Cete-

933 2413 1025 2437 rum
1040 2400 1305 2439 Warburtoni
1324 2397 1554 2450 hypothesis
1566 2426 1578 2444 ‚
1612 2399 1646 2435 si

932 2471 1012 2508 qua
1040 2458 1114 2495 alia
1131 2466 1261 2509 parte,
1280 2455 1353 2494 1130
1377 2457 1538 2505 utique,
1563 2455 1646 2506 pla-

934 2528 1021 2552 cere
1042 2522 1194 2565 potest,
1218 2526 1345 2565 quum
1371 2513 1645 2550 lustrationem

932 2573 974 2609 in
990 2571 1179 2610 adeundis
1190 2570 1417 2618 ,majoribus
1435 2570 1645 2608 Eleusiniis

931 2631 976 2667 in
993 2629 1071 2667 hoc
1092 2629 1183 2666 loco
1203 2629 1406 2679 reperiisse
1432 2627 1510 2666 sibi
1536 2628 1643 2666 visus

933 2694 1003 2726 est·
