1767 3054
220 175 301 212 306

844 173 1087 212 AENEIDOS

223 245 469 304 Quaerenti
492 245 621 292 nulla
643 244 703 291 ad
728 245 1002 307 speluncam
1024 246 1156 307 signa
1179 243 1406 291 ferebant.

228 324 416 366 Interea
441 336 547 365 cum
565 321 663 382 jam
687 318 885 365 stabulis
907 330 1117 365 saturata
1140 330 1355 365 moveret

228 394 678 456 Amphitryoniades
702 405 937 450 armenta,
964 392 1240 456 abitumque
1261 403 1475 457 pararet,

231 470 452 515 Discessu
473 470 654 531 mugire
676 468 848 525 boves,
874 480 1016 530 atque
1039 485 1178 516 omne
1200 469 1404 532 querelis

1627 472 1636 477 ⁸
1672 476 1733 507 215

233 544 412 604 Inpleri
433 560 621 599 nemus,
645 554 691 588 et
713 542 852 588 colles
874 542 1079 589 clamore
1100 544 1320 606 relinqui.

232 618 458 664 Reddidit
480 634 575 664 una
596 617 745 664 boum
768 633 958 675 vocem,
980 629 1212 680 vastoque
1236 609 1325 664 sub
1351 629 1488 664 antro

232 693 428 754 Mugiit,
453 703 498 737 et
521 692 630 738 Caci
650 708 782 754 spem
808 693 1043 738 custodita
1066 691 1243 739 fefellit.

233 765 324 811 Hic
348 781 463 811 vero
486 766 663 812 Alcidae
686 766 819 813 furiis
845 777 1085 814 exarserat
1109 778 1213 813 atro

234 840 359 886 Felle
382 841 518 886 dolor
545 857 555 885 ε
579 841 704 903 rapit
726 858 857 888 arma
876 858 1042 902 manu,
1066 840 1301 903 nodisque
1326 833 1572 903 gravatum

1673 859 1734 879 220

235 913 426 971 Robur,
453 925 500 960 et
524 915 708 961 aetherii
733 931 876 962 cursu
897 916 1017 978 petit
1041 914 1192 960 ardua
1216 913 1406 960 montis.

237 992 366 1035 Tum·
380 990 588 1051 primum
611 991 764 1036 nostri
787 994 964 1037 Cacum
988 990 1152 1038 videre
1174 990 1442 1046 timentem,

240 1145 295 1193 69
313 1157 420 1193 seqq.
442 1144 494 1191 75
509 1171 520 1190 ‚
556 1145 622 1190 76,
647 1147 771 1179 Versa
789 1142 954 1181 viarum

237 1200 410 1245 indicia,
461 1209 556 1237 sunt
588 1202 751 1252 vestigia
791 1201 954 1251 pedum.

239 1281 297 1287 —-—-
315 1271 414 1296 212.
444 1260 695 1308 Quoerentem
719 1258 839 1309 vulgo
861 1259 955 1296 inde

241 1331 262 1354 a
281 1317 419 1367 priscis
448 1315 538 1354 edd.
567 1316 726 1354 lectum.
757 1316 961 1366 Quaerenti

241 1375 379 1412 Heius.
401 1373 604 1424 adoptavit
632 1388 653 1411 e
681 1373 829 1412 Medic.
860 1375 959 1412 aliis-

242 1445 319 1482 que
331 1461 341 1478 ,
359 1431 602 1483 utferebant
615 1433 686 1479 sit,
707 1445 747 1469 se
751 1431 956 1483 serebant.

246 1489 471 1539 Qucerentis
497 1493 665 1527 Roman.
685 1498 723 1526 et
747 1490 812 1526 alii
830 1491 930 1529 Pier.
945 1519 956 1536 ‚

242 1546 352 1596 quod
383 1554 421 1582 et
454 1547 642 1583 Heinsius
664 1548 886 1596 suspicatur
910 1548 958 1585 ab

245 1603 361 1640 initio
381 1603 498 1640 fuisse
528 1605 571 1640 in
599 1603 712 1639 libris
740 1613 957 1642 exaratum.

248 1661 479 1710 Quoeretztes
502 1660 609 1698 Gud.
639 1674 658 1697 a
679 1673 733 1698 m.
761 1674 835 1699 sec.
866 1674 959 1699 cum

243 1717 371 1754 tribus
401 1719 533 1756 Heius.
566 1720 776 1768 Qucerence
812 1719 957 1757 Medic.

243 1775 376 1813 Pierii.
420 1776 487 1812 An
531 1784 774 1826 quaerentum
790 1803 800 1821 ‚
848 1776 960 1825 quod

240 1833 428 1870 Burman.
446 1834 685 1883 praescripsit
697 1860 707 1879 ,
724 1833 840 1869 ullibi
860 1833 961 1885 lega-

241 1898 328 1936 tur,
356 1902 441 1927 non
461 1892 639 1928 invenio.
661 1892 834 1927 Versum
859 1890 960 1928 forte

244 1947 385 1985 abesse.
406 1961 543 1998 posse,
573 1947 768 1994 eonced03
803 1957 841 1985 at
868 1950 959 1986 Wa-

241 2003 389 2042 kefield
406 2019 480 2056 pro
506 2005 729 2042 adulterino
752 2006 868 2042 etiam
889 2005 960 2042 ha-

243 2061 602 2100 het.-Ferebant
618 2077 657 2100 se
670 2077 686 2109 ;
702 2061 894 2115 ἐφέροντο,
915 2071 961 2100 ut

247 2119 365 2157 modo
383 2134 421 2158 v,
448 2133 542 2170 199,
559 2121 624 2157 vel
637 2148 647 2166 ,
666 2120 776 2158 nulla
799 2122 961 2172 vestigia

247 2178 439 2215 vocabant
459 2186 702 2228 quaerentem
727 2177 777 2214 ad
800 2178 958 2228 spelun-

246 2245 346 2272 cam.

308 2293 402 2330 216.
430 2292 641 2329 Herculem
665 2305 757 2329 cum
774 2294 959 2330 armentis

248 2356 344 2396 puta
369 2361 618 2401 progressum
643 2350 722 2397 jam
757 2350 805 2387 ab
842 2351 959 2387 altera

249 2406 395 2441 montis
425 2415 531 2455 parte
560 2408 802 2457 processisse.
831 2408 961 2446 Colles

251 2461 427 2497 clamore
455 2463 642 2513 relinqui,
672 2464 713 2502 h.
749 2477 769 2501 a
801 2465 958 2512 huhus3

251 2519 427 2566 superari
447 2519 567 2556 boum
596 2523 773 2572 mugitu,
793 2530 840 2559 ut
857 2522 959 2560 bene

249 2575 465 2611 Burmann.
480 2580 681 2626 exposuit3
699 2588 744 2616 ut
760 2579 863 2616 ultra
882 2579 959 2617 col-

248 2630 305 2666 les
327 2630 553 2680 procederet
578 2635 734 2672 auditus
761 2637 954 2688 mugitus,

251 2694 291 2724 et
307 2700 432 2738 usque
449 2687 496 2723 ad
516 2689 602 2727 Caci
625 2693 853 2741 speluncam
870 2706 958 2744 per-

251 2745 419 2782 veniret.
448 2746 507 2781 Ita
528 2749 665 2794 passim
698 2750 959 2801 relinquimus

247 2813 364 2848 eum,
397 2814 516 2852 (suem
552 2813 798 2856 supin-amus,
833 2809 957 2858 inpri-

1021 1145 1096 1182 mis
1120 1157 1259 1190 cursu,
1286 1150 1325 1180 et
1344 1143 1433 1180 loca
1453 1143 1732 1194 relinquimus,

1020 1215 1093 1253 per
1110 1214 1200 1252 quae
1218 1201 1450 1247 transimus,
1471 1201 1649 1251 adeoque
1665 1201 1740 1238 cla-

1023 1271 1111 1297 mor
1138 1259 1329 1309 relinquit
1355 1267 1534 1305 montes3
1553 1272 1655 1309 quos
1672 1271 1738 1296 suae

1023 1326 1158 1369 perat,
1189 1316 1294 1353 ultra
1314 1329 1415 1366 quos
1442 1316 1613 1354 auditur.
1641 1318 1738 1354 Haec

1024 1388 1107 1424 usu
1127 1373 1320 1425 loquendi
1346 1382 1385 1410 et
1412 1374 1587 1426 analogia
1605 1373 1740 1411 defen-

1024 1432 1199 1479 duntur;
1234 1431 1335 1469 dura
1364 1439 1496 1469 tamen
1523 1445 1628 1479 esse,
1653 1444 1740 1469 sen-

1025 1503 1091 1528 sus
1123 1491 1317 1541 cujusque
1350 1489 1481 1529 docet.
1517 1489 1626 1527 Alias
1659 1502 1741 1526 esse

1024 1548 1149 1598 possit
1169 1547 1322 1585 dictum
1350 1547 1399 1584 de
1428 1547 1597 1585 clamore
1620 1560 1640 1584 a
1660 1548 1740 1584 col-

1023 1605 1061 1641 le
1080 1606 1277 1642 resiliente
1290 1633 1301 1651 ,
1325 1604 1500 1654 adeoque
1522 1618 1573 1641 ex
1590 1605 1739 1655 impul-

1025 1674 1072 1698 su
1103 1674 1194 1698 eum
1220 1662 1491 1712 relinquente;
1517 1674 1610 1699 nam
1629 1661 1741 1700 collis

1025 1720 1190 1756 remittit
1227 1719 1461 1766 clamorem3
1503 1719 1651 1758 clamor
1686 1721 1741 1757 ita

1024 1789 1118 1814 eum
1142 1777 1343 1827 relinquit.
1366 1777 1494 1816 Obvia
1518 1779 1664 1828 magis,
1685 1785 1741 1814 te-

1025 1835 1114 1870 nuis
1143 1841 1276 1871 tamen
1304 1843 1362 1871 est
1392 1834 1543 1882 oratio,
1578 1837 1612 1872 si
1641 1836 1742 1871 aeci-

1025 1892 1129 1941 pias:
1149 1891 1270 1928 colles
1288 1891 1461 1942 relinqui
1478 1905 1499 1929 a
1516 1892 1648 1930 bubus
1668 1891 1743 1929 dis-

1025 1948 1259 1986 cedentibus
1279 1962 1370 1986 cum
1389 1949 1577 1988 clamore.
1601 1949 1742 1988 Praefe-

1025 2019 1086 2043 ras
1103 2014 1234 2044 tamen
1259 2020 1351 2043 eum
1375 2008 1538 2054 Servi03
1563 2009 1620 2044 sic
1639 2019 1741 2057 quo·

1026 2077 1103 2115 que
1128 2065 1172 2108 I,
1209 2064 1290 2114 519
1315 2073 1356 2101 et
1375 2064 1566 2115 ‚templum
1594 2077 1740 2115 magno

1025 2122 1202 2159 clamore
1220 2122 1437 2171 petebant,
1463 2121 1604 2172 quidni
1623 2130 1740 2172 poeta

1027 2191 1188 2229 quoque
1206 2178 1366 2226 dixerit,
1383 2192 1475 2216 cum
1491 2178 1685 2216 desiderio
1702 2187 1741 2216 et

1026 2236 1415 2286 elamore‘reliquisse
1438 2243 1612 2273 armenta
1631 2235 1736 2283 loca,

1025 2294 1168 2339 colles,
1188 2308 1211 2331 a
1233 2295 1379 2345 quibus
1397 2292 1662 2332 discedebant.
1684 2313 1741 2324 —-·

1028 2363 1126 2401 219.
1147 2351 1310 2388 Alcides
1327 2354 1431 2389 Ven.
1456 2351 1587 2387 Antro
1616 2353 1736 2390 Rom.

1026 2410 1070 2446 F.
1113 2409 1284 2446 exardet
1304 2408 1369 2446 vel
1398 2406 1552 2444 exarsit
1582 2416 1623 2444 et
1649 2417 1738 2445 atro

1026 2466 1136 2503 Felle
1170 2466 1312 2503 dolor:
1344 2463 1513 2501 malebat
1538 2465 1734 2511 Dor-vill„

1026 2535 1101 2559 nee
1117 2523 1218 2560 male
1230 2531 1244 2568 ;'
1275 2523 1347 2559 etsi
1372 2520 1512 2558 durior
1532 2521 1600 2560 illa
1614 2531 1736 2560 struc-

1026 2587 1116 2616 tura
1127 2607 1138 2627 ,
1155 2579 1305 2628 duplici
1319 2578 1521 2615 auferendi
1538 2591 1630 2616 casu
1647 2579 1736 2626 jux-

1025 2643 1065 2673 ta
1082 2636 1282 2686 apposito,
1306 2648 1391 2672 non
1412 2635 1638 2686 infrequens
1663 2645 1732 2675 est.

1020 2713 1079 2721 -
1100 2691 1250 2739 Furiis,
1280 2706 1352 2743 per
1369 2692 1490 2730 furias
1504 2722 1514 2740 ,
1542 2695 1654 2731 iram.
1674 2715 1734 2722 —

1025 2762 1120 2788 220.
1143 2752 1273 2787 Arma
1297 2759 1392 2788 sunt
1415 2751 1498 2801 ipsa
1517 2751 1651 2798 clava,
1683 2750 1731 2787 de

1022 2820 1100 2859 qua
1121 2821 1228 2858 seqq.
