1767 3054
155 117 205 152 52
783 111 1025 149 AENEIDOS

148 189 291 231 Ferre
317 183 390 230 sui
417 181 611 228 dederat
633 194 991 227 monumentum
1015 193 1060 227 et
1086 182 1256 245 pignus
1279 182 1467 231 amoris.
1491 204 1509 223 >³
1548 224 1551 227 ,
1574 225 1585 235 ,.

217 259 295 306 Sic
317 260 439 305 fatus
465 258 611 320 cingit
639 257 861 303 viridanti
884 270 1099 320 tempora
1122 260 1279 317 lauro,

152 340 209 382 Et
229 335 436 398 primum
462 345 569 379 ante
594 333 746 378 omnis
771 332 1001 378 victorem
1021 334 1225 397 adpellat
1251 339 1467 381 Acesten.

148 416 247 459 Nec
268 411 422 457 bonus
448 409 682 469 Eurytion
703 408 900 469 praelato
920 408 1090 455 invidit
1115 409 1312 468 honori,

151 486 378 545 Quamvis
405 485 530 531 solus
553 499 688 528 avem
708 482 826 527 coelo
853 483 1026 545 dejecit
1050 484 1109 530 ab
1133 485 1243 531 alto.

151 562 397 607 Proximus
420 557 686 620 ingreditur
711 556 870 614 donis,
896 558 979 618 qui
997 558 1185 604 vincula
1206 560 1357 623 rupit3

151 641 425 692 Extremus,
451 632 635 679 volueri
655 632 738 694 qui
762 632 864 678 fixit
884 632 1117 678 arundine
1143 635 1331 680 malurn.

217 716 280 756 At
304 713 443 773 pater'
461 711 654 765 AEneas,
675 708 888 754 nondum
912 708 1168 755 certamine
1193 709 1357 768 misso,

153 785 410 834 Custodem
430 783 491 830 ad
513 800 612 830 sese
637 784 956 846 comitemque
981 783 1173 847 inpubis
1197 785 1289 830 Iuli

154 861 390 923 Epytiden
411 869 575 916 vocat,
596 869 642 905 et
669 859 810 905 fidam
829 860 896 906 sic
920 859 1044 905 fatur
1065 859 1124 905 ad
1148 875 1311 905 aurem
1334 876 1344 903 :

156 1026 205 1062 ad
228 1023 416 1074 Apollod.
445 1036 484 1072 p.
520 1023 615 1072 759.
648 1025 707 1060 De
732 1023 883 1070 eodemv

154 1085 354 1120 Homerus
384 1080 496 1117 Iliad.
520 1084 567 1127 λ,
596 1082 690 1118 223.
720 1084 871 1119 Locum

153 1140 263 1177 hunc
287 1137 448 1188 Virgilii
467 1138 663 1189 eleganter
680 1141 873 1190 expressit

155 1196 325 1236 Ovidius
350 1197 395 1231 in
429 1207 592 1232 munere
614 1197 741 1234 Annii
773 1199 871 1234 Met.

157 1255 284 1298 XIII,
321 1253 401 1290 681
445 1265 530 1303 sqq.
559 1275 616 1282 -—-
641 1254 738 1291 538.
777 1255 875 1290 Esse

158 1311 220 1348 sui
239 1311 415 1350 Parrhas.
435 1323 486 1346 ex
502 1324 540 1347 v.
568 1311 663 1358 572.
681 1313 788 1348 Δῶκε
811 1309 875 1362 φέ-

159 1382 255 1422 ρειν,
283 1364 389 1406 δῶκε
413 1362 450 1403 δ’
470 1364 578 1421 ἀγειν
594 1397 603 1415 ,
635 1364 739 1406 δῶκε
759 1371 875 1422 ‹pop-J.-

157 1440 219 1465 νου.
232 1455 241 1473 ,
262 1439 364 1476 saepe
380 1427 499 1463 Hom.

220 1485 315 1529 541.
342 1484 517 1523 Prcelaco
546 1482 688 1522 invidit
716 1482 876 1520 honoris

158 1541 312 1578 emend.
340 1537 603 1577 Marklandus
630 1539 756 1588 Epist.
787 1541 874 1577 crit.

156 1612 245 1650 pag.
274 1599 352 1636 106
368 1626 378 1643 ‚
407 1597 448 1635 h.
471 1610 504 1634 e.
535 1597 689 1634 Acestae
712 1597 876 1647 praelato

156 1656 233 1693 sibi
267 1668 351 1694 non
387 1654 535 1691 invidit
576 1653 771 1691 honorem
806 1667 876 1691 seu

155 1713 363 1763 praemium
403 1713 533 1761 primo
580 1710 672 1747 loco
721 1711 874 1750 datum.

155 1772 299 1808 Nescio
323 1778 454 1806 tamen
478 1781 527 1805 an
547 1767 714 1804 alterum
733 1770 874 1818 exqui-

155 1828 268 1863 sitius
286 1827 337 1862 sit
355 1825 506 1862 dictum
519 1853 528 1870 ,
549 1833 596 1860 ut
618 1825 875 1862 transferatur

157 1897 175 1920 a
206 1896 374 1934 persona
404 1882 639 1919 attributum
668 1881 716 1917 ad
743 1883 874 1932 ipsum

155 1942 350 1978 honorem
365 1954 375 1986 3
393 1948 431 1976 et
442 1941 475 1976 si
491 1939 578 1989 quis
595 1947 653 1975 est
662 1939 872 1988 proelatus,

156 2001 272 2036 etiam
299 1997 424 2034 honos
447 1997 529 2045 ejus
552 1996 708 2033 dicatur
724 1997 874 2046 [πτοῖα-

156 2066 228 2094 tus.
252 2057 314 2093 Sic
333 2055 470 2092 cedere
493 2052 614 2090 alteri
631 2053 673 2089 in
694 2053 866 2099 honore,

156 2122 194 2150 et
227 2113 366 2150 cedere
402 2111 564 2149 alterius
601 2109 758 2149 honori.
796 2112 872 2150 Sed

157 2183 296 2206 verum
319 2183 369 2206 ne
402 2172 457 2206 sic
477 2168 639 2218 quidem
666 2168 840 2205 videram
859 2184 869 2216 3

149 2226 344 2277 pra-serre
353 2235 469 2276 poeta
481 2226 583 2263 dixit
594 2228 788 2276 exquisite
797 2241 871 2278 pro

154 2285 378 2335 praeripere.
400 2286 468 2320 Est
478 2294 700 2333 praerepcus
716 2284 869 2331 honor,

155 2342 365 2392 praelatus,
384 2354 504 2390 quem
527 2341 593 2378 ille
611 2342 721 2387 tulit,
743 2342 872 2379 abstu-

152 2400 212 2445 lit,
227 2411 309 2450 prae
323 2399 618 2448 Eurytione.———
631 2399 682 2442 54
692 2400 871 2444 1—544.

156 2457 332 2494 Proelato
370 2454 533 2501 honori,
565 2456 605 2493 h.
638 2469 672 2494 e.
700 2455 870 2504 honori,

157 2527 274 2564 quem
292 2514 388 2550 alter
399 2515 475 2564 ipsi
485 2513 690 2563 praetulera
696 2523 722 2559 t,
736 2516 871 2563 praeri-

154 2581 306 2621 puerat.
325 2572 454 2608 Aliter
465 2571 618 2621 vulgari
636 2584 709 2608 usu
726 2571 872 2609 dicitur

156 2629 252 2665 alter
269 2629 379 2665 alteri
400 2629 599 2679 praelatus,
621 2631 755 2665 Bonus
779 2642 871 2666 cum

154 2685 303 2723 dilectu
325 2686 365 2723 h.
386 2686 413 2724 1.
443 2687 615 2736 positum
629 2695 684 2723 'ut
714 2685 838 2729 ἐσθ’),ος
858 2715 868 2732 ,

156 2741 375 2797 ε·’)γνώμων.
411 2744 626 2781 Proximus
651 2743 765 2781 donis
789 2743 804 2795 (
826 2752 870 2781 ut

930 1023 1142 1073 proximus
1153 1024 1273 1061 laude
1284 1022 1300 1075 )
1320 1021 1566 1075 ingreditur(
1579 1037 1654 1075 pro

938 1090 996 1118 est
1007 1080 1035 1131 ),
1052 1082 1093 1120 h.
1113 1095 1145 1119 e.
1166 1083 1235 1132 qui
1255 1084 1441 1132 proximo
1453 1081 1544 1119 loeo
1556 1095 1653 1132 prae-

939 1140 1019 1176 mio
1057 1140 1254 1185 donatur,
1281 1139 1526 1177 Mnestheus.
1558 1142 1653 1178 Haec

940 1209 1025 1233 mea
1051 1199 1165 1235 ratio.
1189 1198 1246 1234 At
1274 1198 1383 1234 Serv.
1407 1196 1523 1234 donis
1544 1196 1585 1235 h.
1618 1211 1653 1235 e.

940 1253 989 1291 ad
1019 1253 1146 1301 dona3
1176 1262 1215 1291 et
1245 1253 1403 1292 Cerda:
1435 1254 1658 1306 ingreditur

941 1311 1076 1357 donis,
1096 1311 1247 1349 incedit
1263 1311 1550 1362 gloriabundus
1562 1325 1655 1349 cum

941 1369 1070 1408 donis.
1107 1370 1282 1407 Omnino
1313 1376 1390 1414 est,
1426 1369 1537 1418 quod
1565 1382 1654 1419 sup.

945 1427 1050 1472 268,
1085 1427 1166 1476 269
1198 1439 1337 1463 omnes
1364 1425 1510 1463 donati
1535 1426 1656 1464 ibant.

942 1486 1159 1520 Eoecremus
1177 1482 1422 1534 Hyrtacides.

1004 1541 1243 1588 545-547,
1267 1539 1495 1577 Certamine
1513 1540 1654 1586 misso,

941 1605 988 1634 ut
1029 1594 1138 1652 ἀγὼν
1158 1625 1169 1644 ,
1216 1610 1290 1648 pro
1327 1597 1562 1634 certantium
1612 1610 1658 1634 ac

940 1657 1204 1705 spectantium
1223 1654 1341 1692 turba
1360 1655 1519 1692 dimissa
1543 1666 1553 1692 ε
1579 1654 1659 1692 fere

941 1720 987 1748 ut
1003 1713 1082 1759 jam
1101 1725 1188 1761 sup.
1213 1711 1308 1749 286.
1330 1711 1406 1751 Sed
1427 1719 1467 1747 et
1487 1710 1660 1760 pedestri

941 1781 1121 1806 sermone
1141 1769 1221 1805 fere
1250 1769 1306 1805 sic
1328 1781 1338 1807 :
1364 1776 1410 1805 ut
1436 1767 1544 1818 apud
1571 1768 1654 1807 Cic.

941 1835 1036 1862 ante
1063 1825 1242 1862 ludorum
1265 1825 1494 1863 missionem
1515 1825 1587 1863 lib.
1616 1829 1655 1864 V

941 1882 991 1919 ad
1007 1884 1098 1920 Div.
1127 1896 1189 1921 12.
1218 1883 1429 1920 Custodem
1454 1882 1656 1920 comitem-

940 1953 1038 1989 que,
1065 1940 1168 1977 infra
1186 1955 1225 1979 v.
1250 1941 1329 1978 562
1350 1939 1583 1992 magistros,
1605 1954 1655 1978 ex

938 2010 1011 2034 suo
1032 2010 1117 2035 aevo
1136 1998 1302 2035 adscivit
1324 1998 1542 2050 Virgilius,
1573 2011 1655 2048 quo
1690 2002 1694 2006 ”

937 2055 1143 2093 nobilibus
1165 2056 1379 2103 juvenibus
1410 2054 1657 2093 addebantur

938 2112 1033 2150 tales
1055 2114 1232 2163 magistri
1249 2114 1313 2151 vel
1333 2112 1515 2151 custodes
1542 2113 1654 2165 (Ho-

937 2172 1037 2207 ratio
1064 2184 1200 2222 reges,
1231 2180 1278 2208 ut
1307 2174 1325 2208 I
1356 2171 1433 2210 Od.
1471 2171 1550 2217 36,
1586 2169 1654 2221 8).

937 2228 1075 2264 Minus
1109 2227 1211 2265 bene
1242 2230 1399 2275 Servius
1430 2229 1566 2266 locum
1604 2241 1654 2264 ex

940 2285 1130 2322 Cicerone
1151 2284 1287 2336 (nunc
1311 2294 1368 2322 est
1386 2287 1429 2322 in
1446 2288 1475 2322 F
1478 2298 1654 2336 ragmen-

939 2342 1014 2393 tis)
1044 2342 1196 2388 laudat,
1229 2342 1369 2379 melius
1392 2355 1478 2392 sup.
1501 2356 1539 2380 v.
1571 2343 1650 2390 257

940 2407 979 2436 et
989 2399 1059 2437 inf.
1073 2401 1184 2445 VIII,
1199 2399 1279 2437 515
1293 2411 1509 2451 compares.
1527 2399 1657 2452 (Mul-

939 2458 988 2495 tis
1011 2456 1059 2493 de
1091 2458 1136 2493 iis
1164 2456 1243 2507 egit
1270 2457 1490 2496 Martorell.
1523 2456 1655 2495 Theca

938 2514 1086 2552 calam.
1099 2527 1139 2564 p.
1159 2514 1237 2564 169
1250 2513 1519 2565 sqq.)—547.
1535 2516 1657 2565 AEpy-

938 2571 1059 2608 cidem
1088 2574 1204 2609 Rom.
1234 2580 1273 2609 et
1299 2572 1366 2609 alii
1398 2573 1492 2611 libri
1523 2574 1623 2611 Pier.
1643 2601 1653 2619 a

937 2628 1142 2679 Epiciden,
1159 2628 1390 2679 Eplzitidem
1408 2631 1457 2669 al.
1471 2659 1482 2678 ,
1499 2631 1653 2668 vitiose.

937 2687 1004 2723 Est
1034 2686 1141 2737 apud
1172 2690 1334 2726 Homer.
1368 2679 1580 2732 Ηπυτίδης.
1603 2688 1654 2726 cf.

936 2745 1072 2783 Helm.
1112 2745 1184 2783 Ad
1207 2746 1336 2783 aurim
1374 2746 1480 2784 Gud.
1513 2745 1554 2783 in
1585 2759 1656 2782 αιι-
1720 2747 1725 2766 '¹
