1767 3054
710 101 861 138 LIBER
896 102 966 136 vl.

1514 104 1587 149 ¹87

92 173 226 218 Ultus
249 189 361 219 avos
383 173 559 235 Trojae‚
588 171 762 233 templa
786 181 833 215 et
858 181 1084 217 temerata
1111 172 1352 217 Minvrvae.

158 270 175 286 »
191 248 309 305 Quis
324 259 384 306 te,
403 262 569 309 magne
588 248 721 302 Cat0,
738 246 955 304 tacitum,
978 257 1059 291 aut
1081 256 1140 302 te,
1156 249 1313 303 Cosso,
1331 248 1591 309 relinquat?

89 324 207 380 Quis
234 323 438 371 Gracchi
459 340 628 385 genus,
655 333 736 368 aut
761 323 995 385 geminos,
1020 321 1116 368 duo
1143 323 1337 368 fulmina
1360 323 1492 380 belli,

88 397 352 459 Scipiadas,
377 397 557 443 cladem
583 397 776 458 Libyae?
798 412 1043 459 parvoque
1068 408 1308 458 potentem

87 470 381 528 Fabricium,
404 472 478 517 vel
504 483 549 517 te
573 472 727 530 sulCO,
750 475 975 528 Serrane,
1000 473 1262 517 serentem?
1531 483 1590 515 ⁵45

86 616 294 667 ipsamque
314 619 492 669 Epyrum
507 623 528 656 .³
542 628 585 656 ut
606 618 731 657 Paulli
748 621 805 657 in-

87 674 287 711 credibilis
304 677 525 714 immanitas
550 678 781 727 respiciatur
793 706 804 723 ,

89 745 165 782 qua
196 745 274 770 una
302 734 366 771 die
399 742 480 772 tota
507 737 652 786 Epirus
674 735 806 786 direp-

90 799 141 833 ta,
162 798 199 826 et
216 791 326 829 Lxx
343 792 583 842 oppidorum
604 796 710 830 muri
728 793 806 830 fue·

91 856 185 884 runt
213 847 347 886 diruti.
376 852 425 887 V.
451 852 534 888 Liv.
564 854 696 897 XLV,
728 853 805 897 343

92 904 235 942 Strabo
262 908 366 953 vu,
387 921 427 958 p.
467 908 570 958 4963
607 908 805 947 Plutarch.

89 963 132 998 in
153 963 290 1000 Paullo
327 977 367 1014 p.
401 978 496 1012 271.
523 965 695 1004 Videtur
727 968 805 1014 sic,

90 1027 278 1070 tanquam
300 1022 350 1058 ad
372 1025 667 1062 excusationem
682 1054 692 1070 ‚
713 1025 807 1062 sub-

88 1078 215 1124 jectus
235 1092 315 1116 esse
335 1094 435 1119 verS.
466 1082 544 1126 841
582 1083 693 1119 Ulcus
716 1097 809 1120 avos

96 1137 132 1172 T
128 1135 246 1185 rojae,
273 1139 425 1188 templa
445 1149 485 1177 ec
505 1149 702 1177 temerata
728 1142 808 1178 Mi-

93 1205 233 1231 nervce.
274 1197 381 1233 Inest
416 1197 476 1234 his
515 1207 699 1249 argutum
738 1199 807 1236 ali-

92 1250 212 1300 quid,
244 1254 352 1302 quod
384 1255 538 1305 placere
564 1258 700 1306 possit.
731 1258 806 1294 Mi-

92 1321 168 1344 nus
200 1309 301 1348 hene
332 1325 403 1362 per
428 1313 627 1350 AEaciden
649 1314 808 1352 Thessa-

92 1366 182 1403 liam
198 1394 208 1412 ,
230 1375 417 1418 tanquam
439 1371 624 1415 Graeciae,
641 1371 720 1418 jam
738 1385 809 1422 per

91 1425 222 1474 Argos
259 1434 297 1462 et
340 1428 532 1478 Mycenas
573 1428 806 1479 designatae,

89 1490 242 1530 partem
259 1485 411 1522 tertiam
426 1514 436 1531 ,
458 1486 652 1537 intelligas
664 1515 673 1531 ,
694 1488 809 1535 cujus

90 1539 249 1577 fortuna
269 1555 360 1579 cum
379 1543 625 1581 Macedoniae
654 1545 811 1582 calami-

91 1606 169 1634 tate
189 1598 263 1636 fuit
284 1602 375 1638 satis
403 1603 639 1649 conjuncta3
669 1604 740 1640 etsi
767 1604 809 1640 in

91 1668 134 1692 ea
155 1666 237 1694 erat
266 1657 435 1704 Phthia,
462 1660 630 1697 Achillis
658 1662 807 1711 patria,

91 1727 169 1763 qua
189 1729 280 1752 cum
303 1718 486 1768 Mycenis
508 1726 545 1754 et
567 1720 684 1769 Argis
700 1720 810 1766 junc-

91 1773 163 1808 tim
183 1783 396 1812 memorata
418 1776 609 1812 Graeciam
639 1776 810 1814 declara-

90 1830 126 1865 ri
140 1830 219 1876 jam
237 1830 307 1867 lib.
330 1833 372 1876 I,
397 1833 475 1875 284
496 1861 506 1878 ,
530 1833 611 1870 285
634 1834 807 1871 vidimus

91 1888 132 1922 iu
149 1887 268 1923 simili
286 1888 374 1924 loco
395 1901 404 1926 :
430 1891 559 1939 Quum
577 1890 717 1928 domus
735 1893 809 1927 As·

92 1944 227 1980 saraci
243 1943 428 1982 Phthiam
443 1975 453 1990 ,
487 1947 698 1998 clarasque
717 1947 807 1996 My-

93 2015 215 2039 cenas
237 2003 399 2039 Servitia
415 2014 592 2054 premet,
615 2019 665 2042 ac
687 2005 807 2042 ‘victis

91 2060 364 2097 dominabitur
393 2063 525 2113 ArgiS.
551 2062 705 2100 Sufficit
736 2076 806 2113 per

92 2117 225 2155 solitas
242 2120 419 2158 vaticinii
435 2120 617 2171 ambages
631 2134 706 2159 vss‚
723 2121 804 2170 839

91 2176 229 2220 -841
256 2176 332 2215 hoc
353 2191 480 2215 unum
498 2178 713 2216 declarari:
735 2178 807 2215 Ille

90 2234 211 2281 alter,
237 2230 398 2273 Paullus
419 2236 621 2282 AEmilins,
645 2237 808 2273 Graeciae

91 2304 187 2342 opes
218 2293 299 2339 jam
332 2302 422 2330 ante
458 2295 634 2344 priorem
662 2294 774 2330 illum
795 2321 805 2340 ,

90 2351 336 2387 Mummium
351 2380 360 2395 ‚
393 2352 556 2403 franget.
578 2353 618 2388 Si
650 2359 779 2388 tamen
795 2379 805 2397 ,

81 2409 161 2457 ‘qui
198 2408 388 2446 AEacides
423 2411 472 2446 sit
486 2438 496 2455 ‚
532 2408 806 2446 deliniendum

90 2473 179 2502 est:
209 2466 541 2516 simplicissimum
568 2476 624 2503 est
649 2467 697 2503 de
718 2469 808 2504 Per·

92 2535 159 2559 seo
186 2526 371 2575 cogitare.
403 2527 451 2562 In
475 2539 546 2572 eo,
576 2525 687 2575 quod
719 2532 809 2574 post

94 2581 221 2617 Eruet
243 2585 395 2633 Argos,
430 2585 649 2632 Mycenas,
684 2582 809 2630 adjec-

96 2644 182 2675 tum
199 2647 271 2686 est,
283 2639 410 2690 ipsum
431 2641 807 2687 AEaciden,l1aeren—

94 2693 191 2733 dum
210 2710 293 2735 nou
311 2707 367 2735 est
384 2710 393 2736 :
411 2698 459 2736 fit
476 2701 583 2737 enim
601 2698 803 2737 communi

94 2765 169 2790 usu
183 2782 194 2802 ,
228 2767 313 2794 uno
346 2756 469 2795 verbo
507 2756 803 2796 accommodato

872 617 921 656 ad
935 618 1051 670 plura
1068 618 1243 666 subjecta
1261 630 1271 656 :
1291 617 1466 668 adeoque
1483 630 1592 654 nunc

872 685 985 714 eruet
1023 690 1122 728 pro,
1154 684 1402 727 prosternet,
1436 677 1591 721 vincet,

874 734 1078 773 AEaciden.

935 794 1015 838 842
1030 814 1087 821 -
1103 793 1198 837 845.
1233 791 1440 830 Notissimi
1463 792 1506 827 in
1535 804 1592 826 re-

874 850 949 888 bus
967 851 1157 889 Romanis
1181 850 1270 887 viri.
1305 850 1404 887 Caco
1432 856 1490 885 est
1515 861 1593 884 ma-

871 909 959 957 jor,
991 911 1047 946 M.
1073 909 1261 954 Porcius,
1290 908 1361 957 qui
1380 914 1420 943 et
1443 905 1491 943 ab
1509 905 1594 942 aliis

875 967 978 1003 iuter
1010 979 1173 1017 magnos
1211 966 1317 1002 viros
1352 972 1593 1001 memoratus

875 1032 967 1062 est:
1001 1025 1196 1073 Uticensis
1229 1035 1312 1060 non
1353 1022 1454 1059 bene
1488 1021 1594 1058 inter

877 1083 1044 1120 Cossum
1071 1091 1110 1118 et
1140 1080 1343 1118 Gracchos
1371 1080 1505 1116 locum
1527 1078 1595 1115 ha-

875 1140 1007 1185 beret3
1040 1141 1112 1176 etsi
1140 1141 1183 1176 in
1217 1139 1391 1189 Augusti
1430 1137 1593 1188 gratiam

875 1197 985 1234 hunc
1004 1199 1180 1235 omisisse
1206 1195 1333 1233 videri
1358 1207 1442 1232 non
1460 1193 1592 1231 debet.

877 1269 914 1293 v.
935 1257 1073 1292 Horat.
1095 1257 1112 1291 Ι
1128 1255 1257 1292 Carm.
1279 1265 1343 1298 12,
1367 1253 1418 1290 35
1434 1281 1444 1298 ,
1467 1260 1505 1289 et
1521 1251 1592 1288 inf.

876 1314 1003 1359 VIII,
1025 1313 1121 1360 670.
1142 1314 1202 1348 De
1222 1313 1273 1348 A.
1290 1310 1478 1349 Cornelio
1505 1310 1595 1347 Cos-

877 1383 919 1407 so
936 1370 1072 1420 spoliis
1088 1370 1230 1419 opimis
1246 1368 1353 1405 claro
1369 1381 1406 1406 v.
1420 1368 1504 1405 Liv.
1520 1369 1593 1411 IV,

885 1441 933 1478 19
947 1456 957 1472 ,
984 1441 1050 1465 20.
1075 1425 1249 1480 Gracchi
1260 1437 1388 1478 genus
1400 1440 1415 1470 ;
1433 1426 1596 1475 respicit

878 1486 1048 1522 maxime
1078 1487 1141 1522 Ti.
1175 1483 1455 1534 Sempronium
1473 1483 1595 1519 Grac-

879 1543 998 1580 chum
1012 1572 1021 1590 ,
1053 1542 1159 1580 bello
1194 1543 1347 1580 Punico
1367 1543 1406 1578 II
1428 1541 1593 1577 clarum.

879 1600 1115 1651 Scipiadas,
1148 1601 1222 1637 int.
1253 1599 1489 1637 Africanum
1512 1611 1594 1634 ma-

873 1660 1001 1708 jorem
1025 1667 1064 1696 et
1094 1658 1315 1704 minorem;
1346 1669 1438 1694 nam
1472 1655 1597 1704 adjec-

875 1725 985 1756 tum:
1005 1716 1141 1754 clades
1161 1715 1318 1763 Libyae,
1349 1713 1597 1765 Carthaginis

876 1775 974 1812 alter
1003 1776 1152 1819 victor,
1185 1774 1281 1810 alter
1308 1785 1480 1809 eversor.
1502 1772 1595 1808 Ful-

877 1845 967 1869 men
999 1831 1095 1868 belli
1126 1831 1175 1868 de
1207 1829 1465 1880 Scipionibus
1498 1842 1594 1879 pro·

875 1891 965 1940 prio
984 1890 1118 1939 aliquo
1138 1887 1260 1925 modo
1281 1887 1435 1924 dictum
1452 1885 1569 1923 fuisse
1582 1914 1594 1932 ,

875 1961 926 1984 ex
944 1947 1043 1983 locis
1063 1954 1224 1997 apparet
1243 1958 1264 1981 a
1289 1944 1414 1984 Cerda
1431 1943 1594 1994 aliisque

873 2003 1055 2042 laudatis.
1104 2003 1262 2041 Praeivit
1305 2005 1461 2040 Lucret.
1507 2002 1593 2048 ΙΙΙ,

880 2070 984 2109 1047
1033 2061 1243 2111 Scipiades
1281 2059 1379 2097 belli
1398 2058 1563 2111 ficlmen
1578 2089 1589 2103 ,

879 2118 1134 2170 Carthaginis
1164 2117 1324 2162 horror,
1363 2118 1465 2155 Ossa
1481 2116 1595 2155 dedit

875 2186 990 2214 terra:
1006 2176 1182 2228 proinde
1201 2190 1250 2213 ac
1254 2175 1409 2227 famul'
1433 2174 1593 2229 infimus

875 2243 988 2273 esset.
1029 2236 1220 2285 Spencius
1254 2233 1356 2271 bene
1390 2243 1594 2284 comparat

873 2293 1007 2331 locum
1028 2291 1076 2330 de
1097 2293 1247 2330 Caesare
1266 2290 1371 2342 apud
1390 2293 1537 2329 Lucan.
1559 2294 1590 2337 Ι,

880 2352 955 2398 157
983 2363 1092 2401 seqq.
1123 2350 1192 2388 Ad
1211 2362 1370 2387 versum
1394 2348 1504 2386 hunc
1531 2362 1590 2386 re-

874 2408 968 2446 ferri
985 2408 1104 2446 debet
1117 2409 1202 2446 Silii
1220 2407 1334 2445 locus
1354 2409 1469 2452 XIII,
1491 2415 1588 2457 499.

873 2466 1050 2504 Fulmini
1082 2465 1322 2503 assimulavit
1361 2464 1590 2502 bellatorem

872 2525 952 2572 jam
980 2526 1178 2562 Homerus
1199 2522 1312 2561 Iliad.
1343 2536 1386 2569 ν,
1415 2529 1495 2567 242
1523 2519 1590 2559 ἀσ-

873 2584 1020 2635 τεροπῇ
1038 2579 1181 2628 ἴκελος;
1202 2589 1320 2631 atque
1335 2580 1427 2618 inde
1446 2580 1589 2618 Pinda-

873 2653 940 2678 rus
967 2648 1007 2678 et
1037 2640 1116 2678 alii.
1149 2642 1205 2678 At
1235 2638 1335 2676 illud
1371 2641 1587 2690 tragicum,

871 2697 983 2748 quod
1001 2699 1084 2749 ipse
1106 2698 1223 2735 heros
1249 2693 1447 2749 ἀστεροπὴ
1474 2695 1587 2733 πολέ-

871 2768 943 2809 μου
963 2755 1111 2795 dictus..
1132 2759 1260 2795 Parvo
1281 2764 1488 2806 potentem
1511 2755 1588 2790 Fa-
