1767 3054
584 102 660 140 AD
690 101 897 140 LmRUM
927 103 999 140 vl.
1462 111 1511 159 37
1525 113 1543 150 3

45 187 140 217 runt
151 177 440 224 subterraneas,
452 175 684 227 caliginosas
698 185 736 214 et
749 185 866 214 tetras
877 176 1184 231 hospitibusque
1202 181 1432 233 impervias,
1456 200 1550 237 qua-

45 260 135 284 rum
155 246 273 294 binae,
291 244 359 283 sed
375 252 413 282 et
428 243 490 281 hae
507 243 587 280 sere
604 242 834 292 obstructae,
851 255 1081 296 supersunt,
1099 246 1147 285 de
1163 249 1310 299 quibus
1326 251 1428 289 infra
1445 255 1552 293 vide-

46 313 193 353 bimus.
216 315 344 351 Locus
371 311 494 363 igitur
517 312 695 362 apprime
715 311 885 351 idoneus
909 312 958 350 ad
977 313 1190 353 hominum
1214 318 1367 357 animos
1394 320 1551 371 religio-

43 393 141 418 num
158 379 378 418 terroribus
399 377 680 417 sollicitandos.

100 450 250 500 Specus
273 446 370 485 olim
392 447 511 485 fuisse
538 449 581 485 in
606 448 669 485 his
690 447 787 486 locis
810 448 945 499 plures
959 477 969 497 ,
989 449 1110 489 modo
1130 450 1326 502 diximus,
1346 456 1418 493 etsi
1438 465 1552 494 terra.-

43 513 219 553 motibus
241 515 405 566 ipsaque
429 523 540 552 aetate
560 515 679 553 multi
707 526 946 554 corruerunt
960 546 970 564 ,
994 526 1041 554 ut
1069 518 1167 556 adiri
1189 531 1401 571 nequeant.
1422 523 1523 560 nab«
1542 534 1552 560 t

39 582 158 620 etiam
193 582 289 621 litus
324 584 428 620 circa
458 584 659 621 Misenum
688 592 821 621 cautes
847 585 991 635 passim
1013 596 1243 634 excavatas,
1263 601 1360 638 quas
1384 603 1404 627 a
1423 593 1553 643 Lyco-

38 650 197 704 phrone
216 664 295 690 vss.
322 651 429 699 1278
448 672 507 680 -—-
527 651 632 689 1280
649 647 867 705 Ζωστηρίου
887 664 929 689 τε
951 649 1080 691 κλιτὺν
1101 662 1176 693 etc.
1198 656 1313 693 innui
1332 666 1446 707 puto.
1466 660 1553 697 Ad-

42 719 210 758 modum
227 721 361 771 itaque
376 719 583 771 probabile
600 729 658 757 est
672 750 683 768 ,
697 729 735 758 et
754 721 936 771 opinioni
950 719 1069 759 fidem
1086 722 1179 760 facit
1195 724 1302 775 apud
1318 727 1553 766 Strabonem

38 788 112 828 lib.
126 791 179 835 V,
192 802 232 840 p.
250 796 330 834 244
344 791 385 853 ,D
401 788 600 840 Ephorus,
614 790 727 838 cujus
740 802 878 841 magua
893 789 966 827 1130
979 790 1022 828 iu
1037 803 1080 828 re
1097 793 1313 830 auctoritas
1330 803 1389 831 est
1402 823 1412 841 ,
1427 809 1553 846 quum

41 860 127 910 ipse
155 858 355 896 Cumanus
376 856 622 909 diligensque
645 859 817 908 scriptor
836 857 957 895 fuerit
970 887 980 906 ‚
1000 859 1130 909 prisca
1153 868 1265 897 aetate
1282 873 1345 898 eas
1365 874 1552 901 cavernas

41 925 276 964 hominibus
294 938 370 976 pro
389 924 576 963 domibus
600 925 718 963 fuisse
739 925 1023 977 (Troglodytis
1040 927 1174 978 itaque
1191 929 1250 966 illi
1270 931 1555 983 accensendi),

42 991 172 1030 donec
190 991 238 1030 ad
254 992 460 1030 meliorem
475 993 568 1029 vitae
586 993 739 1030 cultum
761 993 1047 1043 procederent,
1070 1004 1283 1045 natamque
1298 996 1393 1034 hinc
1408 1011 1490 1036 esse
1506 999 1556 1036 de

44 1059 268 1099 Cimmeriis
292 1059 464 1097 fabulam
488 1058 633 1110 Odyss.
654 1063 701 1105 λ,
733 1061 781 1096 13
810 1073 917 1110 sqq.;
943 1062 1014 1098 etsi
1041 1062 1215 1099 tenebris
1246 1062 1324 1100 illis
1350 1066 1553 1115 perpetuis

40 1129 150 1168 silvae
177 1142 339 1181 qnoque
370 1130 596 1174 continuae,
619 1127 766 1178 quibus
795 1128 995 1166 convalles
1023 1131 1222 1167 montium
1253 1130 1394 1169 obsitae
1417 1141 1552 1179 erant,

40 1198 230 1245 majorem
245 1196 455 1234 horrorem
475 1195 619 1232 addere
634 1195 874 1233 debuerunt.

98 1263 415 1304 Succedemibus
432 1263 680 1314 temporibus
694 1291 705 1309 ,
722 1262 907 1300 locorum
928 1272 1110 1301 naturam
1134 1267 1363 1316 superstitio
1380 1267 1460 1304 suis
1477 1270 1556 1306 usi-

40 1332 118 1371 bus
129 1331 456 1377 accommodavit,
470 1339 508 1368 et
521 1329 830 1379 necyomantion
848 1329 905 1366 ibi
918 1331 1146 1368 institutum
1159 1340 1230 1378 est,
1243 1341 1293 1369 ut
1308 1334 1447 1371 Manes
1466 1348 1556 1372 evo-

42 1401 119 1437 cati
139 1398 431 1438 sciscitantibus
448 1397 524 1434 fata
544 1396 759 1448 praedicere
781 1396 1036 1434 crederentur
1049 1425 1060 1444 ,
1084 1398 1208 1447 idque
1234 1400 1400 1437 Homeri
1424 1400 1554 1439 adhuc

41 1476 154 1505 aetate
171 1468 444 1506 auctoritatem
462 1465 602 1503 habuit
615 1493 625 1512 ‚
644 1466 715 1516 qui
731 1465 917 1516 Ulyssem
936 1478 981 1502 ea
998 1465 1088 1502 loca
1108 1466 1248 1504 adiisse
1267 1476 1414 1506 narrat.
1431 1471 1557 1508 Erant

0 1543 1 1584 j
39 1533 283 1580 sacerdotes,
303 1535 373 1584 qui
408 1545 516 1570 sacra
550 1539 840 1578 monstrarent,
866 1530 1014 1582 quibus
1043 1533 1184 1569 Manes
1215 1543 1344 1572 essent
1370 1535 1554 1585 placandi

39 1602 112 1653 (v.
132 1599 274 1640 strabo
288 1602 340 1647 V,
360 1613 400 1650 p.
425 1606 508 1643 244
534 1598 589 1644 C,
612 1597 684 1635 ubi
705 1595 898 1635 εἰσέπλεεν
919 1609 1062 1648 parum
1081 1608 1262 1637 accurate
1282 1614 1332 1637 ex
1348 1614 1417 1638 sua
1438 1611 1553 1640 aetate

41 1670 189 1708 dixisse
208 1668 392 1714 videtur,
417 1675 463 1704 ut
488 1667 715 1704 Maximum
734 1668 834 1716 Tyr.
864 1666 968 1703 Diss.
997 1667 1099 1703 xlv
1123 1666 1300 1717 aliosque
1331 1669 1553 1720 omittam).

40 1741 103 1778 Ex
121 1739 317 1787 majorum
337 1736 418 1773 vita
438 1743 695 1773 servaverant
714 1733 936 1772 sacerdotes
954 1746 1105 1770 morem
1119 1762 1130 1781 ‚
1147 1743 1193 1771 ut
1220 1736 1403 1786 religioni
1430 1737 1554 1775 duce—

40 1815 129 1844 rent
151 1805 276 1844 solem
294 1802 449 1848 videre,
475 1814 549 1838 nec
569 1802 646 1837 nisi
665 1809 791 1837 noctu
818 1800 1020 1850 speluncis
1049 1799 1278 1850 prodirent,
1296 1809 1341 1837 ut
1368 1802 1552 1852 Ephorus

41 1873 147 1926 apud
173 1871 406 1911 Strabonem
426 1869 453 1906 l.
478 1882 511 1906 c.
531 1870 568 1906 D
596 1876 736 1905 auctor
755 1876 825 1906 est.
855 1862 1063 1921 Κερὲέριῡν
1085 1866 1159 1905 ὑπὸ
1183 1865 1289 1918 χθονὶ
1308 1871 1487 1922 μαντεῖον
1507 1874 1551 1909 111

36 1941 99 1979 his
117 1941 215 1978 locis
234 1939 351 1976 etiam
373 1938 571 1986 Scymnns
592 1935 827 1971 memoravit
846 1948 884 1972 v.
908 1934 1004 1979 248.

93 2007 272 2048 Tandem
292 2005 476 2059 Manium
503 2002 614 2040 sedes
637 2010 676 2039 et
701 2003 777 2052 ipsi
800 2002 919 2039 inferi
936 2030 946 2049 ,
967 2001 1117 2052 quibus
1137 2003 1351 2041 evocandis
1370 2017 1478 2042 sacra
1502 2007 1545 2042 in

33 2077 96 2117 his
113 2075 213 2113 locis
230 2072 379 2111 fiebant
393 2101 403 2118 ‚
425 2071 490 2108 hic
507 2083 589 2107 esse
608 2069 671 2106 vel
689 2068 830 2106 crediti
847 2078 961 2116 sunt,
981 2070 1043 2106 vel
1061 2083 1082 2106 a
1098 2072 1227 2120 poetis
1243 2072 1404 2109 narrati.
1425 2072 1547 2110 Conf.

32 2145 216 2184 strabon.
234 2143 262 2180 l.
282 2155 316 2180 c.
336 2150 376 2179 et
391 2138 569 2178 Eustath.
587 2137 635 2175 ad
660 2137 803 2189 Odyss.
824 2150 848 2174 κ
868 2151 945 2189 pr.‚
964 2139 1034 2188 qui
1052 2151 1143 2175 eum
1165 2141 1388 2189 exscripsit.
1413 2140 1546 2177 Habe-

32 2213 103 2252 bat
134 2221 265 2250 autem
293 2209 473 2248 locorum
504 2208 602 2244 situs
627 2214 666 2243 et
692 2214 832 2243 natura
865 2205 1010 2252 multa,
1037 2219 1126 2256 quae
1164 2205 1211 2242 ad
1235 2207 1409 2244 fabulam
1442 2208 1548 2246 hanc

33 2294 105 2319 seu
122 2278 244 2318 fidem
266 2273 559 2315 accommodari
581 2281 742 2325 possent
757 2301 767 2319 ,
788 2284 878 2322 qnae
902 2285 1030 2309 unum
1050 2273 1094 2310 in
1118 2273 1256 2310 10011111
1281 2283 1465 2327 congesta
1492 2279 1550 2314 11-

35 2349 146 2389 debis
174 2361 237 2400 ap.
265 2344 465 2398 Lycopbr.
497 2342 582 2393 695
615 2355 699 2392 sqq.
725 2340 865 2379 Silium
887 2342 994 2387 XII,
1019 2353 1096 2377 120
1126 2354 1238 2392 sqq.,
1259 2343 1362 2380 sicut
1379 2345 1546 2382 omnino

33 2418 299 2456 vetustiorum
327 2412 554 2451 fabularum
581 2421 720 2460 magna
742 2421 832 2459 pars
862 2407 909 2444 ad
931 2407 1089 2445 insolita
1109 2408 1237 2459 aliqua
1254 2418 1406 2447 naturae
1434 2409 1545 2462 phae-

36 2496 228 2530 nomena,
242 2479 293 2519 ad
309 2488 439 2518 motus
456 2478 635 2529 inprimis
647 2476 856 2526 hiatusque
868 2483 984 2512 terrae
996 2504 1006 2520 ‚
1026 2476 1216 2526 ignesque
1233 2476 1432 2525 montium
1449 2490 1545 2515 con-

36 2550 187 2597 tinuos,
199 2549 351 2600 aliaque
365 2555 516 2584 naturae
526 2543 713 2581 miracula
725 2550 916 2594 spectant.
931 2542 1192 2594 Cogitandum
1205 2557 1342 2595 porro,
1354 2533 1447 2584 1003
1459 2544 1547 2583 haec

43 2616 267 2666 antiquiore
285 2627 370 2652 aevo
387 2627 407 2650 a
422 2613 560 2664 paucis
581 2612 814 2649 Graecorum
834 2610 952 2646 fuisse
972 2609 1073 2647 adita
1086 2639 1097 2658 ,
1117 2623 1333 2662 rerumque
1354 2611 1453 2652 adeo
1472 2615 1547 2651 mi·

40 2682 173 2722 racula
203 2683 475 2735 navigantium
510 2680 759 2719 sermonibus
792 2679 998 2730 insiguiter
1031 2678 1149 2718 fuisse
1176 2687 1302 2719 aucta.
1331 2681 1435 2732 Quis
1452 2680 1550 2720 serat

41 2748 169 2789 adhuc
189 2750 232 2786 in
247 2748 512 2800 Lycophrone
531 2747 560 2786 l.
579 2761 614 2786 c.
633 2746 682 2784 ad
698 2745 968 2784 Acherontem
987 2746 1135 2784 montis
1153 2747 1299 2802 jugum
1316 2749 1550 2794 memorari,

206 2831 295 2875 111.
1278 2827 1341 2872 32
