1767 3054
709 195 861 232 LIBER
892 191 965 228 v1.

1512 197 1589 242 139

95 279 221 332 Ora,
247 286 505 334 manusque
529 267 715 326 ambas,
742 266 1065 330 populataque
1090 275 1302 327 tempora
1327 269 1471 329 raptis

94 348 326 403 Auribus,
348 357 394 392 et
418 357 608 392 truncas
628 342 879 389 inhonesto
901 341 1094 387 volnere
1117 340 1260 386 naris.

94 410 186 470 Vix
212 421 330 469 adeo
351 420 576 482 adgnovit
600 417 915 482 pavitantem,
936 427 983 462 ct
1007 415 1110 461 dira
1133 426 1366 478 tegentem

97 497 362 561 Supplicia,
387 506 434 542 et
453 496 576 542 notis
601 494 850 556 compellat
875 491 1072 538 vocibus
1097 492 1224 538 ultro
1252 511 1261 537 :

95 595 114 614 «
135 571 388 634 Deiphobe
408 572 718 633 armipotens,
740 585 886 632 genus
907 568 1002 613 alto
1019 584 1047 614 a
1065 568 1291 631 sanguine
1310 567 1506 622 Teucri,
1532 578 1592 604 ὂψ

93 648 213 708 Quis
238 659 332 694 tam
356 648 560 694 crudelis
585 646 767 708 optavit
788 661 974 692 sumere
999 647 1189 707 poenas?

93 724 183 770 Cui
207 733 389 770 tantum
413 723 471 768 dc
496 733 541 767 te
566 721 726 768 licuit?
750 719 871 766 Mihi
897 719 1020 766 fama
1042 735 1262 781 suprema

95 801 246 845 Nocte
273 799 401 854 tulit,
426 798 598 843 sessum
618 807 749 842 vasta
771 805 814 840 te
838 794 966 841 caede
989 795 1234 857 Pelasgum

96 872 411 919 Procubuisse
436 888 579 934 super
601 872 808 918 conl‘usae
828 870 995 933 stragis
1017 886 1256 916 acervum.

96 949 229 993 Tunc
253 959 438 1010 egomet
461 948 694 992 tumulum
719 947 919 993 Rhoeteo
941 946 989 991 in
1011 946 1150 992 litore
1171 946 1357 992 inanem

97 1023 358 1080 Constitui,
383 1034 429 1068 et
453 1039 622 1085 magna
645 1023 799 1068 Manis
825 1033 897 1068 ter
919 1037 1037 1067 voce
1060 1021 1242 1067 vocavi.

97 1100 283 1143 Nomen
307 1108 354 1143 et
376 1113 506 1143 arma
529 1098 685 1143 locum
709 1109 921 1154 servant3
945 1109 1011 1154 te,
1037 1097 1209 1153 amice,
1231 1095 1424 1157 nequivi

97 1171 404 1233 conspicere,
430 1184 476 1218 et
501 1173 654 1234 patria
677 1172 908 1219 decedens
933 1187 1112 1234 ponere
1138 1183 1280 1217 terra.
1306 1191 1323 1210 υ

167 1247 243 1293 Ad
263 1264 369 1311 quae
388 1247 646 1295 Priamides
671 1267 680 1293 ε
708 1270 726 1290 «
749 1247 881 1294 Nihil
904 1263 932 1293 o
959 1245 1068 1305 tibi,
1095 1246 1268 1301 amice,
1293 1245 1531 1299 relictum3

101 1477 193 1502 nem
205 1463 392 1502 membris
401 1463 606 1510 mutilatis,
623 1458 815 1510 λωὲητὸν,

100 1519 462 1576 ’ἠκρωτηριασμένον
474 1549 485 1567 ,
499 1519 624 1558 zinza&
631 1519 719 1558 έντσ.
730 1549 740 1566 ,
761 1522 818 1558 in-

100 1581 265 1631 signiter
287 1588 418 1618 tamen
441 1593 462 1616 a
480 1588 596 1630 poeta
616 1587 816 1619 ornatum.

102 1638 179 1677 Sed
195 1639 371 1676 imitator
387 1638 551 1675 Homeri
571 1637 764 1688 Virgilius
781 1645 820 1674 et

101 1695 167 1733 hic
195 1695 528 1746 deprehenditur,
549 1697 581 1731 si
611 1695 745 1732 locum
770 1694 818 1731 de

104 1755 413 1805 Agamemnonis
453 1753 605 1791 Umbra
639 1752 818 1790 conferas

104 1811 249 1863 Odyss.
268 1815 314 1857 λ,
335 1812 417 1849 386
434 1824 519 1861 sqq.
538 1810 793 1861 Deiphobum
808 1838 818 1856 ‚

106 1880 127 1905 ι
144 1880 226 1919 quo
244 1869 398 1906 Helena
418 1877 510 1917 post
538 1868 688 1907 Paridis
714 1881 819 1905 mor-

109 1935 185 1962 tem
216 1939 287 1962 seu
316 1925 488 1962 abducta
506 1953 516 1972 ‚
547 1938 617 1962 seu
650 1925 724 1976 (nt
755 1939 818 1976 ap.

109 1983 309 2035 Lycophr.
329 1997 386 2021 vs.
413 1983 489 2018 168
511 1995 595 2032 sqq.
615 1983 747 2021 Schol.
771 1982 822 2020 ad

109 2041 155 2079 11.
175 2055 219 2088 ω,
240 2042 337 2086 251,
355 2039 540 2089 traditur)
558 2053 630 2089 pro
648 2037 822 2092 ἀριςείας

109 2101 273 2149 praemio
292 2112 312 2136 a
331 2100 485 2136 Priamo
507 2105 666 2148 accepta
683 2098 823 2146 fuerat,

109 2159 153 2194 in
174 2158 257 2205 ejus
286 2156 457 2194 thalamo
487 2170 508 2192 a
536 2155 719 2193 Menelao
751 2169 823 2206 op-

109 2227 285 2265 pressum
302 2216 417 2252 eti-m
433 2213 564 2251 videas
581 2213 688 2264 apud
703 2215 827 2264 Quin-

110 2281 195 2309 tum
213 2274 334 2318 XIII,
356 2273 438 2317 354
460 2286 516 2323 sq.
537 2269 652 2309 Adde
675 2273 826 2323 Dictyn

109 2329 179 2368 lib.
202 2332 255 2377 V,
279 2344 319 2382 p.
351 2344 366 2368 1
382 2331 443 2368 16.

170 2396 252 2439 499
269 2402 354 2439 sqq.
375 2387 597 2439 Supplicia,
620 2388 692 2425 int.
711 2386 822 2423 illum

108 2446 240 2497 ipsum
274 2443 616 2500 ἀκρωτηριασμόν,
645 2445 823 2482 vulnera.

112 2503 192 2541 Vix
211 2505 377 2557 agnovit
393 2514 434 2542 et
457 2504 695 2554 compellat,
726 2511 824 2540 noto

109 2562 298 2600 narrandi
314 2576 424 2601 more
443 2564 672 2607 Homerico,
688 2562 758 2612 qui
775 2574 826 2598 ex

109 2621 231 2670 prisci
249 2622 322 2658 aevi
339 2621 524 2672 neglectu
542 2621 733 2658 orationis
752 2617 826 2655 du-

111 2677 260 2716 cendus
282 2687 340 2716 est
359 2690 368 2717 :
391 2692 487 2730 pro,
508 2692 635 2729 quum
651 2676 823 2727 compel-

110 2733 220 2774 luet.
245 2736 361 2774 Notis
373 2764 384 2782 ‚
415 2749 561 2774 ornans
593 2736 818 2787 epitheton3

110 2792 245 2841 quales
259 2803 463 2840 notorum,
480 2794 729 2832 familiarium
739 2821 749 2838 ‚
768 2806 822 2829 es-

110 2861 148 2886 se
171 2849 322 2890 solent:
343 2851 414 2891 ins.
440 2852 521 2888 688
547 2861 664 2890 notas
683 2849 820 2888 audire

883 1471 923 1500 et
959 1461 1124 1499 reddere
1158 1473 1281 1498 voces
1308 1473 1322 1497 .·
1355 1459 1593 1498 familiaritei

884 1519 1134 1558 confabulari
1153 1531 1162 1556 z
1179 1528 1225 1556 ut
1244 1519 1394 1556 faciunt
1407 1547 1418 1565 ‚
1438 1520 1506 1570 qm*
1525 1517 1600 1555 sibi

884 1578 973 1615 noti
986 1585 1092 1615 sunt.
1112 1577 1269 1621 Genus,
1294 1575 1418 1631 γένος,
1432 1604 1442 1622 ,
1464 1577 1601 1613 oriun-

884 1635 980 1682 dus,
998 1644 1044 1672 ut
1063 1643 1102 1672 et
1121 1647 1254 1686 supra.
1275 1656 1332 1662 ———
1360 1635 1456 1672 501.
1478 1635 1601 1685 opta-

885 1694 960 1738 vit,
996 1706 1048 1730 ex
1077 1690 1304 1746 πρεεί).ετο,
1336 1701 1457 1743 puto,
1491 1692 1530 1730 h.
1565 1706 1598 1728 e*

885 1753 1044 1797 statuit,
1063 1750 1227 1787 induxit
1244 1751 1287 1787 in
1307 1752 1506 1797 animum,
1531 1764 1600 1788 au-

885 1822 952 1846 sus
970 1817 1041 1846 est.
1059 1829 1119 1837 —-·
1137 1809 1240 1854 503,
1268 1809 1364 1853 504.
1387 1811 1517 1859 Quam
1537 1822 1599 1846 or-

884 1874 1000 1911 nate,
1030 1879 1124 1916 pro,
1161 1875 1200 1903 te
1234 1866 1474 1903 occubuisse
1504 1879 1602 1916 pug-

886 1924 1036 1961 nando.

949 1981 1030 2019 505
1049 2002 1108 2009 —-
1126 1980 1219 2018 508.
1259 1982 1359 2018 Sane
1394 1989 1600 2018 consenta-

887 2041 1010 2077 neum
1042 2039 1120 2076 hoc
1155 2040 1287 2075 AEneae
1323 2039 1473 2088 pietati.
1519 2040 1602 2076 Nec

889 2105 1020 2134 tamen
1069 2096 1237 2133 ulterius
1283 2095 1564 2146 inquirendum
1591 2126 1601 2141 ‚

890 2154 997 2192 unde
1041 2157 1172 2192 AEneae
1214 2161 1370 2204 tempus
1413 2162 1453 2191 et
1488 2153 1601 2191 locus

889 2220 1098 2263 suppetere
1130 2211 1178 2248 ad
1206 2210 1286 2249 hoc
1320 2210 1601 2262 cenotaphium

889 2271 1086 2321 potuerit,
1117 2271 1150 2306 si
1176 2269 1246 2307 lib.
1275 2271 1340 2314 11,
1364 2268 1436 2307 fin.
1461 2277 1500 2307 et
1520 2271 1600 2314 111,

891 2328 1062 2378 princip.
1084 2329 1218 2365 animo
1239 2336 1404 2379 repetas,
1422 2349 1481 2355 —-
1503 2328 1599 2374 507.

891 2387 1050 2423 Nomen
1072 2386 1164 2424 loco
1190 2385 1389 2433 inditum,
1418 2393 1458 2422 et
1484 2398 1600 2422 arma

889 2444 932 2481 in
959 2443 1117 2482 tumulo
1145 2445 1362 2481 constituta
1389 2451 1429 2480 et
1450 2440 1531 2480 fixa
1551 2456 1600 2479 ex

890 2514 1001 2540 more
1019 2501 1081 2555 (v.
1098 2515 1188 2553 sup.
1211 2499 1335 2552 223).
1355 2503 1503 2538 Locum
1525 2514 1601 2538 ser-

891 2569 1009 2605 vant,
1032 2561 1254 2612 insigniunt
1267 2587 1277 2604 ,
1295 2566 1599 2597 monumentum

890 2617 1056 2657 faciunt.
1074 2619 1156 2656 Aut
1173 2619 1295 2670 igitur
1316 2616 1434 2667 fingit
1459 2624 1574 2668 poeta
1589 2645 1598 2659 ,

889 2684 956 2714 aut
977 2684 1183 2727 acceperat
1208 2677 1253 2713 in
1271 2674 1439 2713 Rhoeteo
1465 2674 1598 2711 locum

887 2746 969 2774 esse
992 2729 1184 2787 Δηϊφόὲου
1208 2735 1316 2786 σῆμα
1338 2731 1504 2770 dictum.
1528 2733 1563 2767 T
1560 2744 1593 2774 e,

886 2800 933 2830 ut
948 2805 1068 2843 supra
1091 2793 1172 2830 362
1197 2791 1246 2829 de
1266 2803 1447 2841 corpore.
1468 2792 1594 2826 Pone-

885 2862 951 2897 re,
973 2849 1016 2889 h.
1035 2850 1062 2889 1.
1080 2850 1266 2897 humare,
1287 2846 1469 2886 condere.
