1767 3054
733 136 885 174 LIBER
916 137 970 173 V.
1548 149 1559 171 ι
1576 138 1594 171 5

158 212 237 255 Est
263 208 423 271 procul
453 207 499 252 in
522 206 689 268 pelago
710 222 875 253 saxum
898 206 1168 268 spumantia
1189 219 1350 253 contra

91 285 276 340 Litora,
303 281 430 345 quod
454 281 645 328 tumidis
667 297 984 329 summersum
1008 281 1226 327 tunditur
1245 280 1357 327 olim
1542 292 1599 321 12⁵

90 356 354 413 Fluctibus,
377 355 565 402 hiberni
588 357 798 403 condunt
823 356 905 402 ubi
926 356 1083 403 sidera
1103 356 1235 414 Cori3

89 432 363 494 Tranquillo
386 432 516 490 silet,
541 433 816 495 inmotaque
840 432 1085 479 adtollitur
1110 432 1238 478 unda

88 508 319 569 Campus',
345 517 392 552 et
414 507 587 568 apricis
608 508 749 554 statio
772 507 1037 569 gratissima
1062 507 1250 569 mergis.

87 583 179 629 Hic
198 574 401 629 virifflm
423 584 595 628 AEneas
618 582 858 629 frondenti
884 600 943 628 ex
967 583 1075 629 ilice
1094 594 1270 629 metam

87 657 342 705 Constituit
362 658 549 721 signum
569 659 725 705 nautis
749 671 907 722 pater,
929 658 1054 705 unde
1075 658 1253 705 reverti
1540 668 1597 697 130

86 733 296 790 Scirem,
318 743 363 779 et
385 733 550 796 longos
571 733 654 780 ubi
677 734 1051 780 circumflectere
1077 749 1257 780 cursus.

86 812 209 856 Tum
229 809 332 854 loca
353 820 479 855 sorte
506 810 686 871 legunt,
707 810 894 872 ipsique
916 811 964 856 in
986 809 1230 873 puppibus
1253 823 1370 855 auro

87 888 322 930 Ductores
346 884 484 947 longe
510 885 760 946 effulgent,
784 896 1011 947 ostroque
1031 884 1208 931 decori.

89 963 256 1007 Cetera
277 961 482 1022 populea
505 960 691 1005 velatur
717 960 885 1006 fronde
903 960 1153 1022 juventus,

88 1033 398 1097 Nudatosque
423 1035 647 1080 humeros
672 1035 778 1080 oleo
805 1035 998 1097 perfusa
1021 1034 1222 1082 nitescit.
1539 1043 1596 1074 135

90 1108 352 1156 Considunt
377 1109 612 1170 transtris,
633 1109 908 1174 intentaque
930 1110 1128 1158 brachia
1154 1108 1318 1167 remis;

157 1299 171 1323 1
183 1294 316 1330 24—-1
328 1285 394 1323 28.
417 1286 614 1336 scopulus
636 1285 806 1324 hiberno

90 1352 268 1394 tempore
285 1342 422 1393 (quod
439 1345 633 1394 exquisite
650 1357 721 1394 per
734 1357 807 1381 coe-

89 1400 173 1438 lum
211 1401 389 1438 nubibus
423 1401 644 1439 obductum
680 1401 805 1453 desig-

89 1466 160 1495 nat
179 1470 189 1496 :
213 1457 370 1495 hiberni
389 1460 568 1496 condunt
591 1459 659 1495 ubi
675 1459 807 1496 sidera

89 1515 197 1566 cori)
215 1516 405 1554 fluctibus
422 1517 675 1554 saevientibus
686 1517 780 1554 latet
793 1546 804 1564 ,

88 1573 208 1612 undis
225 1574 450 1612 submersus
464 1588 473 1621 3
493 1588 615 1625 quum
629 1588 735 1612 mare
748 1585 806 1613 est

88 1631 289 1683 placidum
303 1661 314 1679 ‚
347 1641 444 1669 tuuc
474 1633 558 1683 ipse
588 1633 780 1671 attollitur
793 1662 804 1679 ,

88 1698 136 1726 ut
162 1689 263 1727 bene
291 1689 438 1736 Cerda,
460 1699 498 1727 et
520 1691 703 1741 planities
732 1691 807 1728 soli

87 1747 132 1784 in
149 1749 247 1785 mari
262 1749 420 1786 eminet.
439 1749 566 1786 Simili
581 1748 701 1786 modo
719 1762 808 1785 cur-

87 1805 207 1842 rieuli
229 1814 371 1843 metam
387 1805 646 1856 descripserat
663 1809 810 1844 Home-

89 1874 160 1898 rus
177 1863 286 1901 Iliad.
305 1860 346 1913 ψ,
367 1864 448 1901 326
468 1877 554 1913 sqq.
575 1865 668 1902 add.
688 1865 809 1915 Apol-

89 1918 173 1957 lon.
210 1921 229 1956 1
247 1948 258 1966 ,
298 1921 393 1958 365.
432 1921 539 1957 Olim
559 1949 569 1967 ‚
607 1922 810 1959 interdum

91 1976 166 2026 (ut
196 1986 235 2014 et
264 1977 360 2015 alibi
390 1978 618 2029 occurrit),
640 1980 704 2016 vel
733 1980 810 2016 alio

89 2042 285 2085 tempore3
299 2036 375 2073 alio
389 2049 482 2072 vero
496 2044 672 2086 tempore
690 2039 811 2073 Tran-

90 2092 216 2143 quillo
233 2093 341 2138 silet,
364 2093 404 2131 h.
427 2107 460 2131 e.
483 2094 594 2131 nullo
613 2094 811 2131 fluctuum

91 2150 207 2187 allisa
230 2160 399 2189 resonat.
418 2151 595 2189 Brunck.
614 2152 663 2188 ad
683 2153 810 2203 Apol-

91 2207 175 2245 lon.
199 2207 226 2247 l.
248 2209 274 2247 l.
305 2207 456 2255 πάλαι,
488 2223 716 2259 expressum
736 2224 810 2260 pu-

91 2265 226 2312 tabat;
246 2276 345 2304 esset
368 2266 477 2317 quod
505 2267 685 2305 tunditur
712 2268 807 2304 olim

90 2335 166 2374 pro
196 2324 438 2362 tundebatur
465 2324 635 2364 dudum.
670 2329 716 2363 Iu
735 2325 812 2363 hoc

91 2383 256 2432 scopulo
276 2384 320 2420 in
340 2383 471 2420 medio
491 2385 588 2420 mari
612 2397 686 2435 pro
711 2393 813 2420 meta

93 2451 263 2489 quercus
281 2441 396 2478 humi
414 2440 551 2492 figitur
564 2470 574 2487 ,
596 2451 641 2478 ut
658 2455 678 2478 a
696 2442 812 2479 litore

90 2508 371 2546 procurrentes
383 2512 501 2536 naves
518 2512 638 2536 cursu
656 2513 702 2536 eo
715 2513 810 2536 cou-

93 2555 257 2594 tendant
274 2585 285 2603 ,
328 2559 510 2607 circaque
544 2571 685 2608 rupem
724 2566 811 2596 acto

95 2623 214 2652 cursu
230 2613 278 2651 ad
297 2614 392 2652 litus
410 2624 673 2653 revertantur.
695 2618 810 2653 Facta

95 2679 226 2709 autem
249 2674 411 2710 navium
432 2672 614 2710 decursio
635 2674 810 2723 putanda

95 2726 139 2763 in
155 2731 246 2767 sinu
268 2732 443 2780 Longari
471 2731 547 2767 sub
565 2733 747 2782 Erycem.
772 2746 809 2769 v.

100 2783 257 2827 Cluver.
283 2788 390 2829 Sicil.
419 2802 459 2840 p.
482 2789 563 2834 246
588 2791 809 2841 sq.--13o.

874 1285 1021 1324 Nautis
1043 1285 1199 1338 signum
1230 1293 1349 1336 patet
1363 1312 1373 1328 ‚
1397 1282 1593 1321 emendat.

874 1346 913 1382 J.
936 1346 1071 1382 Foster
1090 1346 1224 1393 Essay
1250 1356 1301 1380 on
1329 1344 1484 1379 Accenc
1513 1341 1599 1378 and

878 1402 1074 1453 Quantity
1093 1416 1133 1453 p.
1166 1402 1260 1440 138.
1310 1400 1597 1449 Relinquamus

874 1469 1002 1511 poetae
1033 1474 1151 1498 suum
1183 1461 1342 1498 aurium
1367 1458 1581 1506 judicium.

949 1520 1025 1556 132
1059 1539 1118 1546 -—-
1146 1518 1240 1556 138.
1275 1519 1407 1560 Sorte,
1448 1516 1520 1552 etsi
1553 1516 1597 1551 in

872 1575 1008 1613 eadem
1042 1575 1158 1614 linea.
1194 1575 1278 1615 vid.
1307 1573 1446 1614 Cerda.
1467 1576 1598 1623 Popu-

873 1634 940 1671 lea
970 1633 1137 1685 fronde.
1159 1635 1318 1673 Servius
1342 1645 1352 1670 :
1390 1649 1410 1664 «
1431 1632 1522 1682 quia
1542 1630 1598 1668 lu·

875 1690 916 1727 di
941 1691 1129 1728 funebres
1165 1699 1283 1737 sunt,
1302 1698 1341 1727 et
1372 1689 1459 1726 haec
1481 1689 1599 1726 arbor

876 1749 925 1786 ab
950 1749 1123 1787 Hercule
1144 1749 1194 1787 ab
1217 1749 1354 1785 inferis
1374 1747 1487 1784 allata
1510 1755 1590 1792 est,

876 1821 970 1845 cum
1000 1821 1136 1845 canem
1169 1806 1389 1845 Cerberum
1417 1804 1598 1842 extrahe·

875 1873 948 1903 ret.
964 1883 983 1897 n
1000 1868 1102 1916 Quae
1119 1865 1303 1914 equidem
1322 1873 1507 1915 praestare
1526 1875 1599 1900 no·

876 1923 960 1960 lim.
977 1944 1035 1951 —
1058 1923 1151 1966 135.
1175 1925 1228 1960 Ut
1247 1923 1289 1958 in
1318 1920 1600 1957 certaminibus

879 1982 1099 2031 gymnicis,
1129 1981 1181 2016 ita
1201 1991 1311 2015 nunc
1339 1977 1389 2014 ad
1413 1989 1599 2027 maguum

881 2050 1096 2087 corporum
1114 2038 1247 2073 nisum
1264 2037 1378 2072 uncti
1390 2044 1485 2072 sunt
1496 2034 1598 2071 oleo.

878 2095 1035 2132 -136.
1058 2094 1238 2133 Offendit
1262 2093 1419 2131 intenta
1434 2091 1599 2130 brachia

877 2153 995 2190 remis
1023 2161 1062 2189 et
1091 2153 1221 2189 statim
1257 2150 1410 2188 Intenti
1435 2163 1598 2201 exspec-

877 2220 979 2248 tant.
1003 2212 1183 2260 Utroque
1210 2219 1341 2247 tamen
1362 2208 1523 2260 prop'ria
1543 2216 1600 2245 est

877 2282 959 2306 vox
974 2267 1119 2320 (remis
1135 2267 1282 2305 intenti
1300 2269 1436 2305 Heius.
1457 2268 1600 2315 Junxe-

880 2335 938 2363 rat
953 2355 963 2371 ‚
983 2326 1091 2377 quod
1108 2335 1239 2363 tamen
1254 2327 1329 2377 ipsi
1344 2339 1445 2363 mox
1462 2324 1599 2375 displi-

880 2383 1017 2434 cuit);
1054 2393 1092 2422 et
1137 2393 1354 2436 agnoscunt
1388 2383 1599 2421 lectionem

879 2444 1036 2480 Servius
1058 2456 1102 2480 ac
1130 2444 1353 2481 Priscianus
1382 2454 1475 2479 cum
1498 2441 1598 2478 anti-

879 2502 1001 2550 quiss.
1044 2500 1161 2538 codd.
1213 2500 1359 2538 Medic.
1405 2503 1521 2539 Rom.
1562 2506 1600 2534 et

880 2558 1016 2609 fragm.
1037 2560 1165 2596 Vatic.
1199 2561 1336 2608 Itaque
1365 2566 1480 2608 poeta
1504 2569 1598 2608 pro-

879 2617 1082 2666 prietatem
1102 2618 1293 2654 orationis
1314 2629 1431 2666 quam
1449 2615 1600 2667 elegan-

880 2676 972 2711 tiam
1010 2687 1164 2712 servare
1206 2674 1388 2711 maluisse
1428 2672 1597 2711 videtur.

879 2731 1009 2778 Alias,
1037 2732 1206 2782 injecta,
1239 2731 1440 2775 immissa,
1473 2743 1518 2767 ae
1548 2730 1597 2764 si-

880 2790 970 2828 mile
1008 2790 1105 2842 quid
1151 2790 1279 2829 dicere
1313 2790 1519 2841 potuisset.
1541 2807 1597 2813 —-
