1767 3054
717 143 870 181 LIBER
901 142 973 180 VI.

100 220 295 271 capienda
338 217 533 270 Sibyllam
583 216 790 253 consulere
812 244 822 262 ‚

106 293 189 316 non
205 281 385 330 ineptum
405 285 509 321 erat3
527 287 733 326 quumque
757 274 825 312 illa

104 337 308 375 Anchisen
324 337 366 372 in
382 334 518 371 inferis
530 332 825 371 consulendum

105 408 187 433 esse
205 395 373 440 diceret,
392 405 549 429 necesse
566 399 647 429 erat
668 404 827 441 respon-

105 466 149 491 so
172 453 458 502 obtemperare.
493 448 825 489 Animadverten—

106 510 202 548 dum
224 523 346 561 porro
377 518 455 555 est,
489 510 663 560 primum
692 510 826 545 AEneae

103 567 154 606 ad
171 568 322 605 Italiam
340 566 490 605 aditum
508 567 582 604 hac
598 567 825 603 narratione

105 625 308 677 dignitatis
331 634 370 663 et
401 626 612 672 majestatis
634 624 826 675 religiosae

103 684 185 720 vim
215 692 254 721 et
287 683 481 721 honorem
520 685 719 733 accipere3
750 696 824 720 uec

103 741 277 780 alienum
304 743 354 779 ab
384 741 560 779 AEneidis
589 749 824 791 argumento

105 801 344 850 posteritatis
362 813 567 837 recensum
583 799 721 836 haberi
739 812 826 849 pos-

107 872 147 896 se
169 872 179 904 ;
214 859 396 909 inprimis
431 872 480 896 ex
522 860 797 895 Romanorum
811 886 821 903 ‚

105 917 254 967 quihus
270 930 382 953 suam
402 915 607 954 AEneidem
628 914 824 954 condebat

104 983 219 1025 poeta
232 1003 243 1020 ‚
263 975 404 1011 animis
427 983 465 1012 et
481 973 655 1022 judiciis.
677 972 824 1012 viden-

106 1040 173 1070 tur
219 1032 431 1071 utilitatem
474 1031 593 1079 hujus
636 1032 791 1068 inventi
810 1062 820 1079 ‚

105 1090 301 1128 avocandi
319 1091 487 1128 lectores
509 1089 558 1127 ad
578 1103 639 1126 res
662 1091 821 1137 inferas,

104 1150 268 1186 sensisse
287 1149 375 1196 alii;
398 1162 489 1185 nam
517 1146 717 1195 videmus,
737 1150 821 1186 Ho-

104 1207 204 1243 meri
227 1207 269 1244 in
300 1208 478 1259 Odyssea
509 1206 714 1256 exemplo,
750 1208 825 1245 Ne-

105 1265 214 1315 cyias
233 1278 255 1301 a
277 1265 413 1302 multis
431 1267 575 1317 passim
598 1265 726 1315 poetis
743 1266 824 1315 epi-

104 1323 161 1359 cis
206 1336 288 1360 esse
335 1323 600 1374 frequentatas
621 1336 632 1368 3
675 1321 823 1360 debent

103 1381 211 1418 enim
221 1380 284 1418 hae
300 1383 546 1420 narrationes
561 1380 706 1418 habere
718 1395 821 1433 mag-

103 1451 196 1476 nam
215 1439 296 1475 vim
317 1438 366 1476 ad
384 1441 536 1478 animos
553 1440 742 1477 mirarum
761 1453 819 1476 re-

101 1508 195 1533 rum
214 1498 344 1547 specie
366 1497 572 1536 tenendos.
595 1496 706 1534 Vidit
722 1510 819 1548 prae-

98 1560 205 1591 terea
235 1555 450 1606 Virgilius,
497 1570 571 1608 pro
605 1554 815 1603 heroibus,

99 1623 202 1660 quos
221 1613 421 1652 Homerus
452 1623 750 1661 commemorat,
775 1629 816 1656 se

99 1667 313 1708 Platonicis
337 1674 572 1710 commentis
594 1672 643 1710 de
666 1673 813 1711 anima-

99 1723 194 1775 bus,
223 1737 435 1782 antequam
464 1731 568 1769 hanc
594 1733 716 1770 vitam
750 1733 813 1769 in-

1524 143 1603 194 195'

891 227 1031 268 gressae
1055 214 1222 260 sint‚.in
1245 214 1323 251 alio
1355 216 1445 252 loco
1469 216 1612 269 degen—

892 274 1022 321 tibus,
1061 271 1270 310 commodc
1309 274 1367 309 uti
1397 287 1532 323 posse,
1567 284 1613 312 ut

892 334 1027 370 AEneae
1049 340 1229 383 posteros
1254 340 1293 368 et
1323 344 1384 368 res
1415 334 1612 370 Romanas

894 392 1061 428 carmini
1095 391 1306 428 intexeret.
1340 391 1480 439 Neque
1516 404 1612 427 vero

892 448 1014 495 nihil,
1035 448 1145 499 quod
1177 448 1225 486 ad
1246 448 1354 485 hunc
1379 448 1613 486 descensum

893 507 940 545 ad
961 508 1109 544 inferos
1141 507 1324 552 duceret,
1354 515 1421 544 aut
1440 508 1525 555 ejus
1545 521 1613 544 ex-

893 567 1177 617 spectationem
1200 566 1365 612 faceret,
1391 566 1614 602 antecessit.

893 627 1046 663 Annon
1069 625 1324 662 meminimus
1349 623 1396 660 ab
1428 623 1617 661 Anchisae

894 683 1046 721 Umbra
1094 681 1204 720 hunc
1244 683 1477 720 descensum
1528 680 1614 718 filio

895 742 1011 779 fuisse
1031 740 1217 779 mandato
1234 750 1271 778 et
1287 742 1447 778 monitu
1463 741 1615 788 injunc-

894 809 979 837 tum
1009 798 1106 851 (lib.
1129 802 1182 847 V,
1211 801 1287 848 '531
1317 797 1423 850 sqq.)
1444 807 1482 836 et
1510 798 1614 835 mul-

893 867 934 895 to
961 866 1053 895 ante
1078 859 1159 906 jam
1188 858 1332 896 Heleni
1361 857 1518 895 monitu
1542 855 1613 894 lib.

892 918 975 962 111,
1024 923 1101 961 441
1147 917 1261 967 sqq.?
1304 918 1441 965 Quum
1481 923 1614 952 autem

892 982 1022 1012 totum
1048 987 1189 1025 poema
1204 1002 1214 1020 ,
1247 981 1286 1011 et
1306 973 1508 1025 dignitatis
1532 975 1614 1024 epi-

892 1046 947 1070 cae
965 1033 1188 1082 pluu'mum
1212 1040 1251 1068 et
1271 1032 1406 1082 gratiae
1426 1045 1472 1068 ac
1489 1030 1616 1069 delec-

891 1092 1050 1129 tationis
1097 1103 1147 1127 ex
1190 1089 1388 1126 vaticiniis
1434 1089 1580 1128 habeat
1601 1119 1612 1138 ,

890 1163 1002 1200 quae,
1033 1147 1082 1186 ab
1103 1147 1406 1185 obscurioribus
1438 1148 1612 1200 ambagi-

892 1207 967 1245 bus
986 1219 1191 1258 progressa
1210 1219 1305 1243 mox
1324 1205 1374 1243 ad
1402 1205 1612 1244 disertiora

892 1274 931 1304 et
972 1265 1139 1303 clariora
1175 1264 1292 1302 effata
1332 1262 1561 1315 procedunt
1599 1278 1609 1304 ε

891 1332 1136 1375 praeparatur
1164 1323 1281 1361 etiam
1309 1321 1387 1360 hoc
1414 1321 1520 1360 libro
1555 1322 1611 1361 le-

887 1384 1014 1435 gentis
1049 1383 1204 1419 animus
1234 1381 1284 1418 ad
1314 1394 1426 1418 casus
1458 1388 1497 1417 et
1524 1393 1607 1428 res,

887 1454 983 1479 mox
999 1441 1043 1478 in
1059 1441 1170 1478 Latio
1187 1448 1376 1477 eventum
1387 1438 1606 1488 habituras,

885 1500 1058 1553 primum
1074 1498 1237 1551 Sibyllae
1254 1510 1467 1549 responso,
1487 1510 1526 1535 v.
1549 1498 1604 1543 84

886 1571 1015 1608 ——97‚
1038 1566 1125 1594 tum
1148 1555 1335 1595 Anchisae
1363 1556 1542 1595 oratione
1566 1565 1606 1596 εἰ

883 1629 1050 1654 recensu
1089 1617 1310 1653 animarum
1333 1643 1345 1663 ,
1383 1627 1473 1666 quae
1506 1627 1602 1654 mox

881 1675 1091 1727 progenies
1109 1677 1242 1713 AEneae
1262 1681 1361 1712 esset
1380 1673 1525 1713 futura,
