1767 3054
208 163 283 199 124

828 158 1069 194 AENEIDOS

198 230 286 275 Dic
312 246 395 293 age
420 246 429 274 ε
451 229 676 292 namque,
698 229 815 275 mihi
842 230 982 275 fallax
1009 230 1136 276 haud
1159 241 1265 276 ante
1288 242 1504 292 repertus
1519 267 1532 290 ‚

197 309 301 352 Hoc
327 323 420 353 uno
444 323 670 368 responso
692 306 900 351 animum
926 305 1096 352 delusit
1117 306 1312 368 Apollo,

198 380 292 438 Qui
317 381 417 427 fore
443 392 486 427 te
509 393 655 444 ponto
679 381 987 436 incolumem,
1007 379 1207 442 finisque
1233 380 1431 427 canebat

1632 390 1691 428 345

195 458 457 501 Venturum
482 456 731 502 Ausonios.
757 458 826 499 En
849 454 951 499 haec
972 455 1202 515 promissa
1223 455 1335 502 fides
1357 458 1454 502 est?
1478 477 1494 495 »

195 529 278 575 Ille
305 540 461 574 autem
483 547 492 573 ε
520 549 539 569 «
562 531 728 589 Neque
749 539 793 573 te
815 527 980 573 Phoebi
1004 528 1187 574 cortina
1206 529 1392 588 fefellit,

193 606 303 647 Dux
325 601 609 648 Anchisiade
625 637 636 658 ,
657 618 745 648 nec
766 619 839 647 me
865 602 981 649 deus
1005 618 1197 664 aequore
1221 604 1396 650 mersit.

193 679 407 737 Namque
429 676 770 738 gubernaclum
795 676 941 722 multa
965 677 1015 721 vi
1035 677 1156 722 forte
1177 678 1438 735 revulsum,

196 749 284 795 Cui
306 749 440 796 datus
464 749 703 796 haerebam
726 760 906 808 eustos,
928 767 1188 813 cursusque
1213 750 1457 813 regebam,
1634 764 1692 792 330

193 824 494 886 Pi'aecipitans
518 827 639 872 traxi
664 842 863 871 mecum.
884 827 1037 871 Maria
1059 842 1225 888 aspera
1240 827 1376 888 juro,

193 901 301 944 Non
326 901 471 946 ullum
497 917 584 963 pro
610 918 684 947 me
707 913 889 947 tantum
914 902 1092 963 cepisse
1118 902 1362 958 timorem,

194 976 349 1030 Quam
371 986 451 1022 tua
470 994 550 1033 ne,
575 978 775 1039 spoliata
796 978 960 1033 armis,
985 993 1182 1023 excussa
1207 977 1457 1038 magistro,

189 1203 264 1240 que
282 1202 357 1247 pet
385 1189 562 1225 umbram
599 1189 826 1227 Obscwam.
843 1212 901 1220 —

194 1249 288 1291 344.
318 1236 401 1284 Ᾰπο
397 1243 504 1284 'Nou
540 1243 612 1297 ἀψε
600 1242 709 1290 ’43ης
733 1261 775 1284 το
811 1244 898 1300 πρὶν

193 1318 242 1342 ex
255 1304 428 1355 AEschyl.
442 1304 619 1342 laudant.
622 1307 786 1349 -346,
800 1306 845 1343 Il.
856 1320 898 1358 υ,,

196 1364 304 1406 164.
327 1360 549 1414 Ζευποιτηρ
534 1358 646 1415 4,·ἶ,
639 1361 685 1399 si
705 1360 832 1400 tum).
855 1362 899 1400 σ“4

191 1415 421 1470 φιλ4ψειυὸης
446 1417 596 1465 ἐτέτυξο
620 1418 787 1475 ποίγγυ
782 1418 873 1458 υΗσίΫ

183 1490 382 1527 prom1ssa
407 1477 532 1528 fides,
573 1487 750 1517 eventus,
785 1479 902 1516 ches

190 1534 295 1584 apud
311 1543 445 1584 poetas
461 1535 509 1571 de
531 1543 639 1572 certo
655 1545 800 1572 eventu
817 1550 900 1573 ora-

191 1591 374 1628 culorum
392 1620 402 1637 ,
445 1591 593 1642 quibus
637 1592 733 1630 deus
777 1592 898 1631 fidem

189 1662 298 1686 suam
337 1649 579 1696 obstrinxit;
605 1663 692 1700 quae
726 1653 896 1701 praestita

185 1707 230 1743 in
248 1707 451 1744 veritatem
477 1716 516 1744 et
541 1717 728 1745 eventum
746 1717 898 1746 certum

186 1763 281 1800 abit.
311 1765 628 1802 Consentaneum
663 1775 791 1802 autem
820 1766 897 1803 hoc

186 1820 360 1857 AEneidis
391 1822 564 1871 propriae
595 1822 742 1868 indoli,
782 1831 827 1859 ut
859 1832 899 1859 et

184 1876 268 1914 haec
287 1878 463 1915 Palinuri
478 1891 561 1915 sors
579 1880 627 1916 ab
643 1881 830 1917 vaticinio
842 1893 899 1917 re-

184 1943 354 1983 petatur.
369 1937 451 1972 Etsi
470 1948 588 1985 supra
601 1936 703 1973 illud
722 1949 805 1973 non
817 1950 897 1974 me-

185 2001 404 2029 moraverat
435 2001 552 2042 poeta
573 2005 583 2030 ε
614 1995 791 2030 occurrit
813 2002 897 2029 tan-

187 2058 272 2086 tum
288 2051 346 2096 V,
375 2050 456 2093 814
493 2051 671 2100 Neptuni
709 2051 894 2088 effatum:

189 2110 296 2144 Unus
306 2106 380 2143 erit
390 2115 542 2143 cantum
552 2135 564 2151 ,
581 2106 770 2144 amissum
780 2120 896 2157 quem

181 2163 339 2215 gurgite
357 2177 520 2213 qttaercs.

245 2221 509 2270 347-359,
546 2221 654 2256 Deus
688 2233 758 2257 seu
789 2220 896 2258 idem

185 2278 344 2327 Apollo,
354 2292 423 2314 seu
436 2278 601 2315 omnino
618 2291 769 2315 numen
778 2307 787 2324 ,
799 2278 897 2315 deus

186 2335 345 2383 aliquis,
391 2348 453 2370 me
488 2348 572 2371 non
608 2335 759 2379 mersit,
802 2336 896 2373 sub-

185 2393 318 2428 mersit
339 2403 348 2428 :
369 2392 467 2440 quin
487 2391 536 2427 ad
555 2392 680 2428 Italiae
697 2393 790 2430 litus
806 2406 896 2429 ena-

186 2457 330 2494 tarem,
362 2457 406 2484 ut
434 2462 470 2486 w,
496 2449 576 2485 356
608 2448 730 2487 addit.
757 2452 815 2487 De
836 2464 895 2488 re-

184 2506 312 2554 liquis.
334 2506 438 2543 conf.
455 2509 492 2543 V
507 2533 516 2551 ,
544 2507 621 2553 857
644 2520 701 2557 sq.
721 2529 777 2536 —-
797 2509 893 2552 348.

182 2564 359 2612 Reposui
380 2575 471 2599 cum
487 2563 771 2610 Brunckio‚‘ut
798 2566 897 2603 mihi

182 2626 413 2657 constarem.
443 2634 480 2658 ν.
504 2634 592 2670 sup.
613 2620 662 2657 ad
680 2635 777 2660 vers.
802 2624 895 2660 126.

182 2676 314 2727 Vulgo
337 2675 579 2713 Anchisiade
595 2706 605 2723 ‚
624 2688 662 2715 et
682 2679 814 2729 ipsum
834 2680 897 2717 he·

180 2747 242 2771 ne.
261 2734 348 2770 Nec
363 2747 437 2771 me.
458 2736 534 2772 Hic
554 2734 891 2786 distinguendum,

178 2793 232 2829 ait
260 2793 442 2839 Servius,
473 2805 522 2829 ne
553 2793 603 2828 sit
624 2795 888 2840 contrarium,

968 1203 1059 1227 nam
1077 1202 1168 1226 eum
1188 1192 1357 1227 Somnus
1373 1187 1513 1237 dejecit
1538 1189 1604 1240 (v.
1618 1195 1654 1229 V
1669 1220 1678 1237 ‚

971 1248 1022 1284 85
1029 1250 1049 1284 3
1063 1248 1092 1299 ).
1117 1247 1329 1284 Enimvero
1347 1248 1483 1284 Somni
1502 1249 1677 1286 ministe-

967 1308 1071 1342 rium
1101 1305 1150 1342 ad
1182 1313 1362 1355 poetam,
1394 1317 1478 1342 non
1511 1305 1561 1342 ad
1580 1306 1680 1344 Pali-

968 1376 1117 1400 nurum
1129 1392 1140 1410 ,
1165 1371 1337 1413 spectat;
1353 1371 1392 1399 et
1406 1363 1588 1414 ignorare
1606 1377 1678 1414 po-

968 1423 1046 1458 tuit
1062 1421 1138 1459 hoc
1155 1420 1373 1459 Palinurus.
1393 1421 1513 1465 Deus,
1535 1421 1584 1458 de
1597 1435 1678 1472 quo

968 1479 1118 1529 agitur,
1139 1487 1198 1516 est
1214 1477 1386 1528 Apollo,
1422 1491 1460 1515 v.
1486 1479 1530 1515 3
1514 1486 1581 1523 4.
1603 1479 1678 1517 Sed

966 1538 1047 1573 sive
1067 1536 1238 1586 Apollo,
1262 1536 1370 1580 sive,
1391 1535 1500 1584 quod
1520 1536 1678 1583 malim,

965 1593 1062 1630 deus
1088 1593 1228 1643 aliquis
1259 1593 1422 1630 omnino
1453 1592 1538 1643 (ex
1569 1595 1646 1638 341
1665 1622 1676 1642 ,

967 1650 1078 1701 342)
1111 1650 1378 1701 intelligatur,
1410 1659 1591 1700 respectu
1621 1660 1677 1688 ta-

965 1721 1057 1746 men
1084 1720 1270 1744 versuum
1298 1708 1375 1751 341
1394 1733 1406 1751 ‚
1438 1709 1518 1751 342
1547 1708 1674 1758 expli—

965 1765 1088 1803 canda
1108 1765 1228 1802 verba
1252 1773 1374 1801 sunt:
1394 1777 1467 1801 nec
1494 1778 1558 1801 me
1584 1765 1679 1801 deus

965 1835 1123 1873 aequore
1139 1822 1272 1859 mersit
1283 1849 1293 1867 ‚
1318 1830 1365 1858 ut
1378 1830 1494 1872 neget
1508 1835 1549 1859 se
1566 1823 1677 1872 aquis

964 1893 1137 1917 mersum
1153 1892 1233 1916 esse
1248 1893 1258 1925 3
1276 1879 1375 1929 quin
1389 1880 1524 1929 potius
1540 1879 1589 1916 ad
1604 1881 1678 1916 Ita-

965 1937 1027 1973 liae
1055 1937 1150 1979 litus
1181 1945 1354 1973 enatasse
1383 1936 1562 1986 adeoque
1595 1949 1678 1973 ora-

965 1995 1056 2030 culo
1073 1993 1214 2029 Phoebi
1238 1992 1361 2028 fidem
1387 1993 1535 2030 fecisse.
1557 1994 1677 2032 Redit

965 2063 1026 2087 res
1064 2048 1114 2086 ad
1143 2049 1379 2086 calumniam
1412 2050 1456 2086 in
1505 2051 1676 2087 oraculis

965 2120 1067 2157 saepe
1097 2114 1451 2143 memoratam.--—
1474 2108 1568 2156 349.
1602 2107 1677 2145 Co-

965 2163 1171 2214 gitandum
1194 2191 1204 2209 ,
1251 2163 1483 2200 Palinurum
1532 2163 1677 2214 guber—

964 2221 1110 2258 naculo
1141 2233 1277 2258 secum
1310 2221 1469 2258 revulso
1505 2222 1549 2258 iu
1578 2223 1677 2258 mari

962 2278 1200 2315 insidentem
1234 2282 1396 2315 natasse.
1431 2279 1568 2316 Suavis
1608 2291 1676 2315 au-

963 2344 1043 2373 tem
1076 2335 1172 2373 fidei
1201 2344 1240 2372 et
1269 2336 1412 2372 amoris
1440 2333 1601 2372 affectus
1630 2336 1674 2373 in

962 2406 1070 2444 seqq.
1092 2388 1228 2430 Mdria
1252 2404 1396 2443 aspera
1408 2390 1505 2442 juro
1525 2400 1597 2430 etc.
1616 2415 1673 2420 —

962 2471 1020 2480 --
1039 2452 1135 2489 352.
1161 2451 1281 2488 Illum
1307 2447 1455 2487 Medic.
1483 2461 1505 2485 a
1534 2461 1585 2487 m.
1608 2463 1669 2501 pr.

964 2508 1213 2545 Nonnullam
1221 2515 1459 2555 tantumpro
1470 2519 1534 2543 me
1541 2509 1673 2558 Sprot.

964 2568 1042 2602 Pro
1058 2564 1141 2611 14.,1.
1160 2573 1218 2601 est
1237 2559 1330 2615 ὑπὲρ
1353 2560 1444 2615 ἐμοῦ
1467 2575 1477 2602 :
1494 2577 1568 2614 pro
1587 2565 1674 2603 vul·

963 2625 1045 2672 gari
1057 2649 1068 2668 ,
1089 2630 1245 2658 cantum
1261 2620 1438 2657 timorem
1455 2620 1504 2658 de
1526 2635 1602 2660 me.
1615 2644 1673 2652 -—-

965 2678 1059 2716 353.
1079 2677 1212 2715 Armis
1237 2691 1312 2729 pro
1341 2677 1612 2729 gubernaculo
1629 2680 1669 2718 h.

961 2737 986 2773 l.
1016 2737 1200 2773 Excussa
1226 2735 1413 2787 magistro
1437 2738 1672 2786 exquisitior

959 2795 1058 2831 ratio
1081 2807 1156 2844 pro
1184 2793 1360 2846 vulgari,
1391 2793 1580 2845 magistro
1598 2807 1670 2831 ex-
