1767 3054
583 139 658 175 AD
689 137 895 175 LIBRUM
926 137 978 173 V.
1450 139 1530 177 361

30 226 81 251 ex
103 215 235 251 numis
250 213 467 265 Segestanis
480 239 491 258 ,
512 212 554 247 in
573 210 720 261 quibus
739 212 878 247 AEneas
898 208 1102 246 Anchisen
1126 222 1216 248 cum
1238 211 1412 251 Palladio
1437 212 1536 251 urbe

29 290 244 332 exportans
260 280 462 318 exhibitus
482 286 553 316 est.

87 351 204 387 Dicat
223 357 350 387 tamen
369 347 534 397 aliquis,
560 354 599 383 et
621 345 786 383 eandem
814 343 1087 383 difficultatem
1114 348 1243 384 movit
1264 347 1422 387 Cluver.
1447 363 1535 403 pag.

33 416 114 454 260
131 414 237 454 sicil.
255 423 361 453 ann:
384 414 496 451 urbes
511 416 669 451 Acestae
687 422 803 465 poeta
819 415 898 464 jam
920 415 960 461 1,
982 414 1063 464 549
1077 442 1088 461 ‚
1113 414 1194 452 550
1220 425 1505 454 memoraverat
1524 429 1534 453 ε

30 485 131 520 Sunt
155 492 194 520 et
216 481 356 520 Siculis
382 481 606 535 regionibus
629 481 765 527 urbes,
793 485 982 533 Arvaque
1006 484 1042 520 T
1038 482 1258 535 rojanoque
1285 496 1312 519 a
1338 485 1536 536 sanguine

26 550 160 588 clas-us
177 554 369 595 Acestes;
399 549 576 600 adeoque
595 563 635 586 se
663 548 926 587 vehementer
949 549 1175 588 obliviosum
1205 549 1406 601 prodidit,
1436 551 1535 589 dum

25 617 103 656 hoc
121 617 281 656 demum
300 618 406 656 libro
431 620 573 670 quinto
593 617 734 655 urbem
752 619 906 655 Acestae
931 617 1209 655 exstruendam
1228 626 1373 656 narrat.
1398 620 1537 658 Enim·

24 697 121 723 vero
141 687 314 736 primum
334 685 501 723 historia
521 685 654 736 plures
672 684 791 722 urbes
804 713 814 732 ‚
838 698 923 723 non
944 697 1064 722 unam
1078 713 1089 732 ,
1111 684 1160 721 ab
1185 688 1338 736 AEgesta
1358 685 1537 724 conditas

28 751 232 804 perhibet3
257 761 334 790 tres
354 753 517 803 quidem
540 751 784 804 Lycophron
809 765 849 790 v.
875 752 960 804 964
975 781 985 800 ,
1006 765 1103 803 quas
1133 750 1369 790 Scholiastes
1391 755 1535 805 AEges-

23 828 132 866 tam,
161 819 391 866 Entellum,
424 821 620 869 Erycem,
654 820 804 857 recitat.
836 819 886 857 cf.
915 819 1074 858 Cluver.
1097 818 1186 857 eod.
1209 832 1294 870 cap.
1315 820 1538 870 Dionysius

23 885 217 943 Αἰγέσταν
238 884 306 926 καὶ
329 879 467 942 ἔλυμα
487 896 682 926 memorat
708 889 751 924 in
775 888 921 940 AEgesti
941 888 1104 938 gratiam
1128 887 1177 925 ab
1195 890 1319 925 AEnea
1342 887 1538 926 conditas.

22 955 163 1008 Elyma
181 955 344 1007 quidem
362 958 405 993 in
423 958 591 1007 Erycem
606 985 616 1003 ,
639 945 774 1009 Ερυκα.
788 984 799 1001 ,
823 963 951 992 mutat
972 955 1193 993 Cluverius.
1209 954 1364 1006 Quidni
1380 964 1512 992 tamen
1526 983 1538 1001 ,

21 1023 55 1060 si
81 1022 215 1074 Elymi
234 1023 410 1074 populus
438 1023 626 1069 fuerunt,
651 1031 699 1059 ut
727 1022 830 1059 infra
857 1021 1083 1060 videbimus
1103 1024 1202 1060 Exc.
1235 1024 1295 1058 111
1323 1021 1372 1058 ad
1396 1036 1436 1060 v.
1458 1023 1510 1069 73
1528 1051 1541 1070 ,

20 1091 134 1128 vicus
156 1090 220 1128 vel
242 1090 436 1142 oppidum
454 1104 535 1128 esse
553 1091 618 1128 vel
634 1089 736 1128 tradi
755 1090 932 1140 potuerit
958 1085 1009 1126 τὰ
1038 1080 1205 1142 ἔλυμα.ρ
1227 1090 1344 1126 etiam
1368 1091 1401 1127 si
1425 1090 1539 1129 nulla

20 1158 105 1207 ejus
123 1158 197 1196 alia
216 1160 406 1196 memoria
429 1166 628 1196 occurrat.
651 1159 754 1195 Mox
777 1170 812 1195 c.
837 1158 887 1194 53
917 1155 1033 1208 (pag.
1057 1163 1107 1200 42
1122 1156 1138 1207 )
1154 1157 1321 1194 Veneris
1347 1158 1535 1208 Erycinae

22 1226 216 1276 templum
246 1225 453 1264 conditum
481 1225 607 1262 sei-tur
632 1220 696 1261 ἐπὶ
725 1227 774 1275 τῇ
803 1225 957 1276 κεφαλῇ
981 1225 1047 1260 τοῦ
1067 1214 1220 1276 ΪΞλύμευ
1236 1252 1246 1270 ,
1278 1222 1350 1260 ubi
1374 1231 1535 1274 praestat

20 1292 123 1331 forte
142 1307 235 1331 cum
256 1293 353 1331 viris
369 1293 497 1331 doctIs
517 1292 689 1330 scribere
702 1320 712 1338 ,
735 1288 798 1330 ἐπὶ
823 1294 871 1344 τῇ
895 1293 1044 1345 κορυφῇ
1062 1293 1130 1329 τοῦ
1150 1282 1309 1344 Ερυκος.
1334 1292 1435 1329 Nam
1452 1293 1529 1330 Bo-

19 1360 147 1398 charti
169 1362 332 1414 argutiis
350 1361 535 1412 equidem
560 1373 644 1398 non
671 1360 844 1397 multum
868 1360 1045 1397 tribuere
1071 1360 1205 1407 soleo,
1230 1361 1300 1410 qui
1319 1368 1358 1397 et
1374 1359 1466 1408 hic,
1487 1368 1536 1398 ut

20 1431 193 1478 Erycem
211 1430 260 1467 ab
278 1430 463 1467 hebraica
486 1429 641 1479 origine
659 1427 806 1466 ducere
826 1429 949 1478 possit
962 1456 973 1473 ‚
997 1430 1041 1465 in
1058 1429 1246 1476 Elymum
1264 1427 1365 1465 illud
1382 1436 1509 1466 mutat
1522 1457 1535 1475 ‚

21 1505 68 1534 ut
87 1497 135 1534 ad
154 1498 265 1535 Elim
287 1497 446 1536 tandem
466 1511 529 1534 res
549 1496 785 1534 deducatur.
807 1498 966 1534 Ferrem
990 1504 1122 1532 tamen
1145 1505 1320 1532 montem
1340 1496 1532 1546 Elymum

21 1563 72 1600 ab
97 1564 248 1616 Elymis
266 1563 559 1602 habitatoribus
581 1563 746 1601 dictum.
775 1563 815 1600 Si
832 1562 1023 1600 historica
1040 1561 1120 1600 fide
1139 1564 1200 1599 uti
1216 1563 1341 1610 nolis,
1367 1570 1407 1600 et
1435 1577 1534 1602 con·

21 1631 207 1679 tendere,
230 1645 340 1670 nunc
357 1632 519 1669 demum
542 1630 592 1668 ab
612 1632 733 1668 AEnea
753 1629 894 1667 urbem
910 1630 1066 1667 Acestae
1081 1638 1255 1680 paratam
1280 1643 1362 1667 esse
1375 1658 1386 1678 ‚
1410 1643 1533 1682 quan-

20 1697 236 1749 doquidem
259 1700 422 1737 Acestes
452 1706 599 1735 venatu
627 1699 733 1735 inter
759 1697 876 1735 silvas
907 1699 1026 1735 vitam
1058 1698 1179 1750 egisse
1208 1698 1379 1736 traditur
1393 1700 1447 1747 V,
1476 1700 1527 1747 37

22 1765 192 1803 occum’t
209 1768 373 1804 Acestes
390 1763 587 1802 Horridus
606 1762 807 1815 injaculis
826 1773 867 1801 et
874 1765 988 1814 pelle
1008 1763 1230 1812 Libystidos
1245 1778 1346 1802 ursae
1357 1794 1369 1811 ‚
1391 1774 1431 1802 et
1446 1767 1526 1803 301

24 1834 197 1872 Admeti
227 1833 357 1880 silvis,
381 1831 546 1869 comites
574 1830 744 1868 senioris
770 1834 951 1875 Acestae,
986 1844 1113 1881 eoque
1134 1831 1290 1868 ducunt
1317 1832 1390 1868 alia
1409 1832 1524 1878 loca,

22 1904 62 1939 V
76 1931 87 1948 ‚
110 1902 190 1948 617
209 1930 220 1948 ‚
243 1901 325 1938 631
343 1927 354 1946 ‚
377 1913 396 1947 7
410 1912 454 1947 17
478 1911 488 1936 :
512 1907 643 1935 tamen
677 1897 742 1935 vel
763 1899 818 1935 sic
838 1906 945 1935 recte
979 1906 1096 1948 poeta
1130 1898 1242 1936 urbes
1267 1901 1347 1947 jam
1366 1908 1457 1938 ante
1475 1900 1533 1938 di·

22 1983 110 2008 cere
137 1970 293 2020 potuit,
318 1979 407 2017 qnae
435 1964 574 2003 eodem
601 1964 692 2002 loco
710 1992 721 2010 ‚
745 1967 764 2001 I
779 1993 789 2010 ‚
816 1965 893 2012 557
924 1964 1056 2011 sedes,
1080 1977 1156 2015 pro
1179 1979 1421 2017 quocunque
1440 1979 1527 2006 om-

22 2037 123 2074 nino
139 2034 394 2071 habitationis
411 2045 552 2084 genere
570 2044 579 2070 :
600 2033 658 2068 Ae
660 2029 775 2082 freta
794 2030 968 2068 Sicaniae
987 2031 1128 2069 saltem
1154 2032 1344 2084 sedesque
1358 2043 1532 2083 paratas

27 2104 143 2142 Unde
164 2102 239 2140 huc
267 2100 449 2147 advecti,
474 2113 686 2153 regemque
704 2108 890 2151 petamus
918 2102 1116 2139 Acestem.
1145 2101 1278 2151 Atque
1299 2099 1377 2140 hoc
1398 2115 1526 2140 unum

27 2171 76 2210 ad
94 2169 359 2223 expediendas
381 2167 635 2207 difficultates
653 2166 773 2215 hujus
791 2168 945 2218 generis
963 2166 1126 2206 sufficit.

191 2855 278 2900 111.
1270 2859 1297 2903 3
1310 2874 1331 2906 1
