1767 3054
754 108 904 147 unna
936 110 983 143 v.
1577 118 1626 153 79

139 185 162 227 J
170 181 301 244 ungit
324 195 469 243 equos
490 193 607 226 auro
631 178 841 241 genitor,
866 176 1230 240 spumantiaque
1256 179 1385 222 addit

142 260 292 303 Frena
315 255 446 312 feris,
472 253 783 317 manibusque
808 254 959 300 omnis
985 252 1188 298 effundit
1213 252 1436 298 habenas.

141 330 352 377 Caeruleo
377 345 462 391 per
480 345 661 376 summa
684 329 799 375 levis
820 329 948 374 volat
971 342 1164 390 aequora
1185 342 1343 372 curru.

144 405 404 453 Subsidunt
426 405 587 463 undae,
614 405 943 468 tumidumque
967 403 1057 451 sub
1083 419 1170 449 axe
1195 401 1376 448 tonanti

145 480 381 526 Sternitur
404 496 567 543 aequor
591 483 724 544 aquis
751 501 760 527 :
787 481 972 544 fugiunt
997 489 1131 526 vasto
1156 477 1334 523 aethere
1360 472 1522 521 nimbi.

144 558 266 602 Tum
289 557 431 602 variae
458 557 684 603 comitum
706 557 868 614 facies,
892 554 1099 601 inmania
1123 565 1246 609 cete,

144 632 202 676 Et
225 631 382 676 senior
405 631 573 677 Glauci
593 631 790 688 chorus,
815 634 1054 692 Inousque
1077 628 1333 682 Palaemon,

146 704 456 765 Tritonesque
477 706 577 763 citi,
605 705 871 767 Phorcique
896 703 1131 751 exercitus
1157 700 1322 747 omnis.

567 911 677 945 Auro
724 921 860 946 omnes

154 967 290 1015 scripti
314 966 414 1002 Pier.
428 974 467 1001 et
490 965 640 1010 Heius„
655 968 731 1003 nisi
751 965 861 1016 quod

154 1024 195 1059 in
215 1021 434 1072 Hamburg.
458 1035 518 1072 pr.
549 1022 755 1072 vulgatum
773 1036 860 1061 voe.

154 1093 267 1116 curru
291 1092 364 1130 pro
390 1079 471 1117 div.
492 1080 581 1116 lect.
602 1079 863 1129 adscriptum,

155 1146 193 1174 et
216 1139 257 1173 in
282 1139 385 1175 Ven.
415 1138 682 1174 recentissimo
712 1136 866 1187 legeba-

156 1204 222 1232 tur
250 1197 287 1232 J.
317 1208 351 1231 e.
375 1195 535 1245 genitor
563 1208 690 1232 curru.
722 1194 869 1232 Laudat

157 1265 316 1303 quoque
339 1265 451 1289 curru
472 1254 606 1290 Burm.
627 1266 680 1290 ex
698 1254 812 1290 wint.
831 1261 868 1290 et

157 1323 230 1347 uos
259 1323 310 1346 ex
344 1310 465 1348 Goth.
494 1324 554 1360 pr.
577 1310 652 1349 Sed
674 1310 787 1347 facile
810 1311 869 1347 in-

158 1367 349 1417 telligitur
366 1380 520 1404 currum
538 1381 620 1406 esse
643 1370 873 1417 interpreta-

158 1433 338 1462 mentum
367 1425 478 1470 auri,
514 1426 554 1464 h.
577 1439 610 1463 e.
632 1438 772 1463 currus
806 1437 873 1461 au-

159 1483 227 1520 rei.
248 1484 401 1520 Aurum
418 1497 492 1534 pro
508 1497 554 1522 eo
571 1483 649 1520 dici
663 1512 674 1530 ‚
694 1481 804 1534 quod
823 1495 874 1519 ex

161 1553 258 1578 auro
282 1541 429 1578 factum
460 1550 538 1587 est,
574 1543 710 1579 Heius,
740 1541 875 1591 copio-

161 1600 241 1636 sius
263 1611 380 1649 quam
398 1599 495 1637 velis
513 1599 701 1644 adstruit3
722 1597 873 1635 deside-

161 1664 221 1694 rat
236 1665 366 1694 tamen
382 1658 515 1696 Burin.
536 1656 774 1707 exemplum,
792 1669 874 1707 quo

154 1714 327 1766 jungere
338 1728 438 1752 auro
450 1724 554 1753 recte
567 1715 646 1752 dici
662 1714 870 1765 probetur.

164 1771 274 1810 Nihil
301 1772 386 1810 vidi
412 1773 619 1819 subtilius3
654 1773 767 1822 quasi
779 1771 873 1822 jun-

162 1830 209 1881 gi
236 1842 335 1866 auro
364 1844 456 1868 eum
482 1830 684 1869 offendere
713 1828 872 1875 debeat,

167 1889 237 1937 qui
255 1885 339 1937 tegi
355 1901 452 1924 auro
466 1890 547 1926 VII
559 1916 571 1935 ,
605 1901 686 1938 279
701 1915 712 1933 ‚
734 1887 879 1923 nodari

167 1946 210 1982 in
234 1957 373 1982 aarum
390 1947 448 1982 IV
462 1975 473 1992 ‚
510 1945 586 1983 138
602 1973 613 1991 ,
637 1944 792 1981 armari
805 1958 876 1980 au—

169 2017 212 2040 ro
231 2003 311 2048 ΙΙΙ,
333 2005 354 2041 5
367 2016 428 2051 17,
445 2001 590 2056 Χρυσὸν
609 1997 645 2039 δ’
663 2000 775 2045 αὐτὸς
797 1997 879 2038 ἔδυ-

169 2075 208 2099 νε
232 2056 320 2113 περὶ
346 2058 435 2115 χροΐ
458 2070 497 2098 et
526 2060 665 2098 similia
685 2059 878 2110 probave-

169 2122 233 2158 rit.
253 2117 364 2156 Idem
385 2121 445 2172 γὴ*
471 2118 720 2156 doctissimus
747 2117 880 2167 Fingit

171 2191 290 2229 equos
320 2191 417 2215 auro
444 2176 579 2228 (quod
605 2189 689 2213 non
711 2174 878 2211 latinum

171 2244 250 2282 est3
284 2248 373 2274 nam
396 2248 542 2285 equum
567 2233 680 2285 fingit
700 2233 879 2283 magister

170 2293 369 2332 domando
385 2306 428 2331 ac
445 2291 667 2342 docendo),
688 2290 751 2327 vel
761 2303 880 2340 equos

171 2365 294 2397 auro,
320 2360 367 2390 ut
395 2350 522 2388 abiete
541 2363 694 2400 puppes
723 2349 877 2398 accipit.

171 2408 248 2448 Sed
265 2411 402 2461 etipse
425 2409 632 2454 Heinsius,
654 2419 746 2444 cum
769 2419 787 2442 a
809 2407 879 2443 Be-

174 2466 223 2504 da
249 2469 287 2504 J.
316 2472 357 2506 ἐ.
382 2466 474 2504 auri
497 2464 702 2503 laudatum
736 2464 806 2510 sit,
838 2465 880 2500 in

172 2524 250 2562 hoc
267 2524 481 2562 inclinabat
493 2552 504 2571 ‚
523 2532 568 2561 ut
585 2522 692 2560 auris
711 2521 803 2572 equi
822 2522 881 2558 in-

175 2582 426 2634 telligeretur.
454 2583 581 2621 Nemo
603 2588 783 2618 nostrum
800 2587 879 2625 est,

175 2641 244 2690 qui
262 2653 345 2678 non
362 2639 565 2679 interdum
582 2639 625 2676 in
651 2638 746 2676 tales
769 2639 883 2674 tricas

176 2697 346 2744 incidat,
380 2711 476 2750 quas
507 2696 584 2734 sibi
618 2697 703 2747 ipse
735 2695 878 2732 induit.

185 2777 241 2786 -—-
257 2758 367 2793 Auro
392 2757 488 2808 jugo
515 2767 647 2792 aureo.
679 2753 784 2792 Fcris
807 2766 880 2804 pro

153 916 319 958 spectos.
342 928 401 936 -—-
432 908 454 944 8
467 921 480 944 1
492 921 528 955 7.

927 909 1038 958 equis
1053 935 1063 953 ‚
1086 920 1123 944 v.
1143 907 1205 952 ΙΙ,
1245 905 1311 941 51.
1334 902 1399 940 Ad
1418 916 1455 939 v,
1484 903 1564 951 819
1584 914 1642 950 sq.

930 965 1034 1002 cons.
1056 977 1143 1015 sup.
1166 966 1208 1010 Ι,
1237 970 1311 1009 147
1329 990 1339 1007 ,
1380 961 1458 1004 154
1482 972 1566 1009 sqq.
1587 980 1646 987 ——-

933 1023 1029 1059 822.
1067 1024 1163 1059 Tum
1193 1020 1325 1057 ‘varice
1356 1017 1543 1055 comicum
1574 1015 1648 1066 fa-

933 1079 1034 1123 cies,
1074 1079 1307 1129 exquisitius
1340 1089 1458 1126 quam
1485 1075 1648 1112 comites

935 1138 1040 1174 varia
1065 1137 1161 1173 facie
1185 1144 1224 1172 et
1243 1134 1457 1185 adspectu.;
1482 1145 1572 1169 nam
1591 1145 1650 1169 ce-

935 1204 994 1239 te,
1022 1193 1164 1231 belluae
1186 1195 1370 1237 marinae,
1402 1192 1446 1227 in
1462 1190 1650 1227 comitatu

934 1251 1113 1302 Neptuni
1129 1251 1376 1299 aliorumque
1393 1248 1560 1285 deorum
1576 1259 1652 1283 ma-

936 1310 1138 1354 rinorum3
1162 1311 1304 1346 Proteo
1323 1305 1486 1356 quidem
1504 1318 1578 1355 pro
1597 1318 1651 1341 ar-

938 1367 1080 1404 mentis
1095 1379 1139 1403 ea
1154 1372 1335 1416 pascente
1351 1363 1494 1414 OdySS.
1508 1376 1549 1416 γ,
1571 1363 1651 1406 448

939 1437 1024 1474 sqq.
1046 1425 1191 1475 Georg.
1214 1425 1285 1468 IV,
1308 1422 1389 1466 430
1410 1434 1540 1471 sq.—
1555 1420 1653 1464 823,

943 1482 1038 1526 824.
1067 1483 1174 1519 Deos
1199 1481 1371 1516 marinos
1402 1479 1566 1517 omnino
1590 1478 1653 1515 de-

942 1541 1068 1590 signat
1081 1567 1091 1585 ‚
1111 1549 1284 1590 quorum
1305 1538 1503 1586 principes
1530 1536 1653 1572 Glan-

943 1611 1010 1634 cus
1036 1610 1079 1634 ac
1105 1596 1281 1634 Phorcus
1320 1607 1411 1630 cum
1445 1592 1653 1631 Melicerta

942 1655 1049 1694 conf.
1077 1668 1165 1705 sup.
1186 1668 1224 1690 v.
1258 1659 1361 1698 240,
1383 1660 1421 1688 et
1441 1652 1585 1702 Georg.
1608 1653 1650 1695 Ι,

944 1716 1039 1761 437.
1069 1711 1216 1750 Glauci
1239 1709 1398 1756 chorus,
1433 1717 1478 1746 ut
1509 1708 1657 1746 Phorci

940 1771 1078 1810 chorus
1106 1784 1195 1822 sup.
1226 1783 1264 1806 v.
1301 1775 1383 1812 240
1407 1776 1446 1805 et
1469 1779 1530 1816 ap.
1553 1766 1653 1803 Plin.

942 1832 993 1868 H.
1024 1831 1074 1868 N.
1104 1828 1307 1871 XXXVI,
1347 1834 1394 1871 4,
1422 1838 1453 1862 s.
1497 1837 1515 1870 7
1557 1822 1654 1874 (qui

941 1887 1051 1924 hunc
1069 1886 1205 1923 locum
1233 1885 1364 1920 animo
1389 1882 1573 1918 habuisse
1597 1883 1654 1917 vi·

944 1941 1101 1992 detur),
1125 1956 1145 1980 a
1172 1944 1298 1990 Scopa
1318 1940 1441 1976 factus
1463 1950 1655 1974 marmore

945 2004 987 2039 in
1011 2000 1092 2038 aede
1118 1999 1321 2050 Neptuni:
1347 1998 1555 2046 Neptunus
1574 1995 1655 2045 ipse

946 2068 987 2097 et
1012 2057 1143 2095 Thetis
1157 2065 1277 2107 atque
1296 2053 1494 2098 Achilles,
1518 2052 1657 2090 Nerei-

946 2117 1014 2153 des
1038 2128 1156 2166 supra
1187 2111 1398 2164 delphinos
1424 2120 1462 2148 et
1502 2120 1585 2148 cete
1619 2119 1658 2146 et

946 2173 1228 2224 hippocampos
1239 2170 1416 2208 sedentes
1427 2183 1443 2213 ;
1461 2168 1554 2206 item
1578 2168 1655 2204 Tri-

948 2243 1060 2269 tones
1094 2229 1310 2280 chorusque
1339 2226 1482 2265 Phorci
1504 2236 1544 2264 et
1550 2224 1654 2275 pris-

947 2300 1024 2334 tes,
1051 2303 1099 2326 ac
1115 2288 1241 2326 multa
1256 2285 1342 2323 alia
1358 2284 1547 2329 marina‚·
1572 2296 1655 2320 om-

948 2348 1017 2385 nia
1034 2347 1208 2399 ejusdem
1227 2357 1391 2388 manus,
1411 2342 1654 2393 praeclarum

948 2418 1043 2456 opus
1061 2404 1181 2442 etiam
1198 2403 1234 2441 si
1251 2401 1366 2439 cotias
1382 2400 1482 2438 vitae
1492 2398 1652 2451 fixisset.

949 2462 1109 2509 Senior,
1152 2470 1198 2500 ut
1231 2473 1367 2498 omnes
1401 2458 1566 2496 omnino
1600 2455 1656 2493 dii

947 2522 1110 2568 marini,
1130 2518 1242 2571 quod
1259 2518 1404 2555 docent
1420 2515 1654 2566 theogoniae,

948 2578 1092 2630 quibus
1114 2590 1248 2615 rerum
1273 2576 1384 2626 or'Qo
1404 2573 1452 2610 ab
1469 2585 1568 2623 aqua
1586 2584 1654 2621 pe-

948 2636 1115 2675 tebatur.
1137 2637 1254 2672 Inous
1280 2633 1512 2674 Palaemon,
1539 2628 1654 2667 Meli-

947 2703 1049 2732 certa
1068 2695 1163 2731 Inus
1182 2691 1208 2730 f.
1235 2705 1273 2729 v.
1303 2690 1451 2739 Georg?
1482 2689 1524 2732 Ι,
1559 2687 1653 2731 437.

947 2750 1091 2790 Phorci
1114 2748 1338 2793 e.cercitus;
1368 2746 1462 2784 deos
1487 2744 1660 2781 marinos
