1767 3054
647 95 803 134 LIBER
833 94 945 132 v111.

1471 110 1548 147 29¹

59 177 217 232 Quum
243 179 375 235 pater
397 170 446 215 in
471 169 574 230 ripa
598 167 835 230 gelidique
859 167 948 214 sub
974 167 1162 214 aetheris
1184 185 1270 214 axe

55 250 252 304 AEneas,
276 245 397 293 tristi
420 242 636 289 turbatus
662 253 857 306 pectora
880 241 1005 288 bello
1014 277 1028 300 ‚

56 320 338 378 Procubuit,
362 334 608 382 seramque
633 318 763 365 dedit
784 334 870 380 per
889 317 1103 365 membra
1124 318 1345 381 quietem.

55 395 180 441 Huic
201 393 315 440 deus
336 393 436 455 ipse
460 393 552 439 loci
575 393 722 438 fluvio
746 391 1001 440 Tiberinus
1023 407 1208 439 amoeno

52 468 281 530 Populeas
301 467 424 514 inter
444 467 600 514 senior
625 485 673 514 se
698 467 925 514 adtollere
947 467 1128 513 frondis

51 541 189 588 Visus
214 559 225 587 :
250 557 358 588 eum
384 543 536 590 tenuis
561 543 728 605 glauco
753 541 941 588 velabat
967 541 1141 587 amictu

50 614 309 675 Carbasus,
330 628 377 663 et
399 617 542 664 crinis
566 616 790 664 umbrosa
815 617 1002 680 tegebat
1027 615 1233 673 arundo3

50 693 170 738 Tum
195 691 261 738 sic
287 691 435 738 adfari
445 729 459 752 ‚
485 704 532 739 et
555 710 692 740 curas
717 692 790 740 his
815 693 1004 739 demere
1027 691 1166 737 dictis
1193 707 1204 734 :
1518 699 1555 730 35

118 788 137 808 «
158 768 202 814 Ο
223 778 321 813 sate
343 779 482 830 gente
501 768 665 826 deum,
688 768 941 830 Trojanam
962 784 1022 814 ex
1039 765 1258 814 hostibus
1283 763 1452 812 urbem

51 841 148 898 Qui
170 842 358 888 revehis
378 842 540 902 nobis,
563 854 832 906 aeternaque
858 847 1086 906 Pergama
1108 857 1289 901 servas,

51 917 331 979 Exspectate
353 918 454 964 solo
478 920 730 978 Laurenti,
755 919 975 981 arvisque
1001 917 1205 974 Latinis,

50 991 142 1038 Hic
166 990 254 1038 u'bi
278 1004 407 1038 certa
433 992 626 1052 domus;
651 994 792 1051 certi,
818 1010 877 1038 ne
902 992 1099 1049 absiste,
1126 995 1324 1038 Penates
1334 1010 1348 1048 3

45 1194 147 1232 pars
171 1180 486 1226 abscinderetur,
512 1190 552 1218 et
579 1181 635 1216 sic
671 1181 772 1218 desi-

52 1247 189 1276 neret:
206 1255 225 1269 α
239 1239 383 1276 Omnia
395 1240 524 1275 noctis
542 1247 666 1276 erant.
678 1257 697 1270 »ι
715 1260 774 1267 --

55 1296 109 1334 26
125 1309 210 1346 sqq.
230 1296 380 1332 Iterum
393 1308 463 1345 per
481 1309 630 1333 novum
645 1297 773 1333 visum

54 1352 179 1391 fatalis
217 1365 349 1389 rerum
391 1351 491 1390 ordo
537 1353 770 1391 declaratur.

54 1411 194 1449 Noctis
213 1409 424 1447 declaratio
444 1423 624 1461 magnam
644 1412 772 1448 suavi-

54 1475 175 1505 tatem
200 1466 343 1512 haben
365 1469 627 1517 copiosiorem
654 1481 770 1505 orna-

52 1533 139 1561 tum
161 1537 282 1574 snpra
303 1526 387 1569 IV,
410 1526 489 1562 522
518 1538 603 1574 sqq.
629 1526 770 1563 attule-

49 1590 112 1619 rat
135 1593 145 1619 :
169 1581 242 1618 ubi
267 1581 475 1631 Apollonii
504 1581 652 1620 Rhodii
684 1597 769 1621 ves·

50 1639 144 1690 rigia
179 1638 601 1677 animadvertebamus.
632 1641 770 1691 Nuper

48 1697 93 1733 in
100 1697 247 1734 Lexico
255 1697 470 1734 Homerico
479 1696 638 1735 alterius
649 1699 771 1749 Apol-

49 1752 151 1790 lonii
170 1766 258 1805 pag.
286 1761 369 1803 490
390 1753 505 1805 (pag.
539 1755 620 1799 408
651 1763 678 1792 t.
704 1756 769 1807 11)

50 1811 167 1847 etiam
181 1811 241 1848 ini
258 1811 488 1848 Alcmanem
504 1813 704 1861 praeivisse
716 1815 772 1850 vi-

51 1867 185 1904 dimus
205 1867 387 1904 versibus
415 1868 516 1905 forte
543 1870 599 1905 sic
623 1871 772 1907 consti-

53 1924 244 1961 tuendis.
236 1936 245 1944 ·

53 1976 236 2019 Εὖὸουσιν
258 1976 326 2017 8⁹6
310 1980 427 2034 ερέων
448 1979 616 2034 κορυφαί
639 1995 682 2020 τε
701 1979 769 2020 καὶ

167 2036 276 2105 (piper
306 2051 399 2092 γες,

52 2093 276 2147 Πρώωνες’
310 2094 325 2133 ὲ
343 2091 411 2132 καὶ
432 2091 649 2149 χαράδραι·

49 2155 160 2191 Φῦλα
179 2148 226 2189 δέ
241 2153 273 2188 θ’
277 2151 452 2207 ,ἑρπετά
470 2153 515 2199 θ’,
533 2152 770 2207 ὅσσατρὲφει

167 2208 241 2262 με’)
243 2221 334 2247 aiva
357 2210 485 2276 γαῖα,

50 2269 173 2321 Θῆρες
193 2265 360 2320 ὄρεσκὼο
347 2281 377 2304 ι
407 2280 449 2304 τε
471 2263 539 2305 καὶ
567 2266 675 2322 γένος
703 2281 770 2321 με·

166 2328 319 2362 λωσῶψ

49 2377 130 2421 Καὶ
153 2378 325 2420 κνώδαλ’
361 2381 396 2420 ἐν
427 2380 471 2429 βε
467 2382 596 2420 ’νθεσσι
618 2395 669 2419 πο
655 2394 766 2436 ρφυ-

108 2439 177 2492 ρᾶς
196 2437 311 2487 ἁλὸς,
331 2435 500 2477 εὕδουσιν
523 2436 561 2476 δ’
586 2437 726 2478 οἰωνῶν

47 2496 158 2534 <ima
179 2495 561 2551 τανυπτερὺγων-.

50 2552 134 2591 Sub
164 2553 235 2592 dio
270 2558 410 2593 AEneas
440 2554 677 2601 obdormiit,
708 2568 766 2592 se-

50 2621 216 2661 ramque
237 2612 347 2650 dedic
360 2625 438 2663 per
463 2612 638 2650 membra
657 2612 766 2663 quie-

50 2675 160 2704 tem.-
181 2667 300 2707 ducta
330 2669 521 2721 loquendi
556 2670 681 2709 forma
717 2683 768 2708 ex

48 2722 168 2762 altera
181 2752 193 2774 ,
214 2739 292 2778 qua
310 2740 472 2766 somnus
494 2727 584 2766 didi
590 2741 670 2780 per
681 2741 768 2766 cor-

833 1194 935 1232 pus,
975 1179 1111 1232 spargi
1131 1192 1209 1229 per·
1240 1176 1438 1222 membra,
1462 1176 1559 1214 dici·

841 1248 919 1276 tur.
939 1240 1154 1276 Monemus
1179 1236 1280 1282 hoc,
1309 1233 1418 1284 quod
1438 1235 1560 1284 pleri-

840 1309 917 1346 que
935 1295 1057 1333 verba
1074 1303 1234 1340 tenent,
1248 1304 1402 1330 caussas
1414 1304 1561 1329 sermo-

838 1355 900 1390 nis
916 1353 1113 1404 ignorant.

899 1411 966 1449 31.
987 1412 1096 1446 Deus
1115 1406 1214 1451 loci,
1237 1403 1442 1458 ἐπιχώριος
1461 1402 1524 1442 θεεΙ
1526 1418 1558 1449 ς.

838 1468 938 1518 Ripa
960 1467 1115 1506 Tiberis
1134 1463 1294 1516 populis
1314 1476 1396 1500 esse
1420 1462 1563 1500 debuit

836 1533 1057 1574 praetexta:
1083 1520 1194 1573 quod
1228 1533 1339 1558 nunc
1369 1520 1482 1557 aliter
1519 1532 1562 1558 se

836 1580 982 1620 habere
1002 1581 1121 1619 audio
1143 1591 1152 1617 :
1173 1578 1241 1616 sed
1257 1578 1363 1616 conf.
1381 1577 1454 1615 inf.
1475 1577 1530 1627 95
1545 1605 1556 1624 ,

838 1640 917 1688 96,
953 1647 993 1676 et
1017 1641 1096 1676 VII
1111 1666 1122 1685 ,
1145 1649 1198 1686 29
1219 1649 1372 1686 sqq.—
1387 1635 1455 1672 33.
1483 1636 1558 1672 Te-

837 1696 923 1734 nuis
939 1696 1125 1734 carbasus
1135 1694 1285 1746 glauco
1296 1691 1444 1730 amictu
1455 1720 1467 1736 ,
1482 1704 1559 1742 pro

837 1755 972 1806 glauca
1006 1754 1105 1804 palla
1147 1751 1351 1788 carbasina
1384 1749 1561 1786 humeris

836 1811 900 1849 vel
930 1812 1072 1848 femori
1101 1809 1317 1846 fluviorum
1348 1806 1493 1852 injecta
1515 1806 1560 1842 in

837 1869 958 1919 siguis
983 1875 1177 1904 v.eterum
1208 1865 1450 1901 Imitatorem
1473 1873 1561 1899 ver-

837 1925 981 1962 bosum
1009 1922 1273 1963 Claudianum
1301 1917 1428 1957 cerda
1447 1930 1558 1956 com·

836 1983 989 2032 paravit
1010 1982 1053 2016 in
1070 1982 1213 2028 Paueg.
1229 1976 1373 2027 Olybr.
1388 1975 1453 2026 (1,
1472 1983 1558 2020 214

835 2037 951 2088 sqq.)
973 2036 1087 2075 Adde
1104 2035 1152 2072 de
1169 2037 1205 2070 V
1210 2036 1229 2071 Ι
1247 2031 1561 2072 cons.}10norii

837 2095 1065 2145 (xxvm,
1086 2094 1162 2130 163
1188 2105 1271 2141 sqq.
1287 2090 1432 2141 )Serv.
1449 2091 1558 2140 inep-

837 2153 886 2189 tit
917 2151 966 2188 ad
997 2152 1037 2189 h.
1068 2150 1095 2187 l.
1125 2171 1181 2179 —-
1212 2149 1289 2194 36,
1327 2150 1395 2195 37.
1421 2147 1558 2199 TroJa-

838 2222 934 2246 nam
960 2223 1012 2246 ex
1038 2207 1206 2245 hostibus
1230 2205 1361 2242 urbem
1390 2205 1470 2255 Qui
1493 2217 1554 2242 re-

836 2266 939 2304 vehis
955 2266 1078 2304 nobis.
1093 2265 1203 2303 Idem
1219 2263 1411 2301 orationis
1428 2263 1556 2310 color,

836 2326 905 2375 qui
939 2327 982 2362 in
1022 2323 1099 2361 iuis
1121 2335 1129 2361 ε
1155 2321 1273 2359 Ilium
1311 2320 1352 2357 in
1386 2320 1554 2358 Italiam

830 2392 998 2432 portans
1016 2395 1029 2418 .·
1048 2389 1116 2418 tua
1137 2381 1259 2430 stirpe
1282 2386 1321 2415 et
1339 2378 1556 2416 Penatibus

833 2441 1029 2490 sacrisque
1054 2438 1237 2476 adductis
1264 2449 1355 2473 cum
1375 2435 1555 2486 reliquiis

832 2499 1112 2546 Trojanorum.
1125 2492 1424 2533 Reuehisautem
1437 2506 1554 2545 prop-

833 2562 892 2592 ter
929 2556 1091 2605 stirpem
1119 2551 1293 2590 Dardani
1329 2551 1553 2589 fabulosam

834 2625 884 2649 ex
904 2611 1026 2650 Italia.
1047 2625 1087 2649 v.
1105 2623 1194 2662 sup.
1215 2611 1300 2656 ΙΙΙ,
1327 2608 1403 2656 167
1423 2621 1483 2659 sq.
1493 2629 1553 2638 -

837 2670 903 2707 38.
906 2667 1175 2720 'Ea-spectate,
1201 2674 1366 2718 propter
1384 2665 1551 2704 deorum

834 2726 1254 2775 vaticinia3cf.v.12
1274 2736 1365 2776 sup.
1354 2750 1380 2771 .,
1400 2722 1450 2762 ad
1466 2725 1548 2770 vl,
