1767 3054
166 127 246 163 322

795 126 1040 165 AENEIDOS

161 201 270 243 Non
296 214 430 245 secus
453 209 594 261 atque
619 199 754 257 olim,
780 199 962 243 tonitru
987 213 1135 259 quum
1155 192 1319 260 rupta,
1345 213 1546 245 corusco

163 275 307 334 Ignea
328 273 448 319 rima
472 275 649 321 micans
675 275 912 337 percurrit
934 273 1110 319 lumine
1134 272 1335 320 nimbos.

165 349 320 396 Sensit
342 349 446 394 laeta
471 350 590 395 dolis
616 360 661 394 et
687 349 849 393 formae
876 348 1063 393 conscia
1082 348 1268 410 conjux.

163 425 284 468 Tum
309 435 445 485 patei
469 436 581 469 aetel
584 438 645 467 no
671 423 798 467 fatur
822 422 1068 468 devinctus
1092 439 1288 469 amme:

164 519 183 537 «
211 498 339 556 Quid
363 515 549 544 caussas
572 488 693 558 petis
713 513 772 542 ex
795 497 920 542 alto?
945 485 1117 543 fiducia
1140 499 1278 544 cessit

1602 509 1664 550 395

165 575 273 629 Quo
299 573 408 630 tibi,
436 572 569 628 div,a
593 571 714 617 mei?
741 571 915 618 Similis
938 573 978 617 si
1002 587 1116 616 cuia
1140 572 1325 630 fuisset,

98 759 101 763 ·
161 749 260 796 aliis,
278 758 317 786 et
335 751 460 796 Serv„
478 748 585 787 haud
602 749 722 788 dubie
740 753 880 802 exqui-

160 810 287 845 sitius.
308 810 472 859 Proprie
493 822 603 845 mens
631 822 788 853 amore,
813 811 881 847 cui

102 879 109 889 ·
159 867 377 912 restiterat,
412 867 476 904 vel
513 867 589 904 alio
622 868 770 904 affectu
803 869 877 903 'un-

159 924 296 974 pulsa,
334 926 462 971 victa,
494 925 640 961 dicitur
674 926 878 962 labascere

159 982 224 1017 vel
258 980 459 1034 labefieri;
493 996 604 1019 nunc
642 983 875 1019 translatum

160 1038 207 1074 ad
230 1051 328 1075 ossa.
347 1062 405 1068 -
423 1039 646 1090 Labefacta
656 1054 734 1090 per
757 1054 845 1077 ossa
858 1069 869 1085 ,

157 1096 200 1131 in
237 1096 384 1145 quibus
422 1097 592 1134 medulla
638 1099 872 1148 liquefacta,

159 1153 308 1199 soluta,
342 1164 552 1192 consumta
578 1164 647 1193 est.
673 1158 874 1193 Lucretia-

157 1223 208 1246 na
225 1210 361 1249 dictio.
391 1215 556 1262 Proprie
583 1227 694 1250 mens
714 1227 872 1261 amore,

156 1269 222 1304 cui
265 1269 510 1319 aliquantum
548 1273 764 1317 restiterat,
800 1273 874 1307 im-

155 1325 266 1374 pulsa
281 1354 291 1372 ‚
313 1340 496 1376 percussa
510 1357 520 1373 ‚
550 1330 653 1364 victa
667 1357 677 1374 ‚
701 1328 880 1381 labefieri

156 1382 317 1421 dicitur.
350 1387 446 1434 Sup.
481 1387 562 1431 IV,
592 1387 674 1434 395
706 1399 874 1436 magno-

154 1453 231 1489 que
259 1440 441 1477 animum
473 1442 694 1493 labefactus
720 1457 872 1481 amore.

154 1499 244 1534 Jam
258 1527 267 1545 ‚
291 1512 415 1547 quum
432 1499 622 1537 labefacta
639 1501 846 1537 solvantur
859 1531 869 1549 ,

152 1564 271 1592 ruant
284 1582 294 1601 ,
314 1555 477 1594 cadant:
493 1558 596 1594 conf.
617 1560 768 1594 Lucret.
788 1560 868 1605 III,

156 1612 264 1661 599,
296 1614 404 1658 600,
428 1614 588 1659 60131,
629 1615 734 1662 529,
758 1615 870 1653 53οτ

153 1682 242 1707 voc.
269 1683 543 1721 synonymum
565 1670 746 1707 habitum
771 1685 868 1720 pro,

153 1727 326 1774 solutus,
362 1727 562 1764 diffluens.
592 1730 729 1777 Itaque
753 1730 870 1765 etiam

152 1783 241 1834 igni
260 1798 350 1834 quae
367 1785 640 1822 dissolvuntur
665 1794 703 1821 et
724 1786 870 1835 liques-

153 1850 274 1888 cunt,
297 1842 541 1894 labefactari
568 1841 760 1878 dicuntur
796 1845 872 1879 Lu-

152 1900 276 1936 cretio
294 1902 367 1947 IV,
390 1913 496 1947 701;
520 1901 538 1935 I
553 1929 563 1947 ‚
587 1901 841 1950 493.·-391
858 1928 868 1946 ,

154 1958 251 2006 392.
285 1959 474 1995 Praeclare
505 1957 704 1994 flammam
728 1959 872 1995 amoris

150 2023 427 2065 penetrantem
476 2016 666 2052 medullas
722 2017 871 2053 ossium

152 2082 354 2123 comparat
385 2087 477 2110 cum
508 2074 688 2125 fulgure,
712 2073 777 2110 vel
794 2073 871 2110 ful-

151 2139 262 2180 getro
281 2132 385 2168 inter
413 2140 515 2168 atras
535 2131 664 2168 nubes
688 2139 844 2167 errante
857 2159 868 2178 ,

152 2196 283 2225 tractu
301 2201 343 2225 ac
372 2189 484 2226 sulco
512 2190 649 2234 tenui,
670 2201 791 2238 quem
818 2188 869 2224 ri-

152 2258 260 2282 mam
288 2246 450 2297 igneam
485 2255 643 2296 ruptam
673 2246 868 2297 (proprie

150 2304 277 2340 nubes
311 2305 535 2354 rumpitur,
577 2303 647 2340 sed
675 2305 730 2339 sic
765 2315 867 2353 saepe

150 2359 304 2411 poetae)
333 2361 435 2398 dixit
452 2373 462 2399 :
481 2374 526 2398 ea
541 2360 740 2410 percurrit
769 2361 867 2396 nim-

151 2417 241 2461 bos,
274 2418 402 2455 nubes
427 2418 565 2455 densas
593 2427 631 2455 et
661 2427 785 2466 atras,
807 2417 865 2454 lu-

153 2474 261 2510 mine
283 2488 457 2513 corusco.

211 2532 308 2580 393.
321 2534 433 2568 Lceta
446 2533 560 2570 dolis.
570 2535 639 2570 Est
650 2545 742 2570 sane
755 2526 866 2570 ὃοὶν-

151 2601 199 2641 φρ
206 2601 264 2625 ονε
269 2601 364 2625 cuca.
381 2589 426 2627 Il.
450 2586 481 2634 ξ,
506 2591 602 2638 329,
624 2591 693 2627 sed
713 2598 867 2636 ornate,

149 2648 238 2684 laeta
257 2659 441 2683 successu
458 2646 540 2683 doli
553 2656 589 2682 et
603 2648 750 2684 fraudis
773 2660 866 2685 suae.

151 2706 191 2743 Si
194 2718 214 2741 0
232 2707 304 2751 IV,
333 2704 408 2740 128
431 2702 592 2753 risitque
609 2705 711 2741 dolis
733 2704 871 2753 Cythe-

150 2775 221 2799 rea
250 2761 426 2814 repertis,
455 2762 519 2799 Sic
550 2769 588 2798 et
606 2760 756 2813 jbrmoe
780 2775 869 2799 con-

946 748 1029 788 scia
1041 779 1053 796 ,
1077 750 1249 788 sentiens
1261 778 1271 797 ‚
1297 761 1417 800 quam
1437 751 1518 788 v‘im
1536 751 1663 789 forma

947 809 995 845 ad
1018 811 1151 846 mariti
1175 809 1354 845 animum
1378 821 1490 845 nunc
1505 808 1660 848 habeat.

945 889 1004 896 —
1024 868 1121 917 394.
1142 868 1312 904 AEterno
1337 879 1498 914 amore,
1520 875 1662 917 poten-

944 927 1023 962 tius
1066 924 1236 961 verbum
1282 937 1425 974 quam,
1473 926 1660 975 antiquo,

943 983 1127 1033 pristino.
1163 983 1323 1019 Praeivit
1355 984 1513 1020 Lucret.
1538 984 1579 1029 I,
1608 983 1662 1020 35

942 1049 1094 1077 oeterno
1126 1039 1329 1076 devinctus
1350 1040 1522 1077 volnere
1550 1053 1662 1077 amo-

942 1098 1025 1135 ris.'
1046 1119 1104 1125 --
1142 1098 1239 1146 395.
1280 1096 1390 1146 Quid
1428 1106 1508 1134 tam
1543 1098 1662 1150 longe

942 1154 1125 1207 (Nonius
1147 1166 1156 1192 ;
1181 1168 1230 1190 ex
1248 1162 1405 1192 vetusto
1425 1163 1463 1191 et
1480 1154 1668 1207 antiquo)

941 1214 1086 1262 repetis
1124 1220 1377 1263 argumenta,
1413 1213 1561 1262 quibus
1598 1226 1662 1250 me

942 1270 1130 1306 moveas?
1153 1270 1281 1306 Aiunt
1296 1270 1454 1306 Attium
1471 1271 1517 1307 in
1533 1283 1661 1309 armo-

941 1340 1033 1363 rum
1055 1326 1205 1375 judicio
1233 1334 1322 1364 ante
1349 1327 1487 1365 oculos
1509 1327 1628 1366 fuisse
1649 1341 1661 1368 :

946 1384 1026 1421 Cur
1054 1393 1200 1421 caetera
1231 1394 1316 1421 tam
1341 1398 1394 1421 ex
1427 1385 1512 1422 alto
1536 1399 1659 1436 appe-

941 1441 1047 1478 tissis
1082 1441 1162 1478 diss
1150 1441 1271 1487 ἰᾶἱα,
1323 1443 1610 1494 Agamemnon
1636 1448 1658 1481 ι’

940 1521 996 1529 ·-—
1027 1499 1123 1549 396.
1162 1499 1271 1549 Quid
1298 1498 1369 1536 tibi
1398 1500 1515 1538 codd.
1553 1502 1655 1539 Pier.

939 1556 1117 1594 Panhas.
1142 1557 1261 1606 Quod
1273 1565 1300 1594 t
1324 1559 1440 1596 Rom.
1468 1559 1567 1607 Quoe
1587 1558 1660 1595 tibi

938 1614 1089 1650 Medic.
1110 1627 1131 1649 a
1148 1626 1252 1651 man.
1281 1627 1343 1663 pr.
1359 1642 1369 1661 ‚
1394 1614 1505 1664 quod
1532 1616 1657 1652 Hein-

939 1671 1020 1706 sius
1049 1670 1305 1707 distinctione
1333 1671 1503 1718 adjuvat.
1537 1672 1658 1710 Fidu-

939 1727 1003 1763 cia
1025 1727 1142 1764 cessit
1153 1732 1173 1763 :²
1206 1730 1305 1778 Quoe
1323 1727 1412 1773 tibi,
1438 1729 1529 1765 diva
1543 1757 1554 1775 ,
1577 1730 1660 1768 mei

940 1784 1082 1821 similis
1110 1784 1146 1820 .ςί
1173 1799 1270 1821 cura
1284 1783 1433 1835 ficisset
1460 1787 1653 1826 Rottend.

940 1855 1017 1878 sec.
1042 1844 1128 1892 Quo
1149 1841 1240 1886 tibi,
1264 1842 1378 1888 vita,
1406 1843 1523 1881 solito
1551 1846 1656 1882 inter

941 1909 1113 1936 amantes
1173 1899 1472 1947 blandimento,
1522 1903 1656 1953 inquit

940 1958 1101 2005 Barna„
1122 1957 1234 2008 quod
1267 1957 1441 1995 alienum
1478 1970 1499 1995 a
1523 1961 1652 2010 gravi-

940 2022 1017 2050 tate
1035 2017 1159 2065 epica‚
1180 2015 1226 2051 Si
1249 2028 1345 2052 cura
1365 2015 1529 2054 subisset
1546 2018 1652 2065 conj.

937 2073 1076 2109 Heius.
1091 2101 1101 2120 ,
1123 2086 1174 2110 ne
1190 2072 1251 2109 bis
1270 2074 1313 2110 in
1333 2073 1497 2110 eandem
1513 2086 1654 2113 vocem

938 2129 1090 2166 desinat
1108 2144 1257 2169 versus,
1282 2132 1410 2181 Atqui
1427 2131 1504 2170 hoc
1519 2131 1653 2169 studio

936 2186 1072 2224 fecisse
1096 2187 1224 2225 dicam
1242 2197 1400 2238 poetam
1413 2217 1423 2234 ‚
1441 2189 1507 2226 hic
1530 2196 1570 2226 et
1587 2189 1653 2226 ali-

935 2244 1002 2291 bi,
1038 2254 1084 2282 ut
1114 2247 1311 2283 sententia
1341 2255 1510 2297 utraque
1539 2255 1651 2284 tanto

935 2303 1245 2340 manifestiorem
1270 2317 1321 2341 ex
1338 2304 1651 2354 reciprocatione

933 2358 1098 2398 haberet
1118 2362 1202 2397 vim
1221 2374 1266 2398 ac
1292 2362 1495 2398 veritatem
1513 2358 1651 2414 (ἐνάρ-

933 2416 1086 2472 γειαν).
1106 2419 1215 2456 Alias
1230 2446 1240 2465 ,
1264 2432 1337 2456 nec
1361 2431 1448 2468 sup.
1469 2419 1532 2463 ΙΙ,
1567 2431 1648 2468 292

933 2477 1051 2513 simili
1079 2476 1197 2514 sibilo
1226 2475 1457 2513 extulisset:
1486 2474 1522 2511 si
1553 2478 1647 2513 Per-

929 2546 1058 2584 gama
1089 2533 1236 2570 dextra
1258 2530 1435 2582 Defiendi
1455 2543 1644 2582 possent,

934 2590 1057 2626 etiam
1071 2589 1148 2626 hae
1163 2588 1328 2640 defensa
1326 2586 1519 2639 fhissent.
1532 2592 1650 2628 Hein-

934 2649 1015 2684 sius
1042 2659 1165 2697 porro
1183 2646 1302 2683 simili
1323 2645 1372 2682 de
1392 2658 1526 2683 caussa
1543 2647 1649 2685 dele-

936 2718 978 2742 re
1007 2704 1177 2741 malebat
1210 2716 1368 2741 versum
1404 2713 1648 2754 sequentem.

937 2761 1116 2811 -396‚
1165 2762 1262 2811 397.
1301 2759 1453 2799 Similis
1485 2761 1523 2801 si
1553 2775 1652 2803 cura
