<?xml version="1.0" encoding="UTF-8"?>
<!DOCTYPE html PUBLIC "-//W3C//DTD XHTML 1.0 Transitional//EN"
    "http://www.w3.org/TR/xhtml1/DTD/xhtml1-transitional.dtd">
<html xmlns="http://www.w3.org/1999/xhtml" xml:lang="en" lang="en">
 <head>
  <title>
</title>
<meta http-equiv="Content-Type" content="text/html;charset=utf-8" />
  <meta name='ocr-system' content='tesseract 3.04.00' />
  <meta name='ocr-capabilities' content='ocr_page ocr_carea ocr_par ocr_line ocrx_word'/>
</head>
<body>
  <div class='ocr_page' id='page_1' title='image "./operahey03virguoft_0217.png"; bbox 0 0 1767 3054; ppageno 0'>
   <div class='ocr_carea' id='block_1_1' title="bbox 690 139 970 178">
    <p class='ocr_par' dir='ltr' id='par_1_1' title="bbox 690 139 970 178">
     <span class='ocr_line' id='line_1_1' title="bbox 690 139 970 178; baseline -0.011 0"><span class='ocrx_word' id='word_1_1' title='bbox 690 140 844 178; x_wconf 87' lang='lat' dir='ltr'>LIBER</span> <span class='ocrx_word' id='word_1_2' title='bbox 874 139 970 176; x_wconf 87' lang='lat' dir='ltr'><strong>VII.</strong></span> 
     </span>
    </p>
   </div>
   <div class='ocr_carea' id='block_1_2' title="bbox 81 209 1588 1247">
    <p class='ocr_par' dir='ltr' id='par_1_2' title="bbox 84 209 1304 276">
     <span class='ocr_line' id='line_1_2' title="bbox 84 209 1304 276; baseline -0.007 -13"><span class='ocrx_word' id='word_1_3' title='bbox 84 220 139 263; x_wconf 91' lang='lat' dir='ltr'><strong>In</strong></span> <span class='ocrx_word' id='word_1_4' title='bbox 164 216 321 263; x_wconf 89' lang='lat' dir='ltr'><strong>dubiis</strong></span> <span class='ocrx_word' id='word_1_5' title='bbox 345 227 569 276; x_wconf 89' lang='lat' dir='ltr'><strong>responsa</strong></span> <span class='ocrx_word' id='word_1_6' title='bbox 590 222 759 275; x_wconf 88' lang='lat' dir='ltr'><strong>petunt</strong></span> <span class='ocrx_word' id='word_1_7' title='bbox 781 229 791 255; x_wconf 73' lang='grc' dir='ltr'><strong><em>ε</em></strong></span> <span class='ocrx_word' id='word_1_8' title='bbox 817 211 912 257; x_wconf 93' lang='lat' dir='ltr'><strong>huc</strong></span> <span class='ocrx_word' id='word_1_9' title='bbox 936 210 1060 257; x_wconf 90' lang='lat' dir='ltr'><strong>dona</strong></span> <span class='ocrx_word' id='word_1_10' title='bbox 1084 209 1304 257; x_wconf 81' lang='lat' dir='ltr'>sacerdos</span> 
     </span>
    </p>

    <p class='ocr_par' dir='ltr' id='par_1_3' title="bbox 84 285 1357 425">
     <span class='ocr_line' id='line_1_3' title="bbox 86 285 1357 350; baseline -0.005 -12"><span class='ocrx_word' id='word_1_11' title='bbox 86 296 247 350; x_wconf 90' lang='lat' dir='ltr'><strong>Quum</strong></span> <span class='ocrx_word' id='word_1_12' title='bbox 272 291 399 347; x_wconf 90' lang='lat' dir='ltr'><strong>tulit,</strong></span> <span class='ocrx_word' id='word_1_13' title='bbox 424 300 470 335; x_wconf 88' lang='lat' dir='ltr'><strong>et</strong></span> <span class='ocrx_word' id='word_1_14' title='bbox 493 304 719 334; x_wconf 80' lang='lat' dir='ltr'><strong>caesarum</strong></span> <span class='ocrx_word' id='word_1_15' title='bbox 746 287 907 333; x_wconf 90' lang='lat' dir='ltr'><strong>ovium</strong></span> <span class='ocrx_word' id='word_1_16' title='bbox 929 286 1018 333; x_wconf 91' lang='lat' dir='ltr'><strong>sub</strong></span> <span class='ocrx_word' id='word_1_17' title='bbox 1040 297 1177 333; x_wconf 91' lang='lat' dir='ltr'><strong>nocte</strong></span> <span class='ocrx_word' id='word_1_18' title='bbox 1201 285 1357 332; x_wconf 85' lang='lat' dir='ltr'><strong>silenti</strong></span> 
     </span>
     <span class='ocr_line' id='line_1_4' title="bbox 84 361 1265 425; baseline -0.002 -14"><span class='ocrx_word' id='word_1_19' title='bbox 84 366 289 413; x_wconf 83' lang='lat' dir='ltr'><strong>Pellibus</strong></span> <span class='ocrx_word' id='word_1_20' title='bbox 313 363 529 411; x_wconf 90' lang='lat' dir='ltr'><strong>incubuit</strong></span> <span class='ocrx_word' id='word_1_21' title='bbox 552 363 732 421; x_wconf 90' lang='lat' dir='ltr'><strong>stratis,</strong></span> <span class='ocrx_word' id='word_1_22' title='bbox 759 377 1042 424; x_wconf 85' lang='lat' dir='ltr'>somnosque</span> <span class='ocrx_word' id='word_1_23' title='bbox 1064 361 1232 425; x_wconf 84' lang='lat' dir='ltr'><strong>petivit</strong></span> <span class='ocrx_word' id='word_1_24' title='bbox 1252 381 1265 421; x_wconf 93' lang='lat'>;</span> 
     </span>
    </p>

    <p class='ocr_par' dir='ltr' id='par_1_4' title="bbox 82 435 1284 491">
     <span class='ocr_line' id='line_1_5' title="bbox 82 435 1284 491; baseline -0.005 -5"><span class='ocrx_word' id='word_1_25' title='bbox 82 440 237 486; x_wconf 90' lang='lat' dir='ltr'><strong>Multa</strong></span> <span class='ocrx_word' id='word_1_26' title='bbox 261 437 412 485; x_wconf 86' lang='lat' dir='ltr'><strong>modis</strong></span> <span class='ocrx_word' id='word_1_27' title='bbox 436 437 687 484; x_wconf 86' lang='lat' dir='ltr'><strong>simulacra</strong></span> <span class='ocrx_word' id='word_1_28' title='bbox 710 436 840 482; x_wconf 89' lang='lat' dir='ltr'><strong>videt</strong></span> <span class='ocrx_word' id='word_1_29' title='bbox 860 436 1107 482; x_wconf 79' lang='lat' dir='ltr'><strong>volitantia</strong></span> <span class='ocrx_word' id='word_1_30' title='bbox 1127 435 1284 491; x_wconf 89' lang='lat' dir='ltr'><strong>miris,</strong></span> 
     </span>
    </p>

    <p class='ocr_par' dir='ltr' id='par_1_5' title="bbox 82 509 1584 649">
     <span class='ocr_line' id='line_1_6' title="bbox 82 509 1584 573; baseline -0.004 -13"><span class='ocrx_word' id='word_1_31' title='bbox 82 517 142 560; x_wconf 88' lang='lat' dir='ltr'><strong>Et</strong></span> <span class='ocrx_word' id='word_1_32' title='bbox 165 514 318 560; x_wconf 87' lang='lat' dir='ltr'><strong>varias</strong></span> <span class='ocrx_word' id='word_1_33' title='bbox 338 512 472 560; x_wconf 90' lang='lat' dir='ltr'><strong>audit</strong></span> <span class='ocrx_word' id='word_1_34' title='bbox 493 530 656 570; x_wconf 82' lang='lat' dir='ltr'><strong>voces,</strong></span> <span class='ocrx_word' id='word_1_35' title='bbox 682 512 951 573; x_wconf 80' lang='lat' dir='ltr'><strong>fruiturque</strong></span> <span class='ocrx_word' id='word_1_36' title='bbox 973 509 1172 556; x_wconf 86' lang='lat' dir='ltr'><strong>deorum</strong></span> <span class='ocrx_word' id='word_1_37' title='bbox 1545 528 1584 559; x_wconf 84' lang='lat'><strong>90</strong></span> 
     </span>
     <span class='ocr_line' id='line_1_7' title="bbox 83 583 1413 649; baseline -0.003 -15"><span class='ocrx_word' id='word_1_38' title='bbox 83 587 375 649; x_wconf 89' lang='lat' dir='ltr'><strong>Conloquio,</strong></span> <span class='ocrx_word' id='word_1_39' title='bbox 395 599 536 649; x_wconf 81' lang='lat' dir='ltr'><strong>atque</strong></span> <span class='ocrx_word' id='word_1_40' title='bbox 561 588 665 633; x_wconf 89' lang='lat' dir='ltr'><strong>imis</strong></span> <span class='ocrx_word' id='word_1_41' title='bbox 691 586 962 632; x_wconf 85' lang='lat' dir='ltr'><strong>Acheronta</strong></span> <span class='ocrx_word' id='word_1_42' title='bbox 986 585 1175 631; x_wconf 83' lang='lat' dir='ltr'><strong>adfatur</strong></span> <span class='ocrx_word' id='word_1_43' title='bbox 1198 583 1413 632; x_wconf 87' lang='lat' dir='ltr'><strong>Avernis.</strong></span> 
     </span>
    </p>

    <p class='ocr_par' dir='ltr' id='par_1_6' title="bbox 81 662 1308 727">
     <span class='ocr_line' id='line_1_8' title="bbox 81 662 1308 727; baseline 0 -19"><span class='ocrx_word' id='word_1_44' title='bbox 81 663 173 709; x_wconf 88' lang='lat' dir='ltr'><strong>Hic</strong></span> <span class='ocrx_word' id='word_1_45' title='bbox 197 673 242 709; x_wconf 91' lang='lat' dir='ltr'><strong>et</strong></span> <span class='ocrx_word' id='word_1_46' title='bbox 266 674 364 709; x_wconf 92' lang='lat' dir='ltr'><strong>tum</strong></span> <span class='ocrx_word' id='word_1_47' title='bbox 388 676 525 727; x_wconf 89' lang='lat' dir='ltr'><strong>pater</strong></span> <span class='ocrx_word' id='word_1_48' title='bbox 549 664 649 725; x_wconf 86' lang='lat' dir='ltr'><strong>ipse</strong></span> <span class='ocrx_word' id='word_1_49' title='bbox 674 674 837 725; x_wconf 88' lang='lat' dir='ltr'><strong>petens</strong></span> <span class='ocrx_word' id='word_1_50' title='bbox 862 677 1087 724; x_wconf 87' lang='lat' dir='ltr'><strong>responsa</strong></span> <span class='ocrx_word' id='word_1_51' title='bbox 1111 662 1308 709; x_wconf 90' lang='lat' dir='ltr'><strong>Latinus</strong></span> 
     </span>
    </p>

    <p class='ocr_par' dir='ltr' id='par_1_7' title="bbox 82 737 1157 801">
     <span class='ocr_line' id='line_1_9' title="bbox 82 737 1157 801; baseline -0.001 -16"><span class='ocrx_word' id='word_1_52' title='bbox 82 741 283 785; x_wconf 89' lang='lat' dir='ltr'><strong>Centum</strong></span> <span class='ocrx_word' id='word_1_53' title='bbox 308 740 537 801; x_wconf 79' lang='lat' dir='ltr'><strong>lanigeras</strong></span> <span class='ocrx_word' id='word_1_54' title='bbox 559 739 795 785; x_wconf 87' lang='lat' dir='ltr'><strong>mactabat</strong></span> <span class='ocrx_word' id='word_1_55' title='bbox 818 739 907 783; x_wconf 86' lang='lat' dir='ltr'><strong>rite</strong></span> <span class='ocrx_word' id='word_1_56' title='bbox 930 737 1157 795; x_wconf 86' lang='lat' dir='ltr'><strong>bidentis,</strong></span> 
     </span>
    </p>

    <p class='ocr_par' dir='ltr' id='par_1_8' title="bbox 83 811 1588 1026">
     <span class='ocr_line' id='line_1_10' title="bbox 83 811 1287 876; baseline -0.002 -16"><span class='ocrx_word' id='word_1_57' title='bbox 83 817 240 876; x_wconf 87' lang='lat' dir='ltr'><strong>Atque</strong></span> <span class='ocrx_word' id='word_1_58' title='bbox 261 814 431 860; x_wconf 88' lang='lat' dir='ltr'><strong>harum</strong></span> <span class='ocrx_word' id='word_1_59' title='bbox 455 815 647 861; x_wconf 82' lang='lat' dir='ltr'><strong>effultus</strong></span> <span class='ocrx_word' id='word_1_60' title='bbox 673 826 806 876; x_wconf 81' lang='lat' dir='ltr'><strong>tergo</strong></span> <span class='ocrx_word' id='word_1_61' title='bbox 831 813 1083 873; x_wconf 88' lang='lat' dir='ltr'><strong>stratisque</strong></span> <span class='ocrx_word' id='word_1_62' title='bbox 1098 811 1287 875; x_wconf 85' lang='lat' dir='ltr'><strong>jacebat</strong></span> 
     </span>
     <span class='ocr_line' id='line_1_11' title="bbox 84 887 1588 936; baseline -0.003 -1"><span class='ocrx_word' id='word_1_63' title='bbox 84 889 364 936; x_wconf 83' lang='lat' dir='ltr'><strong>Velleribus.</strong></span> <span class='ocrx_word' id='word_1_64' title='bbox 393 889 562 936; x_wconf 89' lang='lat' dir='ltr'><strong>Subita</strong></span> <span class='ocrx_word' id='word_1_65' title='bbox 587 906 645 934; x_wconf 81' lang='lat' dir='ltr'><strong>ex</strong></span> <span class='ocrx_word' id='word_1_66' title='bbox 671 890 765 934; x_wconf 90' lang='lat' dir='ltr'><strong>alto</strong></span> <span class='ocrx_word' id='word_1_67' title='bbox 785 902 881 933; x_wconf 78' lang='lat' dir='ltr'><strong>vox</strong></span> <span class='ocrx_word' id='word_1_68' title='bbox 908 887 1094 932; x_wconf 89' lang='lat' dir='ltr'><strong>reddita</strong></span> <span class='ocrx_word' id='word_1_69' title='bbox 1115 888 1223 932; x_wconf 89' lang='lat' dir='ltr'><strong>luco</strong></span> <span class='ocrx_word' id='word_1_70' title='bbox 1244 895 1313 932; x_wconf 91' lang='lat' dir='ltr'><strong>est</strong></span> <span class='ocrx_word' id='word_1_71' title='bbox 1335 901 1346 929; x_wconf 74' lang='lat' dir='ltr'><strong>t</strong></span> <span class='ocrx_word' id='word_1_72' title='bbox 1547 895 1588 936; x_wconf 86' lang='lat'><strong>9⁵</strong></span> 
     </span>
     <span class='ocr_line' id='line_1_12' title="bbox 87 961 1226 1026; baseline -0.004 -15"><span class='ocrx_word' id='word_1_73' title='bbox 87 986 105 1006; x_wconf 88' lang='lat'>«</span> <span class='ocrx_word' id='word_1_74' title='bbox 130 968 203 1011; x_wconf 87' lang='lat' dir='ltr'><strong>Ne</strong></span> <span class='ocrx_word' id='word_1_75' title='bbox 228 977 336 1026; x_wconf 90' lang='lat' dir='ltr'><strong>pete</strong></span> <span class='ocrx_word' id='word_1_76' title='bbox 360 963 610 1010; x_wconf 91' lang='lat' dir='ltr'><strong>connubiis</strong></span> <span class='ocrx_word' id='word_1_77' title='bbox 634 974 791 1008; x_wconf 87' lang='lat' dir='ltr'><strong>natam</strong></span> <span class='ocrx_word' id='word_1_78' title='bbox 816 962 998 1008; x_wconf 86' lang='lat' dir='ltr'><strong>sociare</strong></span> <span class='ocrx_word' id='word_1_79' title='bbox 1022 961 1226 1019; x_wconf 89' lang='lat' dir='ltr'><strong>Latinis,</strong></span> 
     </span>
    </p>

    <p class='ocr_par' dir='ltr' id='par_1_9' title="bbox 86 1036 1292 1100">
     <span class='ocr_line' id='line_1_13' title="bbox 86 1036 1292 1100; baseline -0.003 -14"><span class='ocrx_word' id='word_1_80' title='bbox 86 1042 129 1086; x_wconf 90' lang='lat' dir='ltr'>O</span> <span class='ocrx_word' id='word_1_81' title='bbox 148 1055 251 1084; x_wconf 89' lang='lat' dir='ltr'><strong>mea</strong></span> <span class='ocrx_word' id='word_1_82' title='bbox 271 1038 545 1100; x_wconf 80' lang='lat' dir='ltr'><strong>progenies,</strong></span> <span class='ocrx_word' id='word_1_83' title='bbox 573 1037 786 1082; x_wconf 85' lang='lat' dir='ltr'><strong>thalamis</strong></span> <span class='ocrx_word' id='word_1_84' title='bbox 811 1053 905 1081; x_wconf 89' lang='lat' dir='ltr'><strong>neu</strong></span> <span class='ocrx_word' id='word_1_85' title='bbox 929 1036 1068 1082; x_wconf 90' lang='lat' dir='ltr'><strong>crede</strong></span> <span class='ocrx_word' id='word_1_86' title='bbox 1094 1036 1292 1099; x_wconf 81' lang='lat' dir='ltr'><strong>parati53</strong></span> 
     </span>
    </p>

    <p class='ocr_par' dir='ltr' id='par_1_10' title="bbox 84 1109 1296 1172">
     <span class='ocr_line' id='line_1_14' title="bbox 84 1109 1296 1172; baseline -0.003 -13"><span class='ocrx_word' id='word_1_87' title='bbox 84 1113 282 1159; x_wconf 81' lang='lat' dir='ltr'><strong>Externi</strong></span> <span class='ocrx_word' id='word_1_88' title='bbox 305 1112 503 1157; x_wconf 68' lang='lat' dir='ltr'><strong>veniunt</strong></span> <span class='ocrx_word' id='word_1_89' title='bbox 522 1111 706 1172; x_wconf 81' lang='lat' dir='ltr'><strong>generi,</strong></span> <span class='ocrx_word' id='word_1_90' title='bbox 732 1111 814 1172; x_wconf 89' lang='lat' dir='ltr'><strong>qui</strong></span> <span class='ocrx_word' id='word_1_91' title='bbox 835 1109 1062 1171; x_wconf 80' lang='lat' dir='ltr'><strong>sanguine</strong></span> <span class='ocrx_word' id='word_1_92' title='bbox 1081 1122 1296 1156; x_wconf 89' lang='lat' dir='ltr'><strong>nostrum</strong></span> 
     </span>
    </p>

    <p class='ocr_par' dir='ltr' id='par_1_11' title="bbox 85 1184 1491 1247">
     <span class='ocr_line' id='line_1_15' title="bbox 85 1184 1491 1247; baseline -0.003 -14"><span class='ocrx_word' id='word_1_93' title='bbox 85 1189 270 1233; x_wconf 89' lang='lat' dir='ltr'><strong>Nomen</strong></span> <span class='ocrx_word' id='word_1_94' title='bbox 294 1186 343 1232; x_wconf 92' lang='lat' dir='ltr'><strong>in</strong></span> <span class='ocrx_word' id='word_1_95' title='bbox 367 1197 492 1231; x_wconf 90' lang='lat' dir='ltr'><strong>astra</strong></span> <span class='ocrx_word' id='word_1_96' title='bbox 513 1186 688 1242; x_wconf 88' lang='lat' dir='ltr'><strong>ferant,</strong></span> <span class='ocrx_word' id='word_1_97' title='bbox 714 1200 1013 1246; x_wconf 76' lang='lat' dir='ltr'><strong>quortunque</strong></span> <span class='ocrx_word' id='word_1_98' title='bbox 1039 1184 1098 1231; x_wconf 82' lang='lat' dir='ltr'><strong>ab</strong></span> <span class='ocrx_word' id='word_1_99' title='bbox 1124 1185 1272 1246; x_wconf 90' lang='lat' dir='ltr'><strong>stirpe</strong></span> <span class='ocrx_word' id='word_1_100' title='bbox 1296 1194 1491 1247; x_wconf 86' lang='lat' dir='ltr'><strong>nepotes</strong></span> 
     </span>
    </p>
   </div>
   <div class='ocr_carea' id='block_1_3' title="bbox 82 1339 807 2838">
    <p class='ocr_par' dir='ltr' id='par_1_12' title="bbox 82 1339 807 2838">
     <span class='ocr_line' id='line_1_16' title="bbox 87 1339 806 1396; baseline 0.001 -17"><span class='ocrx_word' id='word_1_101' title='bbox 87 1343 325 1380; x_wconf 81' lang='lat' dir='ltr'><strong>intulerunt.</strong></span> <span class='ocrx_word' id='word_1_102' title='bbox 349 1342 566 1387; x_wconf 79' lang='lat' dir='ltr'><strong>Incubare,</strong></span> <span class='ocrx_word' id='word_1_103' title='bbox 597 1339 806 1396; x_wconf 69' lang='grc' dir='ltr'>ἐγκοιμᾶσ-</span> 
     </span>
     <span class='ocr_line' id='line_1_17' title="bbox 87 1399 807 1450; baseline -0.001 -13"><span class='ocrx_word' id='word_1_104' title='bbox 87 1401 172 1446; x_wconf 74' lang='grc' dir='ltr'><strong>θαι,</strong></span> <span class='ocrx_word' id='word_1_105' title='bbox 204 1413 322 1437; x_wconf 84' lang='lat' dir='ltr'><strong>voces</strong></span> <span class='ocrx_word' id='word_1_106' title='bbox 351 1401 524 1450; x_wconf 82' lang='lat' dir='ltr'><strong>propriae</strong></span> <span class='ocrx_word' id='word_1_107' title='bbox 549 1399 598 1436; x_wconf 92' lang='lat' dir='ltr'><strong>de</strong></span> <span class='ocrx_word' id='word_1_108' title='bbox 624 1402 697 1447; x_wconf 86' lang='lat' dir='ltr'><strong>iis,</strong></span> <span class='ocrx_word' id='word_1_109' title='bbox 737 1401 807 1450; x_wconf 88' lang='lat' dir='ltr'><strong>qui</strong></span> 
     </span>
     <span class='ocr_line' id='line_1_18' title="bbox 87 1457 806 1508; baseline 0 -13"><span class='ocrx_word' id='word_1_110' title='bbox 87 1458 294 1496; x_wconf 87' lang='lat' dir='ltr'><strong>dormiunt</strong></span> <span class='ocrx_word' id='word_1_111' title='bbox 320 1457 368 1494; x_wconf 85' lang='lat' dir='ltr'><strong>ad</strong></span> <span class='ocrx_word' id='word_1_112' title='bbox 391 1457 620 1507; x_wconf 84' lang='lat' dir='ltr'><strong>accipienda</strong></span> <span class='ocrx_word' id='word_1_113' title='bbox 643 1471 806 1508; x_wconf 87' lang='lat' dir='ltr'><strong>respon-</strong></span> 
     </span>
     <span class='ocr_line' id='line_1_19' title="bbox 86 1514 804 1562; baseline 0 -9"><span class='ocrx_word' id='word_1_114' title='bbox 86 1529 127 1553; x_wconf 88' lang='lat' dir='ltr'><strong>sa</strong></span> <span class='ocrx_word' id='word_1_115' title='bbox 141 1544 152 1562; x_wconf 93' lang='lat'><strong>,</strong></span> <span class='ocrx_word' id='word_1_116' title='bbox 188 1523 234 1552; x_wconf 89' lang='lat' dir='ltr'><strong>ut</strong></span> <span class='ocrx_word' id='word_1_117' title='bbox 254 1517 364 1553; x_wconf 82' lang='lat' dir='ltr'><strong>Serv.</strong></span> <span class='ocrx_word' id='word_1_118' title='bbox 389 1515 440 1552; x_wconf 87' lang='lat' dir='ltr'><strong>ad</strong></span> <span class='ocrx_word' id='word_1_119' title='bbox 456 1514 564 1551; x_wconf 84' lang='lat' dir='ltr'><strong>hunc</strong></span> <span class='ocrx_word' id='word_1_120' title='bbox 581 1515 715 1552; x_wconf 90' lang='lat' dir='ltr'><strong>locum</strong></span> <span class='ocrx_word' id='word_1_121' title='bbox 736 1529 804 1553; x_wconf 91' lang='lat' dir='ltr'><strong>no-</strong></span> 
     </span>
     <span class='ocr_line' id='line_1_20' title="bbox 85 1572 802 1611; baseline 0.001 -1"><span class='ocrx_word' id='word_1_122' title='bbox 85 1581 155 1610; x_wconf 82' lang='lat' dir='ltr'><strong>tat.</strong></span> <span class='ocrx_word' id='word_1_123' title='bbox 181 1572 288 1611; x_wconf 86' lang='lat' dir='ltr'><strong>conf.</strong></span> <span class='ocrx_word' id='word_1_124' title='bbox 310 1574 443 1610; x_wconf 73' lang='lat' dir='ltr'><strong>Daris.</strong></span> <span class='ocrx_word' id='word_1_125' title='bbox 467 1572 517 1609; x_wconf 91' lang='lat' dir='ltr'><strong>ad</strong></span> <span class='ocrx_word' id='word_1_126' title='bbox 536 1573 618 1611; x_wconf 85' lang='lat' dir='ltr'><strong>Cie&#39;.</strong></span> <span class='ocrx_word' id='word_1_127' title='bbox 643 1573 692 1610; x_wconf 90' lang='lat' dir='ltr'><strong>de</strong></span> <span class='ocrx_word' id='word_1_128' title='bbox 709 1575 802 1611; x_wconf 84' lang='lat' dir='ltr'><strong>Div.</strong></span> 
     </span>
     <span class='ocr_line' id='line_1_21' title="bbox 85 1630 804 1678; baseline -0.001 -11"><span class='ocrx_word' id='word_1_129' title='bbox 85 1632 129 1677; x_wconf 93' lang='lat'><strong>1,</strong></span> <span class='ocrx_word' id='word_1_130' title='bbox 161 1631 214 1676; x_wconf 78' lang='grc'><strong>43</strong></span> <span class='ocrx_word' id='word_1_131' title='bbox 231 1659 242 1678; x_wconf 86' lang='grc'><em>,</em></span> <span class='ocrx_word' id='word_1_132' title='bbox 267 1639 306 1668; x_wconf 87' lang='lat' dir='ltr'><strong>et</strong></span> <span class='ocrx_word' id='word_1_133' title='bbox 331 1630 457 1669; x_wconf 89' lang='lat' dir='ltr'><strong>Cerda</strong></span> <span class='ocrx_word' id='word_1_134' title='bbox 484 1630 524 1669; x_wconf 91' lang='lat' dir='ltr'><strong>h.</strong></span> <span class='ocrx_word' id='word_1_135' title='bbox 546 1631 573 1669; x_wconf 93' lang='grc'><strong>1.</strong></span> <span class='ocrx_word' id='word_1_136' title='bbox 607 1630 804 1668; x_wconf 83' lang='lat' dir='ltr'><strong>OEnotrz&#39;a</strong></span> 
     </span>
     <span class='ocr_line' id='line_1_22' title="bbox 85 1688 803 1735; baseline -0.001 -10"><span class='ocrx_word' id='word_1_137' title='bbox 85 1688 223 1735; x_wconf 82' lang='lat' dir='ltr'><strong>tellus,</strong></span> <span class='ocrx_word' id='word_1_138' title='bbox 246 1688 386 1726; x_wconf 87' lang='lat' dir='ltr'><strong>latiore</strong></span> <span class='ocrx_word' id='word_1_139' title='bbox 406 1701 537 1725; x_wconf 83' lang='lat' dir='ltr'><strong>sensu.</strong></span> <span class='ocrx_word' id='word_1_140' title='bbox 555 1710 614 1716; x_wconf 69' lang='lat'><strong>——</strong></span> <span class='ocrx_word' id='word_1_141' title='bbox 633 1690 700 1725; x_wconf 91' lang='lat'><strong>86.</strong></span> <span class='ocrx_word' id='word_1_142' title='bbox 723 1691 803 1725; x_wconf 82' lang='lat' dir='ltr'><strong>Do-</strong></span> 
     </span>
     <span class='ocr_line' id='line_1_23' title="bbox 86 1744 805 1792; baseline 0 -10"><span class='ocrx_word' id='word_1_143' title='bbox 86 1759 164 1792; x_wconf 83' lang='lat' dir='ltr'><strong>na,</strong></span> <span class='ocrx_word' id='word_1_144' title='bbox 195 1747 399 1783; x_wconf 87' lang='lat' dir='ltr'><strong>victimam</strong></span> <span class='ocrx_word' id='word_1_145' title='bbox 413 1774 423 1791; x_wconf 92' lang='lat'>‚</span> <span class='ocrx_word' id='word_1_146' title='bbox 460 1744 698 1782; x_wconf 80' lang='lat' dir='ltr'><strong>sacrificium</strong></span> <span class='ocrx_word' id='word_1_147' title='bbox 712 1774 723 1790; x_wconf 94' lang='lat'><strong>,</strong></span> <span class='ocrx_word' id='word_1_148' title='bbox 758 1754 805 1782; x_wconf 86' lang='lat' dir='ltr'><strong>ut</strong></span> 
     </span>
     <span class='ocr_line' id='line_1_24' title="bbox 86 1803 804 1850; baseline 0 -10"><span class='ocrx_word' id='word_1_149' title='bbox 86 1805 200 1840; x_wconf 73' lang='lat' dir='ltr'><strong>toties</strong></span> <span class='ocrx_word' id='word_1_150' title='bbox 215 1804 390 1841; x_wconf 78' lang='lat' dir='ltr'><strong>alibi.—-</strong></span> <span class='ocrx_word' id='word_1_151' title='bbox 403 1804 469 1850; x_wconf 86' lang='lat'><strong>87.</strong></span> <span class='ocrx_word' id='word_1_152' title='bbox 493 1803 669 1840; x_wconf 75' lang='lat' dir='ltr'><strong>Contulit</strong></span> <span class='ocrx_word' id='word_1_153' title='bbox 685 1803 804 1840; x_wconf 87' lang='lat' dir='ltr'><strong>multi</strong></span> 
     </span>
     <span class='ocr_line' id='line_1_25' title="bbox 85 1859 796 1910; baseline -0.003 -12"><span class='ocrx_word' id='word_1_154' title='bbox 85 1862 223 1910; x_wconf 86' lang='lat' dir='ltr'><strong>scripti</strong></span> <span class='ocrx_word' id='word_1_155' title='bbox 242 1870 281 1898; x_wconf 86' lang='lat' dir='ltr'><strong>et</strong></span> <span class='ocrx_word' id='word_1_156' title='bbox 302 1861 392 1898; x_wconf 89' lang='lat' dir='ltr'><strong>edd.</strong></span> <span class='ocrx_word' id='word_1_157' title='bbox 419 1861 549 1898; x_wconf 87' lang='lat' dir='ltr'><strong>Ceteri</strong></span> <span class='ocrx_word' id='word_1_158' title='bbox 571 1873 660 1896; x_wconf 84' lang='lat' dir='ltr'><strong>cum</strong></span> <span class='ocrx_word' id='word_1_159' title='bbox 684 1859 796 1905; x_wconf 74' lang='lat' dir='ltr'><strong>tulit,</strong></span> 
     </span>
     <span class='ocr_line' id='line_1_26' title="bbox 85 1916 799 1969; baseline -0.004 -13"><span class='ocrx_word' id='word_1_160' title='bbox 85 1918 194 1969; x_wconf 87' lang='lat' dir='ltr'><strong>quod</strong></span> <span class='ocrx_word' id='word_1_161' title='bbox 208 1919 287 1966; x_wconf 86' lang='lat' dir='ltr'><strong>jam</strong></span> <span class='ocrx_word' id='word_1_162' title='bbox 303 1917 540 1955; x_wconf 85' lang='lat' dir='ltr'><strong>Benedictus</strong></span> <span class='ocrx_word' id='word_1_163' title='bbox 560 1916 799 1964; x_wconf 79' lang='lat' dir='ltr'><strong>emendavit,</strong></span> 
     </span>
     <span class='ocr_line' id='line_1_27' title="bbox 84 1975 800 2025; baseline -0.004 -12"><span class='ocrx_word' id='word_1_164' title='bbox 84 1985 123 2013; x_wconf 91' lang='lat' dir='ltr'><strong>et</strong></span> <span class='ocrx_word' id='word_1_165' title='bbox 140 1984 231 2013; x_wconf 87' lang='lat' dir='ltr'><strong>ante</strong></span> <span class='ocrx_word' id='word_1_166' title='bbox 249 1988 341 2012; x_wconf 88' lang='lat' dir='ltr'><strong>eum</strong></span> <span class='ocrx_word' id='word_1_167' title='bbox 357 1975 593 2025; x_wconf 82' lang='lat' dir='ltr'><strong>Naugerius.</strong></span> <span class='ocrx_word' id='word_1_168' title='bbox 610 1976 728 2011; x_wconf 86' lang='lat' dir='ltr'><strong>Voss.</strong></span> <span class='ocrx_word' id='word_1_169' title='bbox 742 1982 800 2010; x_wconf 81' lang='lat' dir='ltr'><strong>ac-</strong></span> 
     </span>
     <span class='ocr_line' id='line_1_28' title="bbox 82 2030 802 2080; baseline -0.003 -10"><span class='ocrx_word' id='word_1_170' title='bbox 82 2030 186 2071; x_wconf 59' lang='lat' dir='ltr'><strong>tulit.</strong></span> <span class='ocrx_word' id='word_1_171' title='bbox 200 2034 337 2070; x_wconf 81' lang='lat' dir='ltr'><strong>Heius.</strong></span> <span class='ocrx_word' id='word_1_172' title='bbox 351 2032 400 2079; x_wconf 90' lang='lat' dir='ltr'><strong>cj.</strong></span> <span class='ocrx_word' id='word_1_173' title='bbox 415 2041 458 2068; x_wconf 82' lang='lat' dir='ltr'><strong>uc</strong></span> <span class='ocrx_word' id='word_1_174' title='bbox 473 2031 802 2080; x_wconf 80' lang='lat' dir='ltr'><strong>culit.—89.Pal-</strong></span> 
     </span>
     <span class='ocr_line' id='line_1_29' title="bbox 85 2090 801 2140; baseline -0.003 -12"><span class='ocrx_word' id='word_1_175' title='bbox 85 2090 215 2128; x_wconf 80' lang='lat' dir='ltr'><strong>leucia</strong></span> <span class='ocrx_word' id='word_1_176' title='bbox 239 2104 291 2128; x_wconf 90' lang='lat' dir='ltr'><strong>m.</strong></span> <span class='ocrx_word' id='word_1_177' title='bbox 318 2102 395 2127; x_wconf 88' lang='lat' dir='ltr'><strong>sec.</strong></span> <span class='ocrx_word' id='word_1_178' title='bbox 416 2091 562 2127; x_wconf 83' lang='lat' dir='ltr'><strong>Moret.</strong></span> <span class='ocrx_word' id='word_1_179' title='bbox 589 2090 801 2140; x_wconf 84' lang='lat' dir='ltr'><strong>repetitum</strong></span> 
     </span>
     <span class='ocr_line' id='line_1_30' title="bbox 84 2147 795 2196; baseline -0.003 -10"><span class='ocrx_word' id='word_1_180' title='bbox 84 2162 135 2186; x_wconf 84' lang='lat' dir='ltr'><strong>ex</strong></span> <span class='ocrx_word' id='word_1_181' title='bbox 152 2149 224 2186; x_wconf 90' lang='lat' dir='ltr'><strong>Ge.</strong></span> <span class='ocrx_word' id='word_1_182' title='bbox 240 2150 271 2194; x_wconf 86' lang='grc' dir='ltr'><strong>Ι,</strong></span> <span class='ocrx_word' id='word_1_183' title='bbox 295 2154 480 2196; x_wconf 79' lang='lat'><strong>477.-9</strong></span> <span class='ocrx_word' id='word_1_184' title='bbox 492 2160 524 2184; x_wconf 92' lang='lat'><strong>1.</strong></span> <span class='ocrx_word' id='word_1_185' title='bbox 542 2147 795 2193; x_wconf 80' lang='lat' dir='ltr'><strong>Acheronta,</strong></span> 
     </span>
     <span class='ocr_line' id='line_1_31' title="bbox 85 2206 802 2244; baseline 0.001 -2"><span class='ocrx_word' id='word_1_186' title='bbox 85 2206 178 2244; x_wconf 90' lang='lat' dir='ltr'><strong>deos</strong></span> <span class='ocrx_word' id='word_1_187' title='bbox 210 2207 359 2244; x_wconf 75' lang='lat' dir='ltr'><strong>inferos</strong></span> <span class='ocrx_word' id='word_1_188' title='bbox 392 2215 430 2242; x_wconf 88' lang='lat' dir='ltr'><strong>et</strong></span> <span class='ocrx_word' id='word_1_189' title='bbox 459 2207 611 2243; x_wconf 83' lang='lat' dir='ltr'><strong>Manes.</strong></span> <span class='ocrx_word' id='word_1_190' title='bbox 649 2207 802 2243; x_wconf 79' lang='lat' dir='ltr'><strong>Notata</strong></span> 
     </span>
     <span class='ocr_line' id='line_1_32' title="bbox 85 2262 800 2315; baseline 0 -14"><span class='ocrx_word' id='word_1_191' title='bbox 85 2264 250 2315; x_wconf 87' lang='lat' dir='ltr'><strong>dignum</strong></span> <span class='ocrx_word' id='word_1_192' title='bbox 280 2265 322 2300; x_wconf 88' lang='lat' dir='ltr'><strong>in</strong></span> <span class='ocrx_word' id='word_1_193' title='bbox 352 2262 434 2301; x_wconf 89' lang='lat' dir='ltr'><strong>hoc</strong></span> <span class='ocrx_word' id='word_1_194' title='bbox 464 2265 591 2301; x_wconf 86' lang='lat' dir='ltr'><strong>Fauni</strong></span> <span class='ocrx_word' id='word_1_195' title='bbox 613 2264 800 2310; x_wconf 91' lang='lat' dir='ltr'><strong>oraculo,</strong></span> 
     </span>
     <span class='ocr_line' id='line_1_33' title="bbox 83 2320 801 2373; baseline -0.001 -13"><span class='ocrx_word' id='word_1_196' title='bbox 83 2323 214 2373; x_wconf 87' lang='lat' dir='ltr'><strong>primo</strong></span> <span class='ocrx_word' id='word_1_197' title='bbox 235 2320 344 2373; x_wconf 91' lang='lat' dir='ltr'><strong>quod</strong></span> <span class='ocrx_word' id='word_1_198' title='bbox 371 2330 410 2359; x_wconf 89' lang='lat' dir='ltr'><strong>et</strong></span> <span class='ocrx_word' id='word_1_199' title='bbox 435 2323 518 2372; x_wconf 85' lang='lat' dir='ltr'><strong>ipse</strong></span> <span class='ocrx_word' id='word_1_200' title='bbox 544 2320 726 2358; x_wconf 87' lang='lat' dir='ltr'><strong>sacerdos</strong></span> <span class='ocrx_word' id='word_1_201' title='bbox 744 2323 801 2359; x_wconf 90' lang='lat' dir='ltr'><strong>in-</strong></span> 
     </span>
     <span class='ocr_line' id='line_1_34' title="bbox 84 2379 800 2430; baseline -0.003 -12"><span class='ocrx_word' id='word_1_202' title='bbox 84 2380 250 2427; x_wconf 85' lang='lat' dir='ltr'><strong>cubuit,</strong></span> <span class='ocrx_word' id='word_1_203' title='bbox 286 2388 324 2417; x_wconf 87' lang='lat' dir='ltr'><strong>et</strong></span> <span class='ocrx_word' id='word_1_204' title='bbox 352 2381 408 2426; x_wconf 85' lang='lat' dir='ltr'><strong>is,</strong></span> <span class='ocrx_word' id='word_1_205' title='bbox 445 2381 514 2430; x_wconf 91' lang='lat' dir='ltr'><strong>qui</strong></span> <span class='ocrx_word' id='word_1_206' title='bbox 543 2379 800 2427; x_wconf 83' lang='lat' dir='ltr'><strong>consulebat3</strong></span> 
     </span>
     <span class='ocr_line' id='line_1_35' title="bbox 84 2437 801 2489; baseline 0 -14"><span class='ocrx_word' id='word_1_207' title='bbox 84 2439 117 2475; x_wconf 80' lang='lat' dir='ltr'><strong>si</strong></span> <span class='ocrx_word' id='word_1_208' title='bbox 135 2438 300 2489; x_wconf 89' lang='lat' dir='ltr'><strong>quidem</strong></span> <span class='ocrx_word' id='word_1_209' title='bbox 318 2439 433 2476; x_wconf 84' lang='lat' dir='ltr'><strong>Maro</strong></span> <span class='ocrx_word' id='word_1_210' title='bbox 453 2439 620 2475; x_wconf 90' lang='lat' dir='ltr'><strong>consilio</strong></span> <span class='ocrx_word' id='word_1_211' title='bbox 638 2437 723 2474; x_wconf 83' lang='lat' dir='ltr'><strong>haee</strong></span> <span class='ocrx_word' id='word_1_212' title='bbox 747 2439 801 2476; x_wconf 88' lang='lat' dir='ltr'><strong>ita</strong></span> 
     </span>
     <span class='ocr_line' id='line_1_36' title="bbox 85 2496 794 2546; baseline -0.001 -13"><span class='ocrx_word' id='word_1_213' title='bbox 85 2496 228 2534; x_wconf 86' lang='lat' dir='ltr'><strong>extulit</strong></span> <span class='ocrx_word' id='word_1_214' title='bbox 258 2509 296 2534; x_wconf 81' lang='lat' dir='ltr'><strong>v.</strong></span> <span class='ocrx_word' id='word_1_215' title='bbox 323 2496 376 2532; x_wconf 88' lang='lat'><strong>86</strong></span> <span class='ocrx_word' id='word_1_216' title='bbox 397 2509 478 2546; x_wconf 91' lang='lat' dir='ltr'><strong>seq.</strong></span> <span class='ocrx_word' id='word_1_217' title='bbox 510 2503 548 2532; x_wconf 92' lang='lat' dir='ltr'><strong>et</strong></span> <span class='ocrx_word' id='word_1_218' title='bbox 577 2509 655 2545; x_wconf 80' lang='lat'><strong>923</strong></span> <span class='ocrx_word' id='word_1_219' title='bbox 686 2505 794 2542; x_wconf 88' lang='lat' dir='ltr'><strong>tum,</strong></span> 
     </span>
     <span class='ocr_line' id='line_1_37' title="bbox 84 2553 800 2605; baseline 0 -14"><span class='ocrx_word' id='word_1_220' title='bbox 84 2553 195 2604; x_wconf 87' lang='lat' dir='ltr'><strong>quod</strong></span> <span class='ocrx_word' id='word_1_221' title='bbox 211 2555 502 2604; x_wconf 78' lang='lat' dir='ltr'><strong>necyomantiae</strong></span> <span class='ocrx_word' id='word_1_222' title='bbox 531 2553 700 2605; x_wconf 87' lang='lat' dir='ltr'><strong>aliquam</strong></span> <span class='ocrx_word' id='word_1_223' title='bbox 718 2567 800 2604; x_wconf 88' lang='lat' dir='ltr'><strong>spe-</strong></span> 
     </span>
     <span class='ocr_line' id='line_1_38' title="bbox 87 2611 798 2650; baseline 0.001 -2"><span class='ocrx_word' id='word_1_224' title='bbox 87 2612 187 2648; x_wconf 86' lang='lat' dir='ltr'><strong>ciem</strong></span> <span class='ocrx_word' id='word_1_225' title='bbox 237 2611 340 2649; x_wconf 86' lang='lat' dir='ltr'><strong>illud</strong></span> <span class='ocrx_word' id='word_1_226' title='bbox 388 2611 572 2650; x_wconf 83' lang='lat' dir='ltr'><strong>habuisse</strong></span> <span class='ocrx_word' id='word_1_227' title='bbox 625 2611 798 2650; x_wconf 82' lang='lat' dir='ltr'><strong>videtur.</strong></span> 
     </span>
     <span class='ocr_line' id='line_1_39' title="bbox 87 2668 799 2720; baseline 0.001 -15"><span class='ocrx_word' id='word_1_228' title='bbox 87 2668 210 2718; x_wconf 88' lang='lat' dir='ltr'><strong>Quod</strong></span> <span class='ocrx_word' id='word_1_229' title='bbox 236 2682 332 2707; x_wconf 85' lang='lat' dir='ltr'><strong>vero</strong></span> <span class='ocrx_word' id='word_1_230' title='bbox 361 2683 401 2709; x_wconf 83' lang='lat' dir='ltr'><strong>v.</strong></span> <span class='ocrx_word' id='word_1_231' title='bbox 433 2670 486 2720; x_wconf 85' lang='lat'><strong>95</strong></span> <span class='ocrx_word' id='word_1_232' title='bbox 518 2683 573 2706; x_wconf 68' lang='lat' dir='ltr'><strong>ea·</strong></span> <span class='ocrx_word' id='word_1_233' title='bbox 603 2669 687 2706; x_wconf 83' lang='lat' dir='ltr'><strong>alto</strong></span> <span class='ocrx_word' id='word_1_234' title='bbox 711 2683 799 2706; x_wconf 57' lang='grc' dir='ltr'><strong>νοω</strong></span> 
     </span>
     <span class='ocr_line' id='line_1_40' title="bbox 87 2725 800 2779; baseline 0.007 -18"><span class='ocrx_word' id='word_1_235' title='bbox 87 2725 243 2763; x_wconf 80' lang='lat' dir='ltr'><strong>reddita</strong></span> <span class='ocrx_word' id='word_1_236' title='bbox 261 2727 350 2764; x_wconf 80' lang='lat' dir='ltr'><strong>luco</strong></span> <span class='ocrx_word' id='word_1_237' title='bbox 369 2737 448 2773; x_wconf 84' lang='lat' dir='ltr'><strong>est,</strong></span> <span class='ocrx_word' id='word_1_238' title='bbox 477 2728 624 2765; x_wconf 86' lang='lat' dir='ltr'><strong>Italicis</strong></span> <span class='ocrx_word' id='word_1_239' title='bbox 642 2728 800 2779; x_wconf 74' lang='lat' dir='ltr'><strong>religio-</strong></span> 
     </span>
     <span class='ocr_line' id='line_1_41' title="bbox 85 2780 800 2838; baseline 0.004 -16"><span class='ocrx_word' id='word_1_240' title='bbox 85 2780 208 2822; x_wconf 85' lang='lat' dir='ltr'><strong>nibus</strong></span> <span class='ocrx_word' id='word_1_241' title='bbox 225 2793 533 2825; x_wconf 85' lang='lat' dir='ltr'><strong>consentaneum</strong></span> <span class='ocrx_word' id='word_1_242' title='bbox 552 2794 634 2835; x_wconf 89' lang='lat' dir='ltr'><strong>est,</strong></span> <span class='ocrx_word' id='word_1_243' title='bbox 653 2787 697 2825; x_wconf 88' lang='lat' dir='ltr'><strong>in</strong></span> <span class='ocrx_word' id='word_1_244' title='bbox 713 2787 800 2838; x_wconf 84' lang='lat' dir='ltr'><strong>qui-</strong></span> 
     </span>
    </p>
   </div>
   <div class='ocr_carea' id='block_1_4' title="bbox 866 1339 1596 2838">
    <p class='ocr_par' dir='ltr' id='par_1_13' title="bbox 866 1339 1596 2838">
     <span class='ocr_line' id='line_1_42' title="bbox 872 1339 1593 1379; baseline -0.003 0"><span class='ocrx_word' id='word_1_245' title='bbox 872 1341 948 1379; x_wconf 87' lang='lat' dir='ltr'><strong>bus</strong></span> <span class='ocrx_word' id='word_1_246' title='bbox 976 1354 1095 1378; x_wconf 85' lang='lat' dir='ltr'><strong>voces</strong></span> <span class='ocrx_word' id='word_1_247' title='bbox 1125 1353 1175 1378; x_wconf 83' lang='lat' dir='ltr'><strong>ex</strong></span> <span class='ocrx_word' id='word_1_248' title='bbox 1197 1340 1293 1377; x_wconf 89' lang='lat' dir='ltr'><strong>luco</strong></span> <span class='ocrx_word' id='word_1_249' title='bbox 1328 1339 1472 1376; x_wconf 87' lang='lat' dir='ltr'><strong>auditae</strong></span> <span class='ocrx_word' id='word_1_250' title='bbox 1503 1352 1593 1377; x_wconf 89' lang='lat' dir='ltr'><strong>auc·</strong></span> 
     </span>
     <span class='ocr_line' id='line_1_43' title="bbox 873 1398 1595 1436; baseline -0.001 0"><span class='ocrx_word' id='word_1_251' title='bbox 873 1401 1071 1436; x_wconf 83' lang='lat' dir='ltr'><strong>toritatem</strong></span> <span class='ocrx_word' id='word_1_252' title='bbox 1089 1398 1303 1435; x_wconf 87' lang='lat' dir='ltr'><strong>habebant.</strong></span> <span class='ocrx_word' id='word_1_253' title='bbox 1330 1401 1439 1435; x_wconf 88' lang='lat' dir='ltr'><strong>Inter</strong></span> <span class='ocrx_word' id='word_1_254' title='bbox 1467 1406 1595 1435; x_wconf 88' lang='lat' dir='ltr'><strong>osten·</strong></span> 
     </span>
     <span class='ocr_line' id='line_1_44' title="bbox 872 1456 1595 1507; baseline -0.004 -13"><span class='ocrx_word' id='word_1_255' title='bbox 872 1465 912 1494; x_wconf 88' lang='lat' dir='ltr'><strong>ta</strong></span> <span class='ocrx_word' id='word_1_256' title='bbox 932 1465 969 1493; x_wconf 88' lang='lat' dir='ltr'><strong>et</strong></span> <span class='ocrx_word' id='word_1_257' title='bbox 988 1457 1165 1507; x_wconf 84' lang='lat' dir='ltr'><strong>prodigia</strong></span> <span class='ocrx_word' id='word_1_258' title='bbox 1187 1469 1216 1496; x_wconf 80' lang='lat' dir='ltr'><strong>a,</strong></span> <span class='ocrx_word' id='word_1_259' title='bbox 1226 1456 1340 1493; x_wconf 79' lang='lat' dir='ltr'><strong>Livio</strong></span> <span class='ocrx_word' id='word_1_260' title='bbox 1357 1463 1569 1493; x_wconf 84' lang='lat' dir='ltr'><strong>memorata</strong></span> <span class='ocrx_word' id='word_1_261' title='bbox 1584 1484 1595 1502; x_wconf 84' lang='lat'><strong>,</strong></span> 
     </span>
     <span class='ocr_line' id='line_1_45' title="bbox 872 1512 1595 1560; baseline -0.003 -9"><span class='ocrx_word' id='word_1_262' title='bbox 872 1528 1013 1552; x_wconf 78' lang='lat' dir='ltr'><strong>vocem</strong></span> <span class='ocrx_word' id='word_1_263' title='bbox 1031 1529 1051 1552; x_wconf 88' lang='lat' dir='ltr'><strong>e</strong></span> <span class='ocrx_word' id='word_1_264' title='bbox 1078 1515 1194 1560; x_wconf 92' lang='lat' dir='ltr'><strong>luco,</strong></span> <span class='ocrx_word' id='word_1_265' title='bbox 1230 1513 1295 1551; x_wconf 72' lang='lat' dir='ltr'><strong>vel</strong></span> <span class='ocrx_word' id='word_1_266' title='bbox 1325 1521 1460 1550; x_wconf 88' lang='lat' dir='ltr'><strong>monte</strong></span> <span class='ocrx_word' id='word_1_267' title='bbox 1481 1512 1595 1550; x_wconf 84' lang='lat' dir='ltr'><strong>andi-</strong></span> 
     </span>
     <span class='ocr_line' id='line_1_46' title="bbox 871 1571 1594 1623; baseline 0.001 -17"><span class='ocrx_word' id='word_1_268' title='bbox 871 1580 950 1609; x_wconf 66' lang='lat' dir='ltr'><strong>tam</strong></span> <span class='ocrx_word' id='word_1_269' title='bbox 971 1586 1071 1623; x_wconf 74' lang='lat' dir='ltr'><strong>saepe</strong></span> <span class='ocrx_word' id='word_1_270' title='bbox 1091 1572 1224 1623; x_wconf 61' lang='lat' dir='ltr'><strong>pndi,</strong></span> <span class='ocrx_word' id='word_1_271' title='bbox 1243 1572 1331 1622; x_wconf 89' lang='lat' dir='ltr'><strong>quis</strong></span> <span class='ocrx_word' id='word_1_272' title='bbox 1355 1584 1439 1607; x_wconf 89' lang='lat' dir='ltr'><strong>non</strong></span> <span class='ocrx_word' id='word_1_273' title='bbox 1457 1571 1594 1608; x_wconf 89' lang='lat' dir='ltr'><strong>memi-</strong></span> 
     </span>
     <span class='ocr_line' id='line_1_47' title="bbox 870 1628 1596 1681; baseline -0.003 -13"><span class='ocrx_word' id='word_1_274' title='bbox 870 1632 959 1668; x_wconf 78' lang='lat' dir='ltr'><strong>nit?</strong></span> <span class='ocrx_word' id='word_1_275' title='bbox 975 1633 1068 1668; x_wconf 90' lang='lat' dir='ltr'><strong>Fuit</strong></span> <span class='ocrx_word' id='word_1_276' title='bbox 1082 1643 1243 1681; x_wconf 87' lang='lat' dir='ltr'><strong>quoque</strong></span> <span class='ocrx_word' id='word_1_277' title='bbox 1266 1630 1311 1665; x_wconf 91' lang='lat' dir='ltr'><strong>in</strong></span> <span class='ocrx_word' id='word_1_278' title='bbox 1325 1631 1458 1665; x_wconf 82' lang='lat' dir='ltr'><strong>AEneae</strong></span> <span class='ocrx_word' id='word_1_279' title='bbox 1474 1628 1596 1666; x_wconf 84' lang='lat' dir='ltr'><strong>rebus</strong></span> 
     </span>
     <span class='ocr_line' id='line_1_48' title="bbox 871 1684 1595 1734; baseline 0 -11"><span class='ocrx_word' id='word_1_280' title='bbox 871 1688 1065 1734; x_wconf 77' lang='lat' dir='ltr'><strong>ejusmodi</strong></span> <span class='ocrx_word' id='word_1_281' title='bbox 1095 1689 1294 1723; x_wconf 81' lang='lat' dir='ltr'><strong>monitum</strong></span> <span class='ocrx_word' id='word_1_282' title='bbox 1313 1684 1479 1723; x_wconf 90' lang='lat' dir='ltr'><strong>deorum</strong></span> <span class='ocrx_word' id='word_1_283' title='bbox 1506 1699 1595 1723; x_wconf 82' lang='lat' dir='ltr'><strong>nar-</strong></span> 
     </span>
     <span class='ocr_line' id='line_1_49' title="bbox 870 1744 1592 1794; baseline 0.003 -14"><span class='ocrx_word' id='word_1_284' title='bbox 870 1753 1001 1780; x_wconf 83' lang='lat' dir='ltr'><strong>ratum</strong></span> <span class='ocrx_word' id='word_1_285' title='bbox 1025 1744 1130 1794; x_wconf 87' lang='lat' dir='ltr'><strong>apud</strong></span> <span class='ocrx_word' id='word_1_286' title='bbox 1149 1746 1319 1794; x_wconf 76' lang='lat' dir='ltr'><strong>Dionys.</strong></span> <span class='ocrx_word' id='word_1_287' title='bbox 1345 1745 1387 1789; x_wconf 89' lang='lat' dir='ltr'><strong>I,</strong></span> <span class='ocrx_word' id='word_1_288' title='bbox 1412 1744 1480 1781; x_wconf 87' lang='grc'><strong>56.</strong></span> <span class='ocrx_word' id='word_1_289' title='bbox 1503 1745 1592 1782; x_wconf 89' lang='lat' dir='ltr'><strong>Hoc</strong></span> 
     </span>
     <span class='ocr_line' id='line_1_50' title="bbox 869 1800 1591 1852; baseline 0.001 -15"><span class='ocrx_word' id='word_1_290' title='bbox 869 1809 1001 1838; x_wconf 86' lang='lat' dir='ltr'><strong>tamen</strong></span> <span class='ocrx_word' id='word_1_291' title='bbox 1038 1803 1127 1839; x_wconf 90' lang='lat' dir='ltr'><strong>loco</strong></span> <span class='ocrx_word' id='word_1_292' title='bbox 1172 1802 1334 1852; x_wconf 85' lang='lat' dir='ltr'><strong>proprie</strong></span> <span class='ocrx_word' id='word_1_293' title='bbox 1379 1800 1427 1837; x_wconf 93' lang='lat' dir='ltr'><strong>ad</strong></span> <span class='ocrx_word' id='word_1_294' title='bbox 1463 1802 1591 1838; x_wconf 85' lang='lat' dir='ltr'><strong>Fauni</strong></span> 
     </span>
     <span class='ocr_line' id='line_1_51' title="bbox 867 1857 1590 1908; baseline -0.001 -13"><span class='ocrx_word' id='word_1_295' title='bbox 867 1867 992 1895; x_wconf 86' lang='lat' dir='ltr'><strong>sortes</strong></span> <span class='ocrx_word' id='word_1_296' title='bbox 1027 1867 1200 1908; x_wconf 87' lang='lat' dir='ltr'><strong>spectat,</strong></span> <span class='ocrx_word' id='word_1_297' title='bbox 1241 1871 1330 1908; x_wconf 86' lang='lat' dir='ltr'><strong>quae</strong></span> <span class='ocrx_word' id='word_1_298' title='bbox 1362 1857 1484 1895; x_wconf 91' lang='lat' dir='ltr'><strong>modo</strong></span> <span class='ocrx_word' id='word_1_299' title='bbox 1519 1871 1590 1908; x_wconf 85' lang='lat' dir='ltr'><strong>per</strong></span> 
     </span>
     <span class='ocr_line' id='line_1_52' title="bbox 867 1915 1590 1965; baseline 0 -13"><span class='ocrx_word' id='word_1_300' title='bbox 867 1917 951 1952; x_wconf 82' lang='lat' dir='ltr'><strong>visa</strong></span> <span class='ocrx_word' id='word_1_301' title='bbox 988 1915 1168 1963; x_wconf 82' lang='lat' dir='ltr'><strong>objecta,</strong></span> <span class='ocrx_word' id='word_1_302' title='bbox 1205 1915 1327 1953; x_wconf 91' lang='lat' dir='ltr'><strong>modo</strong></span> <span class='ocrx_word' id='word_1_303' title='bbox 1363 1929 1435 1965; x_wconf 89' lang='lat' dir='ltr'><strong>per</strong></span> <span class='ocrx_word' id='word_1_304' title='bbox 1471 1928 1590 1953; x_wconf 84' lang='lat' dir='ltr'><strong>voces</strong></span> 
     </span>
     <span class='ocr_line' id='line_1_53' title="bbox 868 1973 1465 2022; baseline 0.005 -14"><span class='ocrx_word' id='word_1_305' title='bbox 868 1973 1019 2011; x_wconf 86' lang='lat' dir='ltr'><strong>auditas</strong></span> <span class='ocrx_word' id='word_1_306' title='bbox 1046 1974 1314 2010; x_wconf 81' lang='lat' dir='ltr'><strong>reddebantur</strong></span> <span class='ocrx_word' id='word_1_307' title='bbox 1333 1987 1372 2010; x_wconf 82' lang='lat' dir='ltr'><strong>v.</strong></span> <span class='ocrx_word' id='word_1_308' title='bbox 1396 1986 1465 2022; x_wconf 87' lang='lat'><strong>90.</strong></span> 
     </span>
     <span class='ocr_line' id='line_1_54' title="bbox 928 2030 1591 2080; baseline 0.002 -12"><span class='ocrx_word' id='word_1_309' title='bbox 928 2032 1054 2080; x_wconf 88' lang='lat'><strong>96—</strong></span> <span class='ocrx_word' id='word_1_310' title='bbox 1073 2045 1164 2069; x_wconf 89' lang='lat'>101.</span> <span class='ocrx_word' id='word_1_311' title='bbox 1204 2030 1423 2069; x_wconf 83' lang='lat' dir='ltr'><strong>Oraculum</strong></span> <span class='ocrx_word' id='word_1_312' title='bbox 1466 2031 1591 2069; x_wconf 83' lang='lat' dir='ltr'><strong>multa</strong></span> 
     </span>
     <span class='ocr_line' id='line_1_55' title="bbox 869 2088 1591 2140; baseline 0 -14"><span class='ocrx_word' id='word_1_313' title='bbox 869 2102 961 2126; x_wconf 90' lang='lat' dir='ltr'><strong>cum</strong></span> <span class='ocrx_word' id='word_1_314' title='bbox 978 2090 1191 2126; x_wconf 81' lang='lat' dir='ltr'><strong>verborum</strong></span> <span class='ocrx_word' id='word_1_315' title='bbox 1219 2088 1409 2140; x_wconf 83' lang='lat' dir='ltr'><strong>dignitate</strong></span> <span class='ocrx_word' id='word_1_316' title='bbox 1434 2091 1591 2139; x_wconf 85' lang='lat' dir='ltr'><strong>exposi-</strong></span> 
     </span>
     <span class='ocr_line' id='line_1_56' title="bbox 869 2147 1592 2197; baseline 0.001 -14"><span class='ocrx_word' id='word_1_317' title='bbox 869 2155 954 2183; x_wconf 89' lang='lat' dir='ltr'><strong>tum</strong></span> <span class='ocrx_word' id='word_1_318' title='bbox 984 2155 1061 2193; x_wconf 86' lang='lat' dir='ltr'><strong>est;</strong></span> <span class='ocrx_word' id='word_1_319' title='bbox 1084 2147 1266 2197; x_wconf 86' lang='lat' dir='ltr'><strong>inprimis</strong></span> <span class='ocrx_word' id='word_1_320' title='bbox 1303 2159 1451 2184; x_wconf 89' lang='lat' dir='ltr'><strong>nomen</strong></span> <span class='ocrx_word' id='word_1_321' title='bbox 1489 2149 1592 2184; x_wconf 85' lang='lat' dir='ltr'><strong>Lati-</strong></span> 
     </span>
     <span class='ocr_line' id='line_1_57' title="bbox 867 2205 1591 2256; baseline 0.003 -16"><span class='ocrx_word' id='word_1_322' title='bbox 867 2218 965 2241; x_wconf 89' lang='lat' dir='ltr'><strong>num</strong></span> <span class='ocrx_word' id='word_1_323' title='bbox 985 2205 1202 2256; x_wconf 79' lang='lat' dir='ltr'><strong>sanguine,</strong></span> <span class='ocrx_word' id='word_1_324' title='bbox 1226 2206 1438 2255; x_wconf 82' lang='lat' dir='ltr'><strong>progenie,</strong></span> <span class='ocrx_word' id='word_1_325' title='bbox 1456 2206 1591 2242; x_wconf 82' lang='lat' dir='ltr'><strong>AEneae</strong></span> 
     </span>
     <span class='ocr_line' id='line_1_58' title="bbox 867 2261 1591 2312; baseline 0.003 -13"><span class='ocrx_word' id='word_1_326' title='bbox 867 2262 1136 2300; x_wconf 86' lang='lat' dir='ltr'><strong>nobilitatum.</strong></span> <span class='ocrx_word' id='word_1_327' title='bbox 1157 2261 1222 2300; x_wconf 91' lang='lat' dir='ltr'><strong>Ad</strong></span> <span class='ocrx_word' id='word_1_328' title='bbox 1241 2261 1473 2312; x_wconf 82' lang='lat' dir='ltr'><strong>dignitatem</strong></span> <span class='ocrx_word' id='word_1_329' title='bbox 1491 2275 1591 2312; x_wconf 90' lang='lat' dir='ltr'><strong>quo-</strong></span> 
     </span>
     <span class='ocr_line' id='line_1_59' title="bbox 868 2319 1591 2370; baseline 0.004 -14"><span class='ocrx_word' id='word_1_330' title='bbox 868 2333 946 2370; x_wconf 90' lang='lat' dir='ltr'><strong>que</strong></span> <span class='ocrx_word' id='word_1_331' title='bbox 980 2321 1072 2357; x_wconf 85' lang='lat' dir='ltr'><strong>facit</strong></span> <span class='ocrx_word' id='word_1_332' title='bbox 1102 2319 1368 2357; x_wconf 81' lang='lat' dir='ltr'><strong>multitudinis</strong></span> <span class='ocrx_word' id='word_1_333' title='bbox 1398 2333 1591 2359; x_wconf 88' lang='lat' dir='ltr'><strong>numerus</strong></span> 
     </span>
     <span class='ocr_line' id='line_1_60' title="bbox 866 2377 1586 2428; baseline 0.003 -14"><span class='ocrx_word' id='word_1_334' title='bbox 866 2391 941 2428; x_wconf 87' lang='lat' dir='ltr'><strong>pro</strong></span> <span class='ocrx_word' id='word_1_335' title='bbox 959 2380 1131 2417; x_wconf 81' lang='lat' dir='ltr'><strong>unitate:</strong></span> <span class='ocrx_word' id='word_1_336' title='bbox 1150 2377 1347 2415; x_wconf 83' lang='lat' dir='ltr'><strong>connubia</strong></span> <span class='ocrx_word' id='word_1_337' title='bbox 1359 2407 1371 2424; x_wconf 92' lang='lat'>‚</span> <span class='ocrx_word' id='word_1_338' title='bbox 1391 2378 1586 2425; x_wconf 80' lang='lat' dir='ltr'><strong>thalami,</strong></span> 
     </span>
     <span class='ocr_line' id='line_1_61' title="bbox 867 2436 1592 2488; baseline 0.003 -16"><span class='ocrx_word' id='word_1_339' title='bbox 867 2436 1028 2474; x_wconf 75' lang='lat' dir='ltr'><strong>externi</strong></span> <span class='ocrx_word' id='word_1_340' title='bbox 1064 2436 1219 2488; x_wconf 79' lang='lat' dir='ltr'><strong>generi.</strong></span> <span class='ocrx_word' id='word_1_341' title='bbox 1236 2458 1296 2465; x_wconf 92' lang='lat'>—</span> <span class='ocrx_word' id='word_1_342' title='bbox 1312 2437 1382 2487; x_wconf 87' lang='lat'><strong>98.</strong></span> <span class='ocrx_word' id='word_1_343' title='bbox 1417 2436 1592 2474; x_wconf 73' lang='lat' dir='ltr'><strong>Venient</strong></span> 
     </span>
     <span class='ocr_line' id='line_1_62' title="bbox 866 2493 1591 2546; baseline 0.003 -15"><span class='ocrx_word' id='word_1_344' title='bbox 866 2493 1014 2533; x_wconf 85' lang='lat' dir='ltr'><strong>Medic.</strong></span> <span class='ocrx_word' id='word_1_345' title='bbox 1047 2508 1139 2532; x_wconf 90' lang='lat' dir='ltr'><strong>cum</strong></span> <span class='ocrx_word' id='word_1_346' title='bbox 1165 2508 1306 2546; x_wconf 83' lang='lat' dir='ltr'><strong>magna</strong></span> <span class='ocrx_word' id='word_1_347' title='bbox 1333 2503 1444 2545; x_wconf 82' lang='lat' dir='ltr'><strong>parte</strong></span> <span class='ocrx_word' id='word_1_348' title='bbox 1472 2494 1591 2534; x_wconf 86' lang='lat' dir='ltr'><strong>codd.</strong></span> 
     </span>
     <span class='ocr_line' id='line_1_63' title="bbox 866 2552 1590 2600; baseline 0.003 -12"><span class='ocrx_word' id='word_1_349' title='bbox 866 2553 968 2590; x_wconf 85' lang='lat' dir='ltr'><strong>Pier.</strong></span> <span class='ocrx_word' id='word_1_350' title='bbox 987 2561 1025 2590; x_wconf 92' lang='lat' dir='ltr'><strong>et</strong></span> <span class='ocrx_word' id='word_1_351' title='bbox 1040 2554 1177 2592; x_wconf 84' lang='lat' dir='ltr'><strong>Heius.</strong></span> <span class='ocrx_word' id='word_1_352' title='bbox 1192 2582 1203 2600; x_wconf 93' lang='lat'><strong>,</strong></span> <span class='ocrx_word' id='word_1_353' title='bbox 1222 2555 1266 2592; x_wconf 89' lang='lat' dir='ltr'><strong>it.</strong></span> <span class='ocrx_word' id='word_1_354' title='bbox 1289 2553 1385 2592; x_wconf 84' lang='lat' dir='ltr'><strong>Ald.</strong></span> <span class='ocrx_word' id='word_1_355' title='bbox 1404 2561 1493 2592; x_wconf 87' lang='lat' dir='ltr'><strong>tert.</strong></span> <span class='ocrx_word' id='word_1_356' title='bbox 1512 2552 1590 2592; x_wconf 88' lang='lat' dir='ltr'><strong>Sed</strong></span> 
     </span>
     <span class='ocr_line' id='line_1_64' title="bbox 866 2609 1590 2658; baseline 0.001 -12"><span class='ocrx_word' id='word_1_357' title='bbox 866 2609 967 2647; x_wconf 85' lang='lat' dir='ltr'><strong>bene</strong></span> <span class='ocrx_word' id='word_1_358' title='bbox 984 2611 1063 2658; x_wconf 86' lang='lat' dir='ltr'><strong>jam</strong></span> <span class='ocrx_word' id='word_1_359' title='bbox 1081 2613 1189 2650; x_wconf 86' lang='lat' dir='ltr'><strong>Serv.</strong></span> <span class='ocrx_word' id='word_1_360' title='bbox 1206 2611 1309 2649; x_wconf 85' lang='lat' dir='ltr'><strong>vidit</strong></span> <span class='ocrx_word' id='word_1_361' title='bbox 1322 2611 1496 2648; x_wconf 68' lang='lat' dir='ltr'><strong>veniunt</strong></span> <span class='ocrx_word' id='word_1_362' title='bbox 1513 2623 1590 2648; x_wconf 89' lang='lat' dir='ltr'><strong>me-</strong></span> 
     </span>
     <span class='ocr_line' id='line_1_65' title="bbox 866 2667 1588 2719; baseline 0.001 -15"><span class='ocrx_word' id='word_1_363' title='bbox 866 2667 944 2704; x_wconf 91' lang='lat' dir='ltr'><strong>lius</strong></span> <span class='ocrx_word' id='word_1_364' title='bbox 973 2671 1189 2707; x_wconf 87' lang='lat' dir='ltr'><strong>convenire</strong></span> <span class='ocrx_word' id='word_1_365' title='bbox 1215 2670 1428 2714; x_wconf 81' lang='lat' dir='ltr'><strong>vaticinio,</strong></span> <span class='ocrx_word' id='word_1_366' title='bbox 1455 2667 1588 2719; x_wconf 88' lang='lat' dir='ltr'><strong>quod,</strong></span> 
     </span>
     <span class='ocr_line' id='line_1_66' title="bbox 868 2727 1591 2778; baseline 0 -16"><span class='ocrx_word' id='word_1_367' title='bbox 868 2739 957 2776; x_wconf 82' lang='lat' dir='ltr'><strong>quae</strong></span> <span class='ocrx_word' id='word_1_368' title='bbox 999 2727 1131 2764; x_wconf 80' lang='lat' dir='ltr'><strong>futura</strong></span> <span class='ocrx_word' id='word_1_369' title='bbox 1164 2736 1280 2773; x_wconf 87' lang='lat' dir='ltr'><strong>sunt,</strong></span> <span class='ocrx_word' id='word_1_370' title='bbox 1309 2735 1355 2764; x_wconf 91' lang='lat' dir='ltr'><strong>ut</strong></span> <span class='ocrx_word' id='word_1_371' title='bbox 1383 2727 1591 2778; x_wconf 81' lang='lat' dir='ltr'><strong>praesentia</strong></span> 
     </span>
     <span class='ocr_line' id='line_1_67' title="bbox 866 2784 1575 2838; baseline -0.003 -15"><span class='ocrx_word' id='word_1_372' title='bbox 866 2785 1192 2838; x_wconf 67' lang='lat' dir='ltr'><strong>nuntiam—99.</strong></span> <span class='ocrx_word' id='word_1_373' title='bbox 1224 2785 1297 2825; x_wconf 85' lang='lat' dir='ltr'><strong>Ad</strong></span> <span class='ocrx_word' id='word_1_374' title='bbox 1328 2794 1439 2824; x_wconf 82' lang='lat' dir='ltr'><strong>asera</strong></span> <span class='ocrx_word' id='word_1_375' title='bbox 1467 2784 1575 2822; x_wconf 84' lang='lat' dir='ltr'><strong>Goth</strong></span> 
     </span>
    </p>
   </div>
  </div>
 </body>
</html>
