1767 3054
153 111 230 155 154

770 116 1009 155 AENEIDOS

148 183 320 230 Infelix
338 183 546 232 Theseus
556 205 568 245 3
593 186 914 251 Phlegyasque
939 190 1227 238 miserrimus
1253 192 1402 238 omnis

149 258 407 318 Admonet,
429 271 474 307 et
496 278 663 324 magna
684 275 881 311 testatur
902 282 1019 311 voce
1039 283 1124 328 per
1149 266 1339 312 umbras
1362 285 1371 311 ε

150 356 169 376 «
195 336 372 384 Discite
391 337 620 400 justitiam
645 340 834 398 moniti,
855 352 901 386 et
933 356 1027 385 non
1060 353 1267 388 temnere
1292 341 1440 387 divos.
1463 359 1482 380 »

146 509 334 560 Apollod.
349 511 410 557 ΙΙ,
433 512 455 548 5
471 541 480 558 ,
508 524 554 548 12
572 538 582 557 ,
607 524 647 560 p.
667 524 759 549 122.
778 513 857 562 Ap.

147 570 361 605 Homerum
392 569 535 619 Odyss.
570 581 593 604 κ.
609 596 619 613 ,
656 569 738 606 630
773 583 854 619 seq.

145 626 320 663 Theseus
341 639 431 663 cum
449 626 626 664 Pirithoo
653 627 695 662 in
721 627 856 663 inferis

144 683 385 722 substiterat.
403 686 547 722 Noster
564 692 680 734 poeta
703 684 779 720 hoc
798 698 856 721 se-

142 742 302 790 quitur,
328 749 373 778 ut
395 742 591 787 Theseus,
625 741 678 777 ob
698 750 855 791 raptum

142 800 389 848 Proserpinae
402 827 412 845 ,
443 799 591 835 sedeat.
613 801 695 835 Hoc
714 799 854 836 habitu

140 857 384 905 poenitentiae
420 864 458 892 et
492 857 634 891 summi
674 859 855 893 moeroris

140 926 296 949 sensum
316 912 433 962 prodi
452 921 559 962 puta.
584 914 641 948 Ita
668 912 854 950 sedebant

140 969 314 1006 Theseus
349 978 387 1005 et
420 969 619 1007 Pirithous
646 970 688 1005 in
718 970 853 1008 tabula

138 1027 352 1077 Polygnoti
375 1027 480 1076 apud
500 1030 664 1064 Pausan.
689 1029 726 1064 X
741 1056 751 1073 ,
783 1041 849 1078 29·

140 1085 189 1120 Et
217 1085 332 1121 talem
358 1085 556 1122 Theseum
587 1084 788 1122 sedentem
809 1087 852 1122 in

138 1141 257 1178 Sarda
277 1155 507 1192 expressum
526 1141 634 1179 vides
652 1155 713 1192 ap.
735 1144 852 1181 Win-

137 1198 337 1237 kelmann.
366 1214 406 1237 n.
433 1201 497 1238 CI.
518 1202 566 1237 In
593 1209 726 1250 patera
745 1201 852 1237 Itali-

139 1269 182 1292 ca
196 1285 206 1301 ‚
236 1260 440 1295 Etruscam
468 1266 637 1304 vocant,
662 1271 750 1308 quae
771 1260 852 1295 Ve-

137 1326 247 1352 ronae
271 1324 472 1362 servatur,
499 1316 673 1353 Theseus
690 1328 850 1366 serpen-

139 1379 178 1408 te
208 1373 476 1410 circumdatus
503 1375 720 1420 retinetur,
756 1377 849 1410 Her-

138 1429 225 1466 cule
263 1431 334 1467 adv
327 1431 518 1476 emente,
558 1429 663 1481 apud
703 1433 848 1469 Passe1.

135 1487 232 1525 Pict.
252 1490 406 1525 Etrusc.
425 1496 522 1525 tom.
541 1490 598 1532 ΙΙ,
623 1501 662 1538 p.
685 1495 751 1536 49.
770 1489 851 1538 Qui

134 1553 345 1581 narrantur
376 1544 557 1596 στρωτοῖς
594 1543 628 1581 ἐν
672 1549 712 1583 >e
701 1558 763 1594 -γε
769 1557 846 1582 εσσι

130 1603 325 1649 jacentes,
345 1603 422 1639 alto
439 1615 581 1651 5οροιε
608 1603 772 1652 sepulti,
803 1604 846 1639 in

134 1660 299 1696 Tartaro
326 1658 429 1710 apud
453 1660 672 1697 Hesiodum
693 1660 843 1712 Theog.

137 1729 214 1766 797
233 1745 243 1763 ,
276 1718 355 1767 798
373 1746 383 1764 ,
415 1718 464 1754 ad
483 1719 646 1768 perjurii
667 1731 736 1767 per
759 1721 846 1769 Sty-

133 1786 221 1824 gem
243 1787 402 1824 poenam
428 1777 641 1824 pertinent.
672 1775 747 1813 Sed
774 1778 845 1812 nii-

131 1832 310 1869 raculum
343 1834 400 1869 rei
428 1832 605 1869 additum
632 1842 689 1869 est
709 1834 751 1870 in
773 1847 819 1870 eo
834 1862 843 1878 ‚

132 1889 243 1938 quod
263 1890 437 1927 Theseus
457 1903 553 1926 saxo
581 1889 747 1935 insidet,
771 1904 845 1927 nee

131 1946 224 1983 inde
240 1949 370 1986 levare
383 1961 527 1998 corpus
542 1961 594 1997 po
601 1955 685 1986 test.
700 1948 846 1985 Confer

131 2002 239 2043 Shol.
257 2006 449 2055 Apollon.
468 2007 499 2051 Ι,
528 2018 576 2042 10
588 2019 620 2042 1.
635 2007 744 2041 Inter
760 2019 845 2043 auc-

131 2068 235 2098 tores
260 2062 377 2111 hujus
404 2063 639 2100 narrationis
671 2062 749 2099 fuit
778 2067 846 2101 Pa-

132 2121 278 2168 nyasis.
303 2134 340 2158 v.
362 2123 525 2158 Pausan.
547 2120 575 2158 l.
599 2133 632 2158 c.
653 2118 843 2173 προσφυὲς

132 2170 176 2211 δὲ
195 2175 304 2227 (scil.
323 2176 493 2230 γρῆιιοί
477 2175 638 2230 τι)ἀπο
658 2180 724 2215 τοῦ
743 2191 844 2231 χρω-

131 2232 193 2275 τὸς
227 2231 310 2272 ἀντὶ
347 2231 390 2272 δε
376 2239 498 2288 Ήσμῶν
530 2233 652 2286 σφίσιν
677 2234 746 2287 ἔφη
774 2235 840 2278 τὴν

130 2287 291 2343 πέτραν.
302 2293 504 2329 Liberatus
518 2302 647 2330 tamen
660 2301 698 2330 et
709 2293 844 2331 reduc-

134 2354 196 2382 tus
221 2361 268 2384 ex
289 2350 423 2386 inferis
440 2350 612 2388 Theseus
631 2350 681 2387 ab
698 2354 843 2388 Hercu-

130 2403 191 2450 le,
215 2406 392 2444 Pirithoo
415 2408 554 2444 relicto
569 2437 579 2454 ‚
611 2421 736 2456 quum
765 2417 842 2445 ter-

131 2475 186 2500 rae
212 2472 343 2499 motus
376 2466 583 2501 Herculem
612 2465 842 2502 absterruis-

130 2528 217 2557 set:
239 2520 507 2570 Apollod.II,
543 2523 565 2558 5
581 2550 591 2567 ‚
630 2534 677 2558 12
695 2537 704 2569 ;
736 2522 842 2559 unde

129 2585 260 2628 patet,
281 2579 323 2614 in
343 2578 526 2615 Heraclea
544 2580 695 2629 antiqui
713 2588 840 2629 poetae

129 2635 214 2672 haec
233 2636 411 2686 exposita
428 2635 546 2671 fuisse
567 2647 575 2673 :
596 2636 666 2672 ubi
684 2651 722 2673 v.
745 2639 840 2675 Not.

130 2706 170 2743 p.
191 2693 271 2738 433
294 2706 351 2742 sq.
372 2693 594 2730 Contrarias
614 2692 764 2729 fabulas
781 2707 840 2730 se-

128 2750 324 2801 quebatur
336 2749 524 2801 Virgilius
541 2763 629 2800 sup.
651 2763 748 2797 122,
769 2750 840 2788 ubi

1574 349 1636 381 διο

925 512 974 549 de
991 526 1034 549 ea
1050 526 1092 549 re
1109 513 1188 560 jam
1208 514 1404 550 monitum
1423 519 1492 549 est.
1521 510 1637 548 Phle-

920 583 1046 620 gyas,
1073 571 1120 608 de
1142 570 1402 621 Phlegyarum
1434 577 1548 621 gente
1572 569 1638 605 alii

924 637 1166 678 acceperant,
1182 640 1268 677 quae
1281 627 1512 678 Minyadem
1524 627 1635 664 Boeo-

924 687 987 721 tiae
1003 685 1252 731 inhabitavit,
1267 692 1305 720 et
1319 693 1482 734 propter
1494 685 1633 734 impie-

922 751 1040 779 tatem
1059 755 1078 778 a
1096 743 1171 779 deo
1194 741 1337 778 abolita
1360 741 1435 777 fuit
1453 740 1518 792 (v.
1537 744 1634 779 Pau-

922 813 1004 837 san.
1027 803 1085 838 IX
1099 828 1109 845 ‚
1143 800 1194 836 36
1214 811 1224 836 :
1246 797 1343 835 adde
1360 800 1411 835 H.
1431 799 1474 834 in
1497 798 1632 848 Apoll.

924 858 1003 904 278
1017 885 1028 903 ‚
1061 870 1156 907 279.
1178 859 1278 895 Nam
1298 855 1489 905 Phlegyas
1514 855 1634 892 Thes-

919 914 1036 960 saliae,
1057 914 1105 951 de
1120 915 1268 963 quibus
1283 912 1423 951 Strabo
1439 911 1634 949 videndus

920 974 1003 1017 IX,
1034 985 1075 1021 p.
1111 979 1191 1016 422
1234 973 1288 1016 B,
1328 968 1406 1006 hue
1441 971 1633 1008 advocare

919 1029 1107 1066 nonlicet
1124 1027 1153 1079 ).
1173 1031 1327 1066 Verum
1344 1039 1426 1064 non
1448 1028 1496 1066 de
1521 1028 1633 1065 Phle-

919 1087 1005 1136 gyis
1023 1088 1244 1132 Maronem,
1266 1084 1335 1122 sed
1350 1086 1400 1122 de
1420 1085 1551 1124 Phleo
1518 1098 1604 1135 gya
1619 1114 1629 1132 ‚

920 1144 1070 1180 Ixionis
1094 1152 1132 1180 et
1153 1142 1386 1188 Coronidis,
1410 1157 1430 1180 e
1449 1155 1527 1193 qua
1547 1145 1630 1181 AEs-

920 1201 1122 1250 culapium
1155 1201 1304 1251 Apollo
1337 1203 1526 1252 suscepit,
1561 1213 1631 1251 pa-

919 1267 978 1295 tre
991 1287 1001 1305 ,
1025 1261 1095 1308 qui
1114 1259 1313 1309 Apollinis
1330 1259 1522 1309 templum
1537 1258 1629 1296 Del-

917 1316 1005 1366 phis
1022 1317 1200 1354 incendit
1219 1316 1274 1368 (V.
1287 1314 1510 1368 Servium),
1530 1317 1628 1354 acci-

917 1373 1108 1423 piendum
1152 1387 1231 1411 esse
1244 1401 1255 1420 ,
1286 1374 1366 1421 jam
1407 1373 1628 1412 docuerunt

916 1433 1155 1481 Interpretes
1203 1444 1254 1468 ex
1296 1432 1408 1469 Statii
1441 1432 1626 1469 imitatio-

917 1501 967 1525 ne
988 1489 1113 1526 Theb.
1137 1490 1156 1524 Ι
1170 1516 1180 1535 ,
1214 1500 1293 1535 712
1315 1502 1395 1540 seq.
1426 1497 1465 1526 et
1490 1489 1622 1528 Valer.

915 1545 974 1583 Fl.
998 1548 1062 1592 ΙΙ,
1086 1547 1162 1595 193
1188 1559 1298 1596 sqq.;
1321 1560 1408 1596 quae
1425 1547 1509 1583 loca
1530 1559 1625 1584 eon-

912 1602 1084 1641 ferenda.
1116 1603 1306 1654 Phlegyas
1321 1606 1442 1655 igitur
1459 1603 1626 1641 deorum

913 1669 1155 1706 contemtor,
1188 1660 1295 1710 apud
1310 1662 1458 1698 inferos
1478 1661 1525 1697 ad
1544 1662 1626 1708 jus-

912 1719 1039 1754 titiam
1062 1727 1101 1755 et
1118 1719 1303 1767 pietatem
1324 1718 1528 1755 colendam
1555 1731 1624 1754 ex-

911 1775 1094 1812 hortatur
1112 1788 1247 1812 omnes
1259 1803 1270 1819 ,
1292 1775 1539 1812 nobilissimo
1554 1775 1626 1812 illo

913 1846 1029 1869 versu
1048 1844 1057 1870 :
1080 1832 1230 1869 Discite
1242 1831 1441 1882 justitiam
1459 1831 1601 1870 moniti
1612 1861 1623 1880 ,

912 1891 983 1938 qui
1010 1891 1159 1940 magnis
1192 1890 1287 1926 viris
1318 1891 1453 1927 multis
1485 1892 1530 1927 in
1555 1903 1624 1928 ore

910 1946 1070 1983 habitus
1084 1948 1157 1984 fuit
1170 1975 1180 1993 ,
1205 1956 1245 1984 et
1265 1947 1530 1994 Munehusio,
1551 1949 1624 1984 im-

911 2005 1068 2042 mortali
1101 2006 1212 2051 viro,
1249 2005 1488 2056 frequenter.
1520 2007 1624 2044 Nota

911 2075 1068 2112 quoque
1084 2062 1217 2099 fabula
1235 2062 1284 2099 de
1308 2063 1486 2100 daemone
1505 2063 1624 2100 inter-

911 2129 1070 2170 rogato,
1108 2121 1196 2169 quis
1225 2134 1275 2157 ex
1315 2121 1502 2158 omnibus
1532 2120 1623 2157 Vir-

910 2177 993 2228 gilii
1021 2178 1200 2215 versibus
1227 2187 1326 2215 esset
1353 2178 1622 2228 praestantissi-

910 2247 1013 2272 mus.
1041 2238 1132 2272 Non
1154 2236 1254 2273 male
1274 2244 1406 2272 autem
1431 2245 1620 2286 auguran-

909 2299 975 2328 tur
1004 2293 1080 2329 viri
1110 2292 1218 2329 docti
1256 2292 1420 2330 ductum
1446 2291 1619 2329 colorem

909 2362 960 2386 ex
980 2349 1140 2387 Pindari
1162 2350 1306 2388 illustri
1323 2350 1413 2387 loco
1433 2347 1549 2398 Pyth.
1564 2349 1617 2394 II,

912 2408 964 2455 39
993 2420 1050 2457 sq.
1071 2409 1177 2445 Θεῶν
1203 2403 1239 2444 δ’
1256 2404 1474 2459 ἐφετμαῖσιν
1493 2401 1618 2449 Ιξίονοί

910 2460 1024 2515 φαντὶ
1054 2468 1180 2503 ταῦτα
1211 2462 1358 2517 βροτοῖς
1391 2460 1542 2516 λέγειν,
1578 2460 1614 2499 ἐν

908 2534 1049 2573 ‘rra-spos
1035 2535 1108 2559 ιντι
1144 2523 1272 2573 τροχῷ
1311 2519 1446 2557 Παντᾶ
1492 2522 1614 2557 κυλιν-

909 2574 1006 2630 &Gla
992 2590 1083 2615 νον·
1117 2576 1188 2614 Τὸν
1222 2577 1353 2631 εὐεργε
1339 2575 1426 2614 {rw
1448 2574 1615 2644 ἀγαναῖς

910 2631 1090 2687 &potentie
1121 2626 1321 2688 Εποιχομ’
1306 2647 1406 2679 ενους
1433 2631 1613 2673 τίνεσθαι.

909 2691 1076 2739 Μοηίιί,
1111 2692 1187 2730 hoc
1216 2701 1273 2729 est
1291 2693 1474 2743 exemplo
1498 2706 1609 2738 meo,

907 2749 1016 2800 quod
1044 2763 1117 2801 pro
1149 2751 1305 2789 monitu
1332 2758 1402 2789 est.
1430 2752 1514 2791 Nec
1540 2752 1618 2789 im-
