1767 3054
679 116 831 153 LIBER
861 116 975 152 VIII.

71 191 362 248 Porticibus,
386 190 548 238 Gallos
571 188 619 233 in
642 187 802 232 limine
827 186 989 233 adesse
1014 187 1235 246 canebat;

72 266 195 312 Galli
219 282 304 326 per
325 263 492 309 dumos
515 261 734 318 aderant,
761 277 1012 323 arcemque
1036 261 1282 319 tenebant,

72 339 265 385 Defensi
291 336 521 394 tenebris,
549 349 595 383 et
621 336 747 382 dono
775 337 926 382 noctis
951 351 1126 399 opacae.

70 419 230 460 Aurea
254 413 465 458 caesaries
488 412 615 469 ollis,
637 423 779 474 atquc
803 428 946 458 aurea
970 412 1140 469 vcstis;

71 487 277 550 Virgatis
298 487 455 533 lucent
481 487 676 550 saguli53
703 498 802 532 tum
826 487 975 533 lactea
1001 488 1122 533 colla

1515 499 1577 529 660

71 566 205 608 Auro
229 563 562 621 innectuntur3
592 563 686 608 duo
712 561 913 624 quisque
939 563 1113 623 Alpina
1138 571 1388 608 coruscant

71 641 209 682 Gaesa
229 652 396 693 manu,
423 638 566 684 scutis
591 637 795 700 protecti
819 651 1025 698 corpora
1047 637 1215 699 longis.

144 711 235 756 Hic
261 712 537 759 exsultantis
565 712 740 768 Salios,
762 711 1010 773 nudosque
1032 714 1300 773 Lupercos,

72 785 425 848 Lanigerosque
451 788 630 848 apices,
656 798 702 833 et
725 787 855 848 lapsa
878 787 1048 833 ancilia
1069 786 1187 833 coelo

73 1025 121 1063 ad
155 1027 428 1063 Romanorum
460 1024 791 1072 sensuS.—657.

77 1085 112 1121 T
109 1082 304 1127 cnebanc,
329 1080 377 1118 de
401 1089 569 1127 conatu,
594 1090 641 1118 ut
658 1094 787 1132 saepe:

71 1142 149 1189 jam
167 1141 212 1177 in
230 1153 277 1177 eo
297 1147 408 1176 erant
422 1167 433 1186 ,
452 1148 497 1176 ut
522 1147 715 1178 tenerent.
740 1141 796 1176 Ec

74 1198 178 1235 dono
202 1196 329 1234 noctis
346 1210 483 1246 opacae
496 1211 512 1241 ;
536 1197 672 1246 paullo
690 1199 792 1234 otio-

74 1257 156 1292 sius
186 1255 383 1302 adjectum
407 1253 565 1291 videtur
585 1266 594 1292 :
615 1254 722 1291 dono
751 1254 793 1291 h.

75 1311 299 1357 beneficio,
333 1325 510 1350 munere.
529 1333 587 1340 —
614 1313 696 1362 659
733 1325 792 1362 sq.

76 1370 248 1408 Habitus
276 1370 484 1407 Gallorum
510 1369 611 1406 bene
636 1383 794 1420 expres-

77 1441 142 1466 sus
156 1456 167 1474 ‚
186 1429 257 1465 etsi
282 1427 411 1465 alieno
431 1427 532 1464 forte
554 1427 658 1465 loco.
681 1429 796 1465 Notae

78 1498 219 1523 eorum
238 1498 361 1522 comae
388 1485 541 1530 rutilae,
564 1498 651 1536 saga
673 1486 796 1537 virga-

80 1552 116 1580 ta
130 1572 141 1588 ‚
180 1544 289 1580 aurei
320 1551 482 1592 torques
496 1571 506 1588 ‚
536 1556 655 1594 gaesa,
687 1556 753 1580 scu
761 1551 797 1579 ta

77 1609 197 1638 vasta.
215 1602 354 1637 Aurea
369 1599 495 1636 vestis
507 1615 522 1645 ;
535 1602 681 1637 mirum
693 1600 796 1637 hanc

76 1658 125 1696 de
141 1658 264 1695 barba
280 1659 458 1707 accipere
475 1659 655 1696 Servium
668 1687 678 1704 ‚
692 1671 798 1695 eum-

78 1729 155 1767 que
172 1717 284 1766 sequi
302 1716 412 1753 alios.
438 1716 478 1754 Si
504 1716 628 1753 barba
657 1717 799 1753 vestire

77 1787 196 1825 genas
215 1773 361 1810 dicitur
377 1774 504 1823 poetis
518 1801 529 1819 ‚
553 1786 603 1810 an
621 1782 800 1823 propter-

79 1845 123 1868 ea
143 1832 261 1867 vestis
284 1830 464 1866 absolute
487 1830 536 1867 ‹le
555 1831 675 1867 barba
695 1830 798 1867 dice-

82 1898 145 1925 tur
158 1889 174 1923 Ξ)
187 1889 347 1924 Vestem
366 1887 540 1937 intellige
553 1887 619 1922 illa
640 1888 723 1936 ipsa
745 1900 801 1923 sa-

81 1945 198 1996 gula,
222 1957 273 1981 ex
301 1956 398 1980 auro
419 1943 545 1985 facta,
572 1943 620 1980 ab
649 1942 800 1980 artifice

81 2005 179 2053 (seu
213 2010 259 2037 ut
287 2000 462 2037 colorem
486 2000 641 2037 luteum
669 2008 708 2037 et
731 2000 800 2037 fla-

82 2073 177 2096 xum
218 2057 405 2103 referret,
441 2070 511 2094 seu
549 2056 658 2108 quod
700 2071 800 2095 auro

84 2125 209 2153 textas
226 2124 351 2152 vestes
368 2123 542 2161 amarent
556 2114 672 2153 Galli.
695 2116 800 2153 conf.

82 2175 222 2213 Silium
241 2175 314 2219 IV,
340 2172 417 2209 155
432 2172 467 2222 J,
491 2173 802 2211 versicoloribus

82 2231 292 2282 segmentis
306 2258 316 2276 ‚
335 2229 398 2266 vel
419 2231 538 2280 virgis
554 2231 777 2268 intertextis
793 2243 801 2267 :

83 2291 154 2340 qui
175 2288 337 2340 quidem
354 2287 513 2324 habitus
536 2288 658 2325 Gallis
672 2316 682 2334 ‚
702 2289 801 2325 Ger-

84 2349 208 2384 manis
223 2375 233 2393 ‚
252 2354 290 2382 et
301 2346 498 2382 Britannis
516 2345 802 2395 frequentatus,

83 2406 210 2443 Scotis
226 2402 407 2442 nondum
424 2405 466 2439 in
486 2416 559 2439 usu
578 2416 659 2440 esse
676 2403 803 2441 desiit.

84 2464 236 2500 Lactea
258 2460 363 2498 colla
391 2462 552 2511 proprie
576 2460 624 2497 de
654 2461 801 2506 Gallis;

90 2519 267 2557 Candidi
282 2531 388 2569 pene
406 2527 498 2555 sunt
515 2518 628 2555 Galli
648 2531 798 2562 omnes,

87 2585 181 2614 nota
200 2589 282 2614 vox
300 2577 515 2614 Ammiani.
529 2598 585 2604 ——
599 2577 696 2613 662.
714 2577 805 2612 Ges-

87 2646 133 2670 sa
154 2633 326 2680 Medic„
352 2641 398 2671 ut
420 2636 563 2684 passim
590 2634 684 2671 alibi
712 2635 805 2671 scri-

88 2689 210 2729 bitur.
246 2693 305 2730 Eo
337 2691 523 2729 alludunt
561 2691 730 2730 Dorvill.
768 2699 806 2727 et

88 2748 227 2787 Franc.
262 2748 378 2788 cesa.
411 2749 534 2789 Goth.
559 2763 634 2788 sec.
678 2749 802 2786 Caesa.

860 1023 936 1062 Sed
963 1025 1082 1063 Goesa
1105 1027 1357 1063 communior
1374 1027 1582 1077 scriptura.

861 1081 941 1119 vid.
954 1084 1090 1120 Heius.
1109 1086 1204 1120 Vox
1217 1092 1274 1120 est
1292 1085 1439 1122 Celtica
1456 1084 1582 1128 Gess.,

861 1148 907 1176 ut
920 1153 1048 1190 nuper
1058 1140 1196 1177 docuit
1210 1141 1356 1186 Bullet,
1371 1141 1585 1178 stse'moires

860 1210 926 1233 sur
942 1197 984 1234 la
1002 1197 1151 1248 langue
1171 1197 1350 1248 Celeique
1364 1227 1374 1245 ‚
1398 1207 1494 1237 tom.
1516 1201 1555 1236 11
1569 1227 1580 1244 ‚

861 1254 933 1291 hac
960 1267 1074 1292 voce.
1087 1277 1145 1282 —-
1157 1257 1248 1291 Duo
1266 1269 1377 1306 gaesa
1389 1285 1400 1301 ,
1419 1270 1439 1293 e
1451 1270 1583 1302 more;

861 1311 943 1349 vid.
964 1312 1124 1350 Cluver.
1159 1313 1345 1350 German.
1368 1315 1409 1360 Ι,
1446 1321 1499 1358 44
1515 1342 1525 1359 ,
1545 1323 1584 1351 et

861 1383 999 1407 omnes
1016 1383 1081 1407 eos
1099 1372 1169 1420 qui
1180 1371 1369 1407 Gallicam
1379 1379 1417 1408 et
1427 1373 1586 1409 Germa-

862 1430 992 1464 nicam
1033 1429 1308 1478 antiquitatem
1335 1438 1584 1479 recoquunt3

863 1487 958 1523 item
980 1485 1107 1523 Cerda
1128 1485 1176 1521 ad
1192 1486 1233 1524 h.
1252 1486 1280 1523 l.
1299 1495 1337 1522 et
1358 1487 1496 1524 Heins.

923 1543 1004 1579 663
1019 1565 1077 1570 —
1090 1543 1187 1580 666.
1213 1543 1410 1593 Religiosa
1433 1552 1585 1594 specta-

865 1600 953 1638 cula
973 1602 1170 1637 immiscet
1187 1610 1328 1651 poeta;
1346 1610 1451 1639 mota
1477 1603 1586 1638 anci-

863 1659 916 1695 lia
944 1657 1127 1708 (Martiis
1157 1658 1358 1697 Kalendis.
1393 1673 1432 1697 v,
1466 1659 1584 1697 Ovid.

866 1718 969 1754 Fast.
991 1718 1072 1762 III,
1098 1717 1178 1763 373
1205 1729 1290 1766 sqq.
1306 1715 1320 1766 )
1334 1745 1344 1762 ‚
1358 1717 1587 1767 Lupercalia

866 1774 880 1824 (
898 1773 995 1811 ibid.
1024 1775 1061 1809 II
1076 1801 1085 1818 ‚
1113 1774 1190 1820 267
1211 1773 1321 1823 sqq.)
1344 1783 1382 1810 et
1401 1787 1588 1824 pompam

866 1840 1135 1868 matronarum
1149 1830 1196 1866 ad
1214 1830 1330 1867 ludos
1344 1858 1355 1875 ‚
1376 1830 1439 1866 vel
1455 1843 1561 1867 sacra
1576 1859 1587 1877 ,

868 1888 918 1924 ad
948 1900 1037 1936 quae
1068 1887 1228 1936 pilentis
1262 1886 1354 1923 vehi
1386 1887 1513 1925 licuit.
1546 1902 1585 1926 v,

868 1946 951 1982 Liv.
972 1946 1008 1980 V
1023 1971 1032 1988 ,
1053 1945 1104 1980 25
1120 1971 1130 1989 ,
1150 1958 1190 1994 9.
1209 1945 1324 1981 Sacra
1347 1945 1504 1990 Cereri,
1525 1946 1590 1982 vel

871 2002 1072 2039 Carmemi
1104 2001 1279 2038 facienda
1310 2002 1443 2039 Julius
1477 2001 1587 2040 Sabi-

866 2072 942 2096 nus
960 2060 1208 2109 potissimum
1222 2069 1426 2097 memorat.
1440 2059 1589 2096 Mollia

865 2117 1012 2167 pilenta
1026 2117 1195 2166 appellat
1205 2125 1306 2167 puto
1318 2125 1483 2167 propter
1494 2118 1590 2155 mol-

869 2174 947 2211 lem
977 2183 1016 2211 et
1037 2174 1192 2211 lentum
1221 2177 1420 2211 incessum
1435 2203 1445 2220 ‚
1469 2188 1587 2225 quem

870 2233 953 2282 ipsa
981 2240 1181 2268 structura
1207 2241 1245 2269 et
1273 2233 1371 2268 situs
1390 2232 1521 2270 editus
1544 2246 1588 2270 ac

871 2289 997 2326 celsus
1031 2290 1193 2325 suasisse
1226 2288 1398 2328 videtur.
1430 2292 1590 2328 Servius

869 2346 1038 2397 pensiles
1088 2359 1228 2383 currus
1272 2347 1555 2398 interpretatur
1578 2377 1588 2394 ,

870 2403 1047 2453 adeoque
1070 2404 1236 2442 mobiles
1250 2433 1260 2451 ,
1288 2414 1401 2442 motu
1430 2404 1562 2442 faciles
1576 2435 1586 2452 ‚

869 2470 914 2498 ut
951 2461 1090 2498 mollia
1123 2461 1264 2499 oscilla
1299 2463 1371 2500 Ge.
1399 2464 1464 2509 ΙΙ,
1490 2463 1588 2512 389.

868 2519 1003 2557 Julius
1037 2528 1168 2557 autem
1202 2519 1370 2558 Sabinus
1410 2520 1588 2557 delicata

871 2578 1052 2626 exponit.
1101 2577 1245 2616 Saltem
1281 2579 1336 2614 sic
1371 2580 1560 2629 accipiam
1574 2607 1584 2625 ,

871 2647 960 2684 quae
983 2635 1163 2673 mollium
1179 2643 1217 2672 et
1238 2635 1500 2673 delicatorum
1517 2635 1588 2672 ho·

872 2693 1026 2729 minum
1046 2702 1139 2731 sunt
1166 2703 1363 2744 carpenta.
1385 2696 1506 2743 Apeoe
1532 2693 1587 2729 la-

872 2751 956 2787 neis
1010 2751 1118 2788 vittis
1169 2760 1332 2789 ornatus
1383 2750 1587 2788 flaminum
