1767 3054
205 125 282 163 136

829 121 1070 160 AEN’EIDOS

194 194 412 257 Imperiis
436 209 575 256 egere
598 192 716 251 suis;
741 207 827 238 nec
847 191 1042 238 credere
1062 191 1194 252 quivi

194 274 333 316 Hunc
353 279 535 316 tantum
558 268 646 315 tibi
667 285 741 314 me
764 267 973 314 discessu
995 267 1118 313 ferre
1139 266 1364 313 dolorem.

196 346 318 392 Siste
339 344 561 407 gradum,
584 355 723 406 teque
749 343 977 405 adspectu
998 359 1058 388 ne
1081 341 1307 390 subtrahe
1332 352 1509 388 nostro.
1628 352 1687 387 465

198 424 353 478 Quem
371 420 520 482 fugis?
542 431 807 465 extremum
827 418 946 475 fato,
967 417 1098 479 quod
1117 427 1162 463 te
1181 418 1436 479 adloquor,
1456 416 1548 462 hoc
1570 426 1652 462 est.
1673 437 1689 455 υ

259 494 453 540 Talibus
477 497 646 538 AEneas
670 492 915 538 ardentem
937 503 983 538 et
1008 502 1144 538 torva
1169 503 1376 538 tuentem

196 568 396 614 Lenibat
417 567 553 613 dictis
577 567 808 623 animum,
829 566 1140 627 lacrimasque
1163 566 1331 613 ciebat.

195 645 282 689 Illa
306 645 405 689 solo
428 643 546 688 fixos
567 643 728 688 oculos
754 657 919 688 aversa
943 641 1156 700 tenebat3

194 722 294 764 Nee
317 720 464 782 magis
484 719 673 781 incepto
696 718 880 763 voltum
904 732 1121 765 sermone
1143 727 1386 774 movetur,
1632 732 1692 768 470

195 797 351 852 Quam
374 793 414 840 si
440 792 560 838 dura
584 792 701 838 silex
725 803 805 838 aut
827 803 917 839 stet
940 791 1180 855 Marpesia
1201 803 1375 838 cautes.

193 972 425 1027 (ablu-nsaw
458 973 589 1028 χώσω)
604 974 619 1027 )
637 989 687 1013 ex
714 975 826 1013 cultu
849 988 913 1012 ne-

192 1033 344 1084 glecto‚
369 1033 544 1084 adeoque
568 1047 619 1070 ex
636 1035 736 1080 situ,
761 1034 870 1084 quis
857 1032 913 1070 ὐ4-

192 1089 266 1142 ρώς
284 1099 364 1136 est;
389 1093 579 1142 exprimit
601 1093 707 1129 enim
731 1093 914 1129 Homeri-

194 1138 442 1187 cuminam
479 1146 641 1203 δόνεμν
628 1147 832 1204 εὐρώεντα..
855 1171 913 1178 ——

196 1208 293 1250 465.
331 1207 432 1244 Siste
466 1209 655 1260 gradum.
697 1211 785 1246 Hoc
817 1222 913 1246 veto

193 1265 381 1314 praeclare
414 1279 464 1302 ex
505 1266 649 1316 Odyss.
681 1270 727 1313 λ,
761 1267 842 1303 560
875 1275 914 1303 et

195 1325 307 1360 omni
331 1324 512 1360 oratione
543 1323 729 1360 disertius
750 1338 846 1361 mox
863 1325 914 1361 si-

194 1380 364 1417 lentium
403 1393 453 1417 ex
488 1394 527 1418 v.
566 1381 670 1427 562,
696 1395 815 1432 quem
831 1383 912 1429 jam

193 1439 362 1488 Longini
381 1437 406 1488 §
432 1451 456 1487 9
472 1465 482 1482 ‚
507 1438 703 1485 judicium
733 1440 916 1477 nobilita-

193 1497 264 1532 vit.
290 1494 356 1532 Ad
379 1509 414 1533 v,
443 1496 523 1539 466
554 1496 694 1533 facile'
684 1510 727 1533 m
744 1506 916 1535 mentem

192 1554 326 1590 veniat
355 1553 624 1621 Sophocleum
651 1555 783 1594 illud:
815 1552 856 1592 σὲ
877 1552 915 1593 δ’

195 1605 224 1647 ἶ)
255 1622 293 1661 φ.
309 1632 366 1639 ——
388 1624 440 1648 πε
447 1624 508 1648 εσε
511 1610 636 1649 mimo
663 1611 914 1651 Πανυστατω

193 1664 268 1714 Sc,
290 1681 334 1705 κ4
340 1666 413 1706 ότι-4
418 1672 451 1706 τ
470 1671 575 1714 αὐθκς
559 1668 761 1724 ὕστε44ν.
777 1671 914 1723 (Ajac.

195 1727 244 1773 8—
259 1739 274 1762 1
296 1740 354 1778 sq.
369 1727 566 1779 )—-467.
590 1731 716 1766 Torva
739 1738 915 1767 tuentem

191 1782 266 1820 ’4π4
264 1779 351 1836 ὀρθ.
383 1781 553 1822 {Fossa-1.
573 1787 746 1831 ——468.
769 1788 914 1824 Lenez-

191 1841 261 1877 bac
282 1850 377 1879 vett.
409 1855 471 1892 ap.
504 1844 604 1880 Pier.
638 1843 913 1893 Lacri'mzsque

191 1900 333 1936 Franc.
367 1900 553 1937 Ceterum
586 1902 722 1937 Burm.
742 1899 915 1937 difficul-

190 1964 310 1993 tatem
344 1965 450 1993 recte
488 1957 735 2007 percipiebat
767 1959 810 1994 in
844 1970 910 2005 eo,

191 2012 302 2064 quod
325 2025 434 2051 torva
459 2022 636 2051 tuentem
669 2014 848 2052 animum
869 2017 912 2052 in

191 2071 345 2108 Umbra
374 2070 565 2108 exhibere
589 2071 746 2109 videtur
774 2081 910 2122 poeta;

192 2130 341 2167 Jortin.
375 2137 506 2165 autem
536 2130 654 2166 etiam
690 2131 914 2182 corrigebat

193 2186 375 2223 animam
396 2200 409 2223 .·
434 2188 519 2224 sine
546 2187 695 2225 fructu.
716 2189 801 2226 Nec
822 2191 914 2226 satis

194 2253 251 2279 est
288 2246 466 2295 accipere
508 2244 661 2282 dictum
697 2258 796 2295 pro,
823 2246 913 2283 ani-

196 2314 303 2337 mum
340 2301 496 2339 tuentis.
531 2304 638 2350 Nisi,
665 2303 774 2353 quod
799 2304 914 2342 valde

192 2360 395 2408 suspicor,
417 2360 682 2397 emistichium
713 2361 813 2399 male
844 2376 915 2399 ex-

192 2416 348 2464 pletum
366 2425 447 2464 est,
475 2430 601 2467 quum
621 2431 643 2454 a
665 2421 833 2457 Marone
851 2434 912 2457 re-

194 2474 333 2512 lictum
351 2484 451 2513 esset
471 2487 481 2512 ε
516 2475 915 2515 Talibus—mentem

196 2533 368 2570 Lenibat
385 2533 545 2571 dictis...
575 2533 658 2570 Illa
688 2548 718 2573 5.
748 2535 914 2585 Triplex

194 2590 451 2641 expediendae
490 2593 548 2628 rei
594 2590 702 2629 adest
741 2592 916 2630 modus:

193 2651 369 2700 primum
380 2657 426 2686 ut
439 2648 656 2699 distinguas
674 2659 765 2699 post
781 2650 909 2695 dictis,

195 2715 243 2744 ut
264 2709 314 2744 sit
331 2719 340 2744 :
359 2706 540 2743 animum
554 2706 724 2743 lacrima
733 2720 822 2757 5que
840 2708 916 2745 cie-

196 2765 285 2812 bat,
309 2764 516 2811 movebat,
539 2773 583 2801 ut
597 2763 711 2817 θυμὸν
733 2762 830 2818 ὄρινε
851 2773 912 2802 to-

980 977 1052 1014 ties
1069 976 1174 1028 apud
1193 979 1312 1016 Hom.
1334 979 1450 1015 etiam
1471 977 1520 1015 de
1540 979 1696 1016 misera-

978 1034 1101 1073 tione.
1125 1035 1261 1073 Altera
1279 1063 1289 1082 ,
1315 1044 1360 1073 ut
1382 1035 1587 1073 ardentem
1610 1045 1652 1073 et
1669 1047 1696 1074 c.

979 1101 1155 1130 tuentem
1183 1102 1345 1143 quartos
1376 1106 1486 1130 casus
1516 1093 1695 1132 absolute

979 1152 1130 1200 positos
1159 1164 1240 1188 esse
1262 1151 1414 1199 jubeas.
1443 1152 1575 1189 Tertia
1610 1160 1696 1189 tan-

980 1207 1071 1244 dem
1084 1236 1094 1255 ‚
1118 1221 1243 1259 eaque
1260 1211 1400 1247 ceteris
1420 1209 1638 1260 simplicior
1659 1219 1699 1247 et

979 1265 1140 1312 melior,
1175 1274 1220 1302 ut
1266 1266 1444 1303 animum
1481 1268 1696 1305 Homerico

979 1324 1163 1373 exemplo
1176 1324 1344 1375 accipias
1359 1338 1432 1375 pro
1448 1320 1554 1362 κατὰ
1565 1323 1693 1378 θυμὸν,

980 1379 1133 1434 φρένας.
1169 1383 1233 1420 Sic
1260 1395 1334 1432 pro
1362 1382 1518 1432 vulgari
1540 1382 1697 1421 forma:

980 1437 1156 1476 leniebat
1184 1439 1268 1490 ejus
1290 1439 1467 1477 ardentis
1500 1448 1541 1477 et
1557 1449 1667 1479 torva
1680 1471 1691 1485 ‚

982 1505 1116 1544 torve,
1157 1497 1305 1535 tuentis
1363 1497 1565 1544 animum,
1614 1499 1696 1537 non

981 1554 1157 1592 insolens
1201 1564 1261 1593 est
1307 1555 1475 1598 dicere:
1526 1555 1698 1594 leniebat

983 1625 1073 1650 eam
1102 1613 1308 1659 animum,
1331 1613 1485 1652 animo.
1515 1613 1696 1652 Alterum

982 1669 1172 1708 lacrimas
1189 1669 1332 1708 ciebat
1356 1671 1462 1708 haud
1497 1671 1620 1708 dubie
1649 1673 1697 1709 ad

982 1730 1144 1765 AEneam
1162 1737 1333 1778 spectat,
1354 1727 1543 1766 lacrimas
1572 1741 1699 1767 move-

980 1783 1070 1830 bat,
1093 1785 1305 1833 volvebat,
1341 1784 1546 1823 fundebat.
1557 1788 1700 1824 ——Le*

984 1842 1096 1878 nibae
1116 1841 1229 1877 dictis
1249 1841 1449 1887 animum,
1473 1842 1598 1880 lenire
1630 1857 1698 1883 vo-

979 1896 1108 1944 lebat,
1139 1897 1346 1945 studebat,
1365 1911 1459 1936 eam*
1476 1902 1616 1938 iratam
1629 1929 1641 1948 ,
1662 1911 1700 1940 et

979 1958 1103 1993 torvis
1133 1955 1389 2007 obliquisque
1414 1958 1542 1995 oculis
1572 1958 1699 2010 adspi-

978 2014 1162 2052 cientem.
1181 2016 1208 2052 J
1211 2028 1272 2051 am
1291 2027 1365 2064 pro
1378 2014 1503 2053 lenire
1520 2017 1603 2063 ejus
1615 2019 1698 2054 ani-

979 2085 1112 2119 mum,
1135 2071 1266 2110 dicere
1289 2080 1445 2122 poterat
1466 2073 1591 2111 lenire
1615 2087 1698 2112 eam

979 2130 1119 2167 animo
1138 2138 1178 2167 et
1199 2128 1385 2182 (quoad)
1402 2130 1582 2168 animum
1600 2131 1697 2184 (κα-

979 2184 1059 2240 τὰ)
1079 2186 1216 2242 θυμὸν,
1238 2186 1377 2240 φρένας
1390 2216 1401 2234 ,
1420 2197 1470 2225 ut
1487 2199 1589 2239 saepe
1613 2191 1695 2227 Ho—

980 2259 1125 2285 merus,
1149 2247 1206 2284 At
1233 2244 1423 2284 lacrimas
1443 2245 1592 2292 ciebat,
1614 2246 1696 2296 ipse

980 2303 1176 2341 fundebat
1193 2307 1347 2343 AEneas.
1367 2305 1415 2341 In
1433 2304 1516 2352 469
1538 2304 1694 2354 Euripi—

980 2361 1040 2399 dis
1062 2362 1204 2400 Medea
1218 2375 1259 2400 v.
1284 2374 1333 2410 27
1356 2359 1450 2400 Οὐτ’
1471 2357 1563 2412 ὄμμ’
1588 2358 1697 2398 ἐπαί-

981 2421 1084 2472 ρουσ’
1102 2417 1182 2457 οὔτ’
1195 2415 1503 2456 ἀπαλλάσσουσα.
1514 2418 1587 2471 γῆς
1603 2417 1696 2471 πρό-

979 2489 1110 2515 σωπον
1144 2477 1351 2514 obversata
1379 2474 1540 2525 Virgilii
1564 2477 1697 2514 animo

978 2534 1190 2572 videbatur
1200 2531 1456 2578 Valkenario,
1471 2531 1520 2569 ad
1531 2533 1696 2585 Hippol.

978 2606 1019 2642 p,
1045 2604 1138 2642 197,
1156 2598 1214 2619 —'
1234 2596 1331 2636 471.
1355 2589 1560 2640 Mopesia,
1586 2592 1698 2629 Mar-

979 2648 1114 2698 sepia,
1151 2656 1191 2685 et
1223 2648 1267 2685 in
1296 2647 1419 2685 Goth.
1446 2647 1488 2685 in
1516 2647 1693 2699 Arpeia,

980 2706 1244 2743 aberrationes
1283 2704 1538 2743 indoctorum
1576 2705 1699 2743 libra-

979 2764 1146 2802 riorum.
1165 2762 1299 2816 Steph.
1321 2765 1417 2816 Byz.
1445 2760 1670 2817 Μάρπησσα
1683 2793 1694 2810 ,
