1767 3054
172 119 252 154 360
758 115 1037 152 EXCL'RSUS
1070 115 1087 150 I

167 194 210 229 in
229 202 378 228 summa
401 188 627 227 diversitate
658 202 874 226 consensus
895 187 941 225 fit
962 189 1004 224 in
1027 188 1103 224 hoc
1117 216 1127 234 ‚
1160 187 1270 224 urbis
1299 190 1466 238 Segestae
1497 188 1679 228 eondito0

169 273 249 296 rem
270 257 464 295 creditum
489 271 569 294 esse
588 258 804 305 Trojanuiu
821 286 830 303 ,
854 267 892 293 et
909 258 1102 304 Trojanos
1124 257 1290 294 colonos
1311 257 1513 295 veteribus
1531 259 1682 297 Sicanis

170 328 211 362 in
234 326 294 362 his
312 326 409 363 locis
427 326 545 362 fuisse
567 324 776 362 admixtos.
797 326 900 361 Nota
926 337 986 360 res
1015 324 1077 360 vel
1105 337 1155 361 ex
1175 326 1358 362 Ciceron.
1382 327 1495 362 verr.
1516 327 1590 373 IV,
1613 327 1678 363 33.

169 395 410 444 (Accessere
442 407 536 431 mox
568 394 696 430 Gra-ci
726 392 860 428 coloni
882 403 891 428 :
913 391 982 428 sed
1007 391 1069 428 vel
1097 393 1152 428 sic
1177 393 1282 442 apud
1306 393 1490 444 Thucyd.
1514 395 1595 441 VI,
1632 407 1679 432 11

169 462 301 499 Nicias
326 474 392 498 eos
422 460 607 497 barbaros
639 458 810 509 appellat
840 454 930 510 περὶ
961 448 1187 512 Ἐγεσταίων
1221 455 1370 513 ἀνδρῶν
1396 456 1623 514 βαρὲάρων·
1645 469 1684 499 et

168 530 224 565 sic
250 542 309 565 res
336 541 376 565 se
393 527 533 563 habuit
559 528 602 562 in
630 525 829 575 plerisque
845 526 988 564 Siculis
1016 525 1264 572 civitatibus3
1285 539 1375 576 quae
1392 541 1454 565 res
1475 528 1683 566 dissensio·
1723 538 1726 539 ’

168 610 264 633 num
288 597 341 632 cix
352 596 465 632 ilium
486 601 678 645 perpetua
701 606 834 630 caussa
867 603 904 630 et
935 594 1024 630 fons
1055 602 1162 640 erat,
1183 607 1222 631 v.
1247 593 1347 632 ibid.
1375 608 1409 633 c.
1440 595 1535 647 17.)
1563 600 1683 635 Recte

167 665 285 702 Silius
303 665 416 709 XIV,
436 663 487 707 45
511 662 757 699 Miscuerunc
774 660 995 713 Phrygiam
1012 661 1169 711 prolem
1193 661 1393 713 Trojanus
1405 665 1570 701 Acestes
1591 667 1682 702 Tro-

158 731 361 781 janusque
382 731 575 779 Helymus
607 738 682 766 etc.
712 730 898 767 Proxime
919 729 968 766 ad
987 738 1116 779 poetae
1137 729 1266 774 vverba
1286 729 1427 767 Strabo
1447 731 1550 768 XIII
1563 757 1573 776 ‚
1591 744 1679 783 pag.

167 799 249 836 608
270 801 326 838 B:
347 796 380 836 οἱ
408 793 451 835 δὲ
472 794 595 850 (φασὶ
615 796 678 835 τὶν
699 794 880 847 Αἰνείαν)
907 795 955 841 εἰς
976 794 1170 851 Αἰγέσταν
1197 796 1370 850 κατᾷραι
1389 800 1456 842 τῆς
1479 795 1678 848 Σικελίας,

164 865 228 904 σὺν
253 857 394 920 Ἐλύμῳ
415 862 539 919 Τρωὶ,
568 862 636 902 καὶ
656 856 789 918 &pum
813 861 881 901 καὶ
901 860 1110 902 Λιλὺἕαιον
1130 863 1368 914 κατασχεῖν,
1394 861 1462 903 καὶ
1479 863 1679 919 ποταμοὺς

162 929 253 986 περὶ
283 930 475 987 Αἰγέα-ταν
505 935 822 986 πρεσαγερεῦσαι
853 927 1110 986 Σκάμανδρον
1133 928 1201 969 καὶ
1224 928 1426 985 Σιμόεντα.
1459 933 1680 984 Dionysius

163 1014 257 1038 vero
273 1029 283 1046 ‚
315 1009 502 1050 tanquam
534 1002 853 1037 communiorem
883 1002 1153 1036 narrationem
1168 1028 1178 1046 ‚
1197 999 1258 1036 his
1281 1012 1364 1037 non
1387 998 1588 1036 dissimilia
1611 1013 1679 1037 ex-

161 1068 278 1117 ponit
295 1067 322 1104 1.
342 1068 360 1103 Ι
374 1095 384 1114 ,
414 1068 464 1104 52
481 1095 492 1113 ‚
518 1066 737 1104 secundum
765 1080 854 1117 quae
883 1067 1050 1118 Elymus
1071 1075 1109 1103 et
1137 1070 1318 1117 AEgestus
1340 1067 1418 1114 jam
1439 1075 1528 1104 ante
1549 1067 1680 1114 Trojae

162 1133 362 1171 excidium
379 1134 480 1171 urbe
498 1134 755 1186 profugerant
768 1162 779 1180 ‚
804 1143 843 1171 et
861 1143 982 1171 vento
999 1134 1178 1171 secundo
1199 1134 1261 1170 usi
1287 1134 1330 1170 in
1349 1133 1520 1171 Siciliam
1538 1146 1678 1184 perve—

162 1211 316 1239 nerant.
348 1203 401 1239 Hi
432 1204 536 1239 circa
569 1203 780 1240 Crimisum
799 1201 841 1240 fl.
858 1231 868 1249 ‚
900 1202 949 1239 de
976 1216 1057 1252 quo
1085 1216 1167 1239 non
1194 1203 1325 1238 minus
1354 1201 1480 1238 multa
1500 1201 1677 1240 fabulose

161 1279 393 1316 narrantur,
421 1284 461 1308 v.
487 1269 592 1320 apud
615 1270 747 1308 Schol.
777 1269 978 1321 Lycophr.
997 1270 1078 1320 953
1094 1298 1105 1317 ‚
1134 1277 1213 1318 471
1232 1297 1243 1316 ‚
1261 1270 1304 1306 in
1327 1270 1561 1307 Sicanorum
1583 1281 1676 1321 agro

163 1338 451 1384 consederunt,
473 1347 584 1389 parte
602 1341 680 1390 agri
701 1337 751 1374 ab
770 1338 832 1374 his
850 1347 1008 1389 accepta
1022 1367 1032 1385 ‚
1049 1346 1216 1389 propter
1233 1338 1382 1388 AEgesti
1400 1337 1676 1388 cognationem

161 1409 244 1457 qui,
263 1408 305 1444 in
324 1406 456 1444 Sicilia
474 1420 522 1442 na
532 1415 590 1443 tus
609 1415 646 1444 et
664 1406 854 1443 educatus
869 1434 879 1453 ‚
899 1420 1023 1456 quum
1042 1406 1275 1444 adolevisset
1289 1434 1299 1452 ‚
1315 1406 1474 1454 Trojam
1490 1404 1672 1448 redierat,

160 1473 283 1523 Quod
310 1473 516 1523 quomodo
537 1474 684 1511 factum
715 1475 788 1521 sit,
816 1487 912 1511 mox
942 1487 963 1510 a
990 1474 1189 1525 Dionysio
1218 1473 1246 1511 l.
1275 1486 1310 1511 e.
1343 1480 1542 1511 narratur.
1571 1474 1674 1509 Tum

164 1553 316 1592 porro:
339 1541 413 1578 hos
443 1554 534 1578 suos
563 1541 776 1591 populares
808 1555 932 1591 quum
963 1543 1004 1578 in
1030 1541 1092 1578 his
1122 1542 1221 1579 locis
1247 1540 1478 1579 offendisset
1506 1543 1670 1586 AEneas,

161 1616 336 1646 amanter
349 1621 442 1645 cum
455 1609 501 1644 iis
519 1607 680 1657 aliquod
695 1617 848 1657 tempus
870 1609 1014 1657 exegit,
1036 1607 1235 1657 urbesque
1254 1609 1300 1644 iis
1316 1605 1510 1652 condidit,
1523 1600 1592 1642 καὶ
1604 1618 1673 1643 κα·

160 1674 443 1719 τασκευοίζεται
457 1674 585 1718 αὐτοῖς
598 1672 727 1717 πόλεις
747 1672 940 1729 Αἰγέσταν
962 1670 1030 1712 καὶ
1049 1665 1208 1727 Ϊὲλυμα,
1231 1682 1462 1724 partemque
1479 1673 1672 1710 comitum

160 1745 216 1782 ibi
240 1745 444 1794 relinquit.
476 1746 536 1781 De
560 1742 717 1791 Elymis
739 1742 840 1778 infra
862 1742 1099 1779 videbimus.
1119 1742 1197 1780 Sed
1218 1743 1448 1793 Segestam,
1483 1749 1669 1791 apparet,

159 1826 278 1864 quam
309 1813 512 1863 ingeniose
544 1819 659 1861 poeta
689 1811 923 1861 arripuerit,
944 1819 989 1847 ut
1016 1811 1065 1847 ab
1086 1813 1207 1847 AEnea
1226 1809 1427 1847 conditam
1448 1822 1535 1846 eam
1557 1822 1669 1846 nunc

159 1880 399 1931 perhiberet,
417 1892 509 1916 cum
530 1879 713 1927 trajectus
726 1879 769 1914 in
786 1879 938 1915 Italiam
957 1876 1082 1925 fieret,
1102 1886 1148 1914 ut
1161 1877 1261 1914 adeo
1280 1877 1364 1923 ejus
1380 1877 1543 1913 comites
1557 1875 1668 1925 longi

159 1949 304 1986 erroris
330 1947 446 1984 taedio
465 1948 591 1997 capti,
614 1954 725 1996 parte
752 1947 867 1983 etiam
895 1947 1058 1983 navium
1078 1944 1264 1982 incendio
1284 1951 1516 1990 consumta,
1532 1944 1576 1980 in
1598 1956 1669 1982 no·

160 2029 247 2053 vam
262 2015 458 2053 coloniam
469 2014 838 2051 transcriberentur.
850 2015 910 2050 De
921 2013 982 2049 his
994 2013 1067 2051 inf.
1085 2026 1104 2059 7
1118 2025 1134 2049 1
1146 2025 1162 2049 1
1180 2025 1266 2062 sqq.
1284 2018 1463 2066 749‚⁵<1<1·
1474 2013 1571 2050 Etv.
1587 2023 1607 2059 7
1620 2012 1666 2048 18

161 2085 295 2121 urbem
319 2082 586 2134 appellabunt
601 2081 797 2133 permisso
826 2081 987 2118 nomine
1014 2084 1220 2118 Acestam.
1238 2083 1330 2131 Quo
1349 2079 1608 2132 intelligitur,
1628 2094 1668 2126 v,

165 2152 245 2200 756
271 2150 344 2188 lzoc
374 2150 520 2195 Ilium,
551 2160 590 2187 et
609 2149 693 2187 hcec
713 2151 800 2187 loca
829 2152 864 2187 T
861 2149 990 2201 rojam
1014 2151 1112 2186 Esse
1126 2149 1264 2201 jubet,
1290 2161 1374 2186 non
1396 2148 1447 2185 ad
1465 2148 1578 2187 urbis
1595 2160 1669 2186 no·

161 2232 276 2264 men,
304 2217 373 2254 sed
407 2216 455 2254 ad
486 2218 648 2269 originis
672 2220 704 2255 T
710 2218 855 2265 rojanae
882 2216 1197 2254 recordationem
1222 2223 1261 2253 et
1282 2213 1668 2266 repraesentationem

161 2298 243 2322 esse
281 2284 547 2322 referendum.
583 2286 752 2330 Nescio,
783 2297 832 2321 an
862 2285 915 2321 ita
938 2285 1191 2321 Burmannus
1219 2296 1253 2321 e.
1280 2283 1308 2321 1.
1342 2283 1562 2333 acceperit,
1597 2280 1668 2319 ubi

164 2356 332 2391 Ruaeum
366 2352 523 2389 refellit.
544 2353 681 2389 Potuit
709 2360 840 2389 tamen
858 2360 975 2402 poeta
995 2359 1064 2388 aut
1083 2352 1275 2401 accepisse
1299 2348 1378 2388 hoc
1401 2357 1468 2387 aut
1491 2347 1641 2400 fingere
1656 2377 1665 2394 ‚

167 2418 283 2455 fuisse
310 2420 351 2455 in
374 2421 457 2470 ipsa
477 2420 576 2457 urbe
596 2420 686 2457 loca
705 2420 754 2457 ab
774 2423 894 2457 AEnea
918 2421 961 2457 iis
981 2419 1213 2458 nominibus
1242 2418 1463 2470 designata,
1483 2424 1529 2454 ut
1551 2418 1668 2465 Troja

170 2495 209 2524 et
231 2485 350 2522 Ilium
379 2496 529 2533 essent3
556 2487 750 2538 siquidem
771 2489 885 2525 etiam
906 2487 1022 2524 fluvii
1043 2487 1206 2524 fuerunt
1221 2486 1363 2525 Simois
1378 2492 1417 2521 et
1431 2483 1667 2522 Scamander

171 2556 215 2590 in
242 2566 334 2604 agro
366 2554 488 2591 urbis.
512 2569 549 2592 v.
575 2556 715 2593 Strabo
730 2558 856 2602 XIII,
879 2570 919 2606 p.
942 2556 1024 2593 608
1046 2557 1099 2601 Β,
1130 2567 1212 2605 quo
1228 2553 1330 2591 forte
1349 2553 1523 2603 respexit
1552 2561 1667 2603 poeta

173 2623 224 2667 V,
255 2621 336 2663 634
359 2621 538 2658 Nullane
560 2622 647 2672 jam
677 2623 806 2674 Trojce
829 2623 1013 2660 dicentur
1033 2621 1213 2660 moenia?
1233 2633 1429 2671 nusquam
1455 2621 1669 2658 Hectoreos

175 2700 316 2723 amnes
346 2686 551 2725 Xanthum
587 2698 627 2725 et
655 2690 861 2727 Simoenta
885 2689 1066 2727 videbo?
1099 2689 1181 2727 Nec
1199 2700 1295 2726 vero
1312 2688 1419 2738 ipsos
1442 2690 1669 2739 Segestanos

177 2756 323 2793 alienos
341 2753 458 2792 fuisse
477 2755 525 2792 ab
547 2769 589 2792 ea
610 2756 708 2793 fama
722 2785 732 2801 ‚
755 2757 891 2796 deberi
907 2760 1039 2795 AEneae
1057 2757 1228 2806 origines
1247 2768 1334 2793 suas
1346 2784 1357 2803 ,
1376 2755 1560 2808 colligere
1578 2755 1673 2794 licet
