1767 3054
692 137 844 174 LIBER
878 136 927 171 V.
1516 148 1564 181 ²7

64 212 324 259 Sublimem
343 206 544 272 pedibus
565 206 724 270 rapuit
745 207 877 253 Jovis
904 204 1108 266 armiger
1134 207 1279 251 uncis.

1506 216 1565 246 255

63 285 287 349 Longaevi
306 283 482 346 palmas
502 281 823 343 nequidquam
850 279 908 325 ad
929 279 1082 325 sidera
1107 279 1308 325 tendunt

65 358 316 415 Custodes,
336 356 563 418 saevitque
589 373 758 402 canum
782 356 976 401 latratus
997 354 1044 398 in
1070 369 1225 400 auras.

63 439 147 493 At,
173 434 254 496 qui
275 431 446 479 deinde
467 432 622 477 locum
645 431 794 476 tenuit
815 431 992 476 virtute
1011 429 1297 486 seeundum,

64 506 271 555 Levibus
293 506 404 552 huic
423 506 574 552 hamis
595 517 860 551 consertam
887 520 1100 566 auroque
1122 504 1323 550 trilicem

62 583 305 639 Loricam,
328 596 470 643 quam
499 581 728 626 Demoleo
754 580 1026 626 detraxerat
1049 579 1148 642 ipse

1509 591 1568 621 26¹)

63 658 228 705 Victor
247 656 376 720 apud
404 656 621 719 rapidum
652 657 893 702 Simoenta
919 654 1007 701 sub
1030 656 1116 701 Ilio
1137 655 1254 712 alto,

65 735 221 780 Donat
241 730 418 778 habere
443 731 572 791 viro,
600 731 742 778 decus
767 743 813 777 et
839 740 1048 776 tutamen
1070 730 1118 775 in
1145 731 1299 776 armis.

68 934 240 973 scribere
278 932 478 983 potuisse,
523 932 565 967 in
602 930 783 968 confesso

67 994 131 1030 sit.
142 1013 199 1020 —
212 989 400 1040 Anniger
413 987 520 1025 lovis
531 1002 687 1038 pra'pes
697 990 784 1036 jun-

68 1049 242 1102 gendum
256 1077 267 1095 ‚
306 1047 514 1098 suppleto,
558 1048 588 1082 si
627 1047 782 1096 placet,

69 1108 184 1152 alcu
213 1105 262 1143 de
286 1104 417 1155 aquila
447 1103 525 1153 (ex
547 1113 684 1141 nostro
708 1103 785 1140 hoc

69 1165 272 1216 adoptavit
294 1162 424 1200 Valet.
444 1162 501 1199 Fl.
526 1163 567 1208 1,
598 1163 701 1208 156;
723 1163 760 1198 11
774 1189 783 1207 ‚

74 1231 97 1268 4
109 1231 154 1268 ῐ4
172 1222 186 1273 )
203 1235 214 1267 ;
238 1229 305 1257 aut
323 1233 438 1270 quem
452 1233 611 1270 pra’pes
627 1218 762 1270 rapuit
774 1246 784 1265 ,

70 1281 272 1319 velociter.
301 1278 484 1315 Tendunt
493 1278 678 1326 palmas,
703 1289 786 1314 non

71 1340 279 1382 mirantes,
319 1344 363 1373 ut
398 1337 534 1372 Heius.
573 1347 616 1372 ac
649 1337 784 1372 Burm.

72 1409 164 1433 cum
206 1396 314 1432 Serv.
353 1392 670 1438 contendebant,
716 1392 788 1428 etsi

70 1465 189 1491 nemo
205 1459 320 1502 neget
332 1463 413 1487 esse
429 1452 544 1487 etiam
557 1451 787 1486 mirantium

71 1523 163 1548 eum
183 1517 336 1561 gestum
352 1521 362 1554 3
380 1507 448 1544 sed
466 1508 638 1558 graviter
657 1507 786 1543 feren·

73 1576 130 1606 tes
143 1595 154 1613 ‚
180 1580 224 1604 ac
244 1565 411 1603 deorum
432 1564 552 1602 fidem
576 1564 788 1614 imploran-

73 1634 155 1671 tes,
186 1632 231 1662 ut
251 1632 289 1660 et
306 1637 366 1661 res
382 1623 554 1674 postulat
573 1631 611 1659 et
634 1625 784 1672 Hymn.

72 1683 115 1720 in
134 1685 280 1720 Vener.
313 1682 420 1728 208,
451 1681 524 1718 ubi
553 1681 712 1730 copiose
740 1679 788 1715 de

73 1741 188 1779 Trois
203 1739 326 1789 patris
341 1738 452 1775 luctu
463 1740 605 1789 agitur.
620 1739 789 1787 Expres-

74 1798 124 1834 sit
153 1797 285 1835 locum
314 1798 460 1834 Statius
482 1795 611 1833 Theb.
632 1797 674 1840 Ι,
706 1795 786 1838 548

75 1867 134 1903 sq.
158 1855 239 1892 Nec
259 1861 388 1890 tamen
405 1853 575 1902 aquilam
593 1855 790 1890 Homerus

79 1911 280 1955 meminit,
319 1923 393 1947 nec
420 1911 533 1947 Iliad.
560 1923 607 1956 υ,
639 1911 791 1946 233-

81 1969 160 2007 235
189 1976 228 2005 et
261 1979 301 2014 ε,
337 1968 443 2013 266,
477 1967 574 2013 267.
605 1966 793 2004 Custodes

78 2040 116 2065 v.
144 2025 218 2063 inf.
250 2024 299 2062 ad
341 2025 437 2068 546.
472 2023 590 2060 Saevie
623 2024 792 2061 latratus

78 2083 118 2121 in
135 2096 278 2127 auras,
306 2091 468 2127 ornate;
493 2083 548 2118 sic
566 2090 696 2118 tamen
712 2082 791 2128 jam

78 2150 192 2179 antea
207 2142 350 2178 Varius
378 2139 483 2190 apud
506 2139 685 2176 Macrob.
709 2140 791 2184 VI,

78 2202 155 2239 Sat.
177 2211 199 2236 2
228 2198 308 2236 Ceu
331 2197 446 2234 cauc's
468 2197 688 2233 umbrosam
714 2197 792 2233 Ius-

79 2266 190 2294 trans
217 2255 413 2305 Gortynia
440 2254 621 2298 vallem,
661 2254 795 2291 Sive-

80 2314 172 2353 teris
200 2314 334 2365 potuit
363 2327 485 2351 cerva*
515 2312 796 2362 comprendere

81 2372 204 2410 lustra
219 2400 230 2417 ‚
261 2371 381 2409 Saevie
403 2371 442 2407 iu
469 2370 695 2414 absentem,
730 2378 789 2414 et,

82 2430 228 2468 cin-um
244 2429 422 2481 ‘vestigia
438 2429 606 2465 lustrans
617 2456 628 2472 ,
656 2426 794 2465 fliche-

82 2501 129 2525 ra
147 2501 227 2539 per
250 2486 419 2526 nitidum
454 2495 592 2524 tenues
623 2494 798 2522 sectatur

83 2545 236 2585 odores.

147 2603 388 2642 258—265.
403 2603 544 2641 Altero
566 2601 657 2639 loco
674 2603 801 2638 victur

84 2661 330 2701 Mnestheus.
359 2662 497 2699 Lorica
527 2673 602 2711 pro
636 2660 802 2711 praemio

86 2719 202 2758 etiam
225 2717 391 2757 inludis
427 2718 596 2757 Achillis
629 2719 805 2756 occurrit

88 2775 116 2816 l.
145 2789 181 2817 c.
207 2776 254 2816 11.
280 2772 321 2828 ψ,
357 2776 460 2826 560,
490 2786 535 2814 ut
562 2784 601 2815 et
630 2775 737 2814 lebes
764 2790 801 2814 v.

851 932 876 968 6
888 944 901 967 1
913 932 933 968 3
950 958 961 977 ‚
982 943 1101 981 quem
1120 930 1294 981 respexit
1316 937 1463 969 noster.
1486 932 1567 968 Ha-

852 989 925 1026 mis
944 998 1169 1025 consertam
1199 1001 1376 1039 auroque
1399 988 1566 1026 trilicem

851 1061 891 1085 v.
909 1060 999 1096 sup.
1017 1046 1108 1084 adl.
1128 1047 1187 1082 111
1201 1075 1212 1093 ‚
1235 1047 1312 1093 467
1332 1060 1342 1092 ;
1367 1054 1425 1083 est
1443 1044 1568 1084 ἁλυσι-

854 1100 977 1147 ὃωτὸς
1007 1103 1154 1154 triplici
1183 1104 1426 1141 annulorum
1452 1106 1566 1142 serie.

854 1165 909 1201 Ut
939 1163 1052 1198 trinis
1077 1162 1201 1207 liciis,
1230 1175 1299 1199 seu
1328 1161 1429 1208 filis,
1463 1171 1569 1199 texta

852 1220 972 1256 vestis
995 1221 1160 1256 crassior
1181 1233 1225 1256 ac
1251 1221 1412 1270 spissior
1437 1228 1494 1257 est
1522 1219 1569 1256 ad

855 1290 1001 1327 corpus
1029 1276 1250 1324 tuendum,
1276 1279 1331 1314 sic
1360 1278 1473 1314 trinis
1500 1290 1569 1314 an-

853 1335 1043 1372 nulorum
1058 1335 1267 1372 ordinibus
1285 1341 1469 1372 constans
1487 1335 1572 1372 tho-

855 1406 939 1430 rax,
962 1393 1142 1430 Demolei
1158 1392 1260 1429 illud
1276 1393 1446 1443 spolium
1463 1391 1569 1439 facit,

854 1462 965 1487 more
994 1450 1166 1487 ornandi
1196 1459 1235 1487 et
1268 1449 1572 1488 commendandi

855 1509 1068 1545 Homerico
1081 1536 1091 1554 ‚
1113 1521 1232 1558 quem
1250 1509 1293 1545 in
1312 1509 1478 1545 Homeri
1493 1507 1571 1546 lec-

856 1566 964 1603 tione
996 1567 1207 1615 saepissime
1235 1565 1490 1612 observabi83
1529 1567 1573 1603 in

855 1623 979 1660 lorica
1001 1623 1163 1673 quidem
1184 1626 1267 1674 ipsa
1288 1623 1400 1661 Iliad.
1421 1636 1439 1660 0
1453 1651 1463 1670 ‚
1488 1623 1570 1674 529

856 1694 941 1730 sqq.
968 1681 1154 1718 Ceterum
1172 1708 1183 1726 ‚
1216 1681 1323 1731 apud
1351 1683 1572 1718 Homerum

855 1738 1076 1775 Demoleon
1098 1739 1263 1789 quidem
1283 1747 1341 1776 est
1359 1741 1576 1776 Antenoris

856 1794 963 1832 filius
982 1795 1095 1834 Iliad.
1125 1808 1172 1843 υ,
1210 1797 1305 1846 395.
1335 1798 1423 1834 Hoc
1443 1806 1574 1834 tamen

856 1852 948 1890 loco
981 1854 1129 1890 factum
1161 1863 1219 1890 est
1247 1867 1396 1891 nomen
1430 1854 1577 1892 Achivi

859 1907 1076 1962 Δημόλεως.
1103 1931 1162 1939 -
1182 1912 1278 1960 259.
1298 1913 1447 1948 Versus
1469 1912 1577 1948 idem

858 1980 947 2017 sup.
966 1969 1050 2013 111,
1085 1968 1182 2014 467.
1200 1989 1259 1996 —-
1279 1968 1374 2005 261.
1397 1971 1493 2020 παρ’
1510 1966 1577 2017 ὅχ-

859 2024 961 2074 Οῃσιν
997 2021 1211 2076 Σιμόεντος.
1238 2025 1447 2062 Simeonta
1470 2053 1481 2071 ‚
1514 2025 1576 2062 Si-

861 2091 1025 2119 mounta
1038 2081 1340 2121 aberrant.Alta
1352 2091 1429 2120 tres
1439 2084 1576 2121 ll'eins.

861 2152 942 2176 non
962 2140 1216 2191 ineleganter.
1236 2155 1275 2179 v,
1296 2143 1433 2179 Heius.
1455 2141 1505 2178 ad
1528 2143 1579 2179 0-

860 2197 943 2234 vid.
963 2198 1086 2247 Epist.
1105 2199 1147 2244 Ι,
1170 2199 1238 2242 48.
1261 2199 1339 2236 Sub
1365 2198 1468 2235 Ilion
1494 2198 1578 2235 alto

861 2263 1033 2304 quatuor
1054 2267 1116 2306 ap.
1136 2258 1270 2295 Burm.
1297 2256 1366 2293 sub
1383 2255 1488 2293 Ilion
1517 2255 1578 2292 al-

862 2322 941 2349 tom
969 2312 1088 2351 wall.
1109 2313 1178 2350 sub
1201 2313 1306 2351 Ilion
1331 2315 1458 2351 altum
1485 2316 1578 2351 Par-

862 2370 962 2408 rhas.
976 2370 1045 2406 sub
1058 2371 1162 2408 Ilion
1175 2372 1261 2409 alta
1275 2372 1397 2409 Goth.
1411 2385 1487 2409 sec.
1501 2371 1578 2409 Sed

862 2428 1060 2480 vulgatam
1073 2430 1432 2467 Grammaticorum
1448 2437 1581 2467 aucto-

863 2486 976 2523 ritate
992 2485 1165 2524 firmavit
1181 2488 1480 2526 Heius—262.
1504 2487 1584 2524 De-

867 2556 934 2581 cus
944 2553 982 2582 ec
993 2553 1183 2590 tutamen,
1199 2546 1470 2597 vS.Apollonii
1487 2543 1516 2582 l.
1529 2545 1583 2590 H,

872 2603 979 2650 1076
997 2602 1067 2639 ubi
1087 2602 1136 2640 de
1155 2604 1276 2642 domo
1296 2604 1435 2655 tegulis
1456 2610 1557 2640 tecta
1574 2615 1585 2642 ε

870 2654 1052 2713 δώματος
1090 2659 1257 2716 ἀγλαΐην
1288 2658 1356 2699 καὶ
1381 2659 1491 2699 ὑετοῦ
1524 2658 1588 2711 ἔμ-

870 2730 983 2771 μεναι
1008 2715 1136 2772 ἄλκαρ
1152 2748 1163 2766 ,
1194 2719 1365 2756 illustrat
1390 2717 1586 2763 Dorvill.;

871 2776 940 2815 sed
952 2776 1145 2830 Virgilius
1162 2779 1420 2816 Homericum
1438 2787 1593 2825 expres>
