1767 3054
170 189 245 228 23].

789 183 1034 221 ΕλΕΙΒΟὸ

166 259 214 303 81
242 273 384 318 gener
407 268 600 303 externa
624 256 799 317 petitur
819 254 878 300 de
898 266 1034 316 gente
1060 253 1260 309 Latinis,

168 329 318 390 quue
340 331 490 386 sedet,
515 329 757 390 Faunique
781 338 1002 390 premunt
1026 337 1070 372 te
1092 327 1221 388 jussa
1243 327 1481 389 parentis;

172 408 373 450 Omnem
391 403 610 465 equidem
636 403 832 464 sceptris
858 412 1031 447 terram
1057 416 1161 461 quae
1184 400 1333 446 libera
1359 401 1528 447 nostris

175 477 405 534 Dissidet,
431 489 672 523 externam
696 492 827 533 reor,
855 477 985 522 etsie
1010 474 1165 521 dicere
1189 476 1337 523 divos.
1363 523 1371 530 ⁵

1609 485 1668 526 370

180 556 238 598 Et
259 555 444 608 Turno,
470 553 509 597 si
533 552 685 613 prima
705 550 874 595 domus
899 561 1139 612 repetatur
1165 551 1321 612 origo,

181 628 381 673 Inachus
405 626 709 687 Acrisiusque
734 636 914 687 patres,
939 625 1198 686 mediaeque
1222 622 1447 686 Mycenae.
1475 649 1491 665 υ

252 703 335 746 His
358 701 441 747 ubi
465 700 785 763 nequidquam
811 700 947 746 dictis
972 711 1190 762 experta,
1217 700 1435 746 Latinum

186 779 363 821 Contra
390 785 512 821 stare
538 775 688 834 videt,
714 775 995 837 penitusque
1016 775 1065 819 in
1089 774 1268 820 viscera
1286 774 1469 836 lapsum

187 850 430 910 Serpentis
455 849 620 895 furiale
641 849 837 906 malum,
862 859 1102 910 totamque
1124 859 1338 910 pererrat
1356 867 1370 906 3

188 927 311 969 Tum
334 939 448 969 vero
470 924 656 980 infelix,
681 923 948 985 ingentibus
973 924 1124 970 exeita
1144 924 1386 978 monstris,

190 1002 456 1043 Inmensum
481 998 578 1043 sine
604 1013 735 1043 more
760 998 874 1044 furit
898 998 1138 1060 lymphata
1161 1014 1247 1060 per
1270 996 1451 1043 urbem.

193 1155 357 1191 Amatae.
380 1154 483 1191 conf.
506 1156 615 1192 Serv,
631 1175 685 1182 —
702 1155 779 1202 367
798 1168 904 1204 seqq.

195 1211 345 1249 Callide
373 1212 498 1248 elevat
524 1211 586 1256 id,
623 1211 732 1261 quod
761 1220 906 1248 tantam

196 1269 244 1305 ad
271 1269 401 1305 mariti
418 1269 595 1305 animum
615 1270 694 1305 vim
715 1269 906 1315 habebat,

193 1328 321 1363 Fauni
355 1326 559 1363 oraculum
574 1354 585 1372 ‚
626 1324 722 1362 dum
755 1325 796 1363 id
826 1339 909 1363 non

195 1386 328 1420 minus
356 1383 403 1420 ad
428 1386 612 1421 Turnum
635 1383 773 1421 referri
795 1397 909 1434 posse

196 1444 274 1487 ait3
304 1455 384 1478 esse
415 1442 521 1477 enim
545 1449 729 1478 externos
757 1441 907 1478 haben-

195 1498 267 1535 dos
284 1512 434 1544 omnes,
453 1500 523 1547 qui
541 1511 624 1535 non
640 1499 769 1535 Latini
786 1511 909 1548 regno

197 1556 365 1593 subsint.
387 1558 489 1593 Tum
516 1567 610 1591 vero
634 1557 818 1592 Turnum
835 1556 911 1592 ori-

198 1614 330 1665 ginem
367 1624 528 1661 quoque
565 1611 707 1648 habere
742 1625 762 1648 a
797 1621 912 1662 gente

197 1670 404 1721 peregrina
416 1697 426 1715 ‚
447 1677 486 1705 et
501 1676 612 1705 extra
629 1668 778 1705 Italiam
797 1682 913 1718 agen-

200 1737 239 1765 te
254 1755 264 1773 ‚
295 1727 343 1763 ab
363 1726 535 1777 Argivis,
555 1747 610 1753 —
633 1728 727 1772 370.
752 1725 917 1763 Desidet

199 1787 297 1835 Reg.
318 1787 484 1820 Poscere
501 1782 646 1820 Medic.
666 1796 685 1819 a
704 1795 807 1820 man.
827 1797 887 1833 pr.
902 1811 912 1828 ‚

198 1842 416 1878 variatione
436 1852 520 1877 non
537 1840 706 1877 insolita.
730 1843 830 1879 Nam
853 1839 914 1876 di-

200 1912 288 1936 cere
304 1906 361 1935 est
381 1897 635 1942 constituere,
655 1898 915 1934 constitutum

201 1957 359 1994 habere.
385 1976 442 1983 —-
458 1956 505 2000 37
517 1967 553 1990 2.
571 1954 718 1991 stledz'oe
737 1956 917 2002 Mycena:

201 2012 475 2063 accipiendum
496 2019 540 2047 ut
568 2012 610 2047 in
635 2011 706 2048 illo
726 2023 735 2048 τ
757 2024 807 2047 ex
833 2023 913 2047 me-

203 2071 267 2108 dia
289 2070 443 2107 Graecia
465 2069 548 2115 ejus
566 2069 684 2118 stirps
705 2067 823 2104 ducta
844 2077 914 2105 est.

202 2127 323 2166 Dedit
342 2135 474 2164 autem
489 2133 607 2175 poeta
621 2138 692 2162 seu
710 2125 822 2161 famae
839 2124 916 2162 hoe

202 2199 271 2223 seu
290 2185 451 2235 ingenio
465 2210 475 2228 ‚
507 2190 552 2218 ut
574 2183 702 2220 Turni
724 2183 917 2234 originem

205 2257 223 2278 a
247 2245 379 2280 Danae
392 2269 404 2288 ‚
427 2241 557 2279 Persei
575 2249 697 2277 matre
710 2268 720 2286 ‚
743 2248 913 2291 peteret,

203 2313 314 2349 quae,
342 2311 466 2350 quum
498 2299 596 2334 iram
623 2298 743 2347 patris
772 2299 917 2334 Acrisii

204 2364 397 2393 metueret
410 2384 420 2402 ‚
442 2356 535 2392 navi
553 2355 597 2390 in
613 2354 766 2391 Italiam
782 2363 840 2392 est
855 2354 916 2391 de-

199 2413 300 2457 lata,
332 2412 469 2461 ibique
499 2410 672 2449 Ardeam
706 2411 913 2451 condidit:

203 2469 308 2507 conf.
329 2469 400 2506 inf.
424 2476 505 2519 409
526 2482 608 2518 sq.;
640 2478 777 2507 contra
795 2482 914 2520 quam

200 2540 256 2564 vu
274 2528 372 2562 uaris
401 2527 504 2563 inter
531 2525 688 2564 Graecos
707 2525 839 2563 fabula
857 2527 912 2563 fe-

202 2584 334 2628 rebat,
357 2594 433 2632 qua
452 2584 497 2619 in
524 2594 652 2620 arcam
678 2596 768 2621 cum
787 2596 912 2634 puero

200 2641 352 2678 inclusa
386 2641 486 2675 mari
520 2639 568 2676 ad
605 2640 775 2678 insulam
810 2643 912 2680 Seri-

199 2699 322 2748 phum
344 2704 514 2734 enatasse
531 2706 684 2734 narrata
704 2707 773 2736 est.

256 2755 497 2802 373—‚-377.
522 2755 689 2791 Tentato
712 2757 765 2791 ita
782 2756 907 2792 Latini

193 2814 348 2857 animo,
379 2823 503 2863 quum
525 2823 615 2848 eum
641 2810 751 2850 videt
768 2821 906 2848 contra

973 1165 1076 1191 stare
1107 1153 1207 1205 (pro
1241 1153 1416 1204 vulgari,
1452 1150 1681 1200 resistere),

974 1213 1182 1262 quumque*
1193 1223 1390 1247 venenum
1414 1209 1558 1259 (docte
1581 1221 1590 1246 :
1608 1220 1682 1244 ser-

967 1268 1114 1320 pentis
1130 1266 1287 1319 furiale
1321 1266 1497 1315 malum)
1537 1267 1687 1302 interea

975 1329 1018 1363 in
1037 1327 1174 1363 intima
1203 1327 1354 1362 Amatae
1379 1323 1592 1375 praecordia
1620 1336 1688 1372 pe-

976 1385 1145 1421 netravit
1158 1384 1316 1420 etc.——-3
1325 1382 1390 1430 76.
1404 1380 1567 1433 fllagnis
1579 1392 1689 1417 exer-

976 1441 1056 1477 cita
1073 1440 1253 1477 monstris
1271 1452 1345 1491 pro
1362 1439 1442 1477 div.
1461 1440 1552 1477 lect.
1577 1437 1685 1474 Gud.

976 1520 1034 1526 --
1066 1499 1248 1535 Monstra
1261 1525 1272 1542 ‚
1307 1506 1403 1534 sunt
1444 1505 1613 1533 terrores
1648 1502 1686 1531 et

977 1555 1245 1606 phantasmata
1274 1554 1439 1591 furentis
1458 1555 1592 1591 animo
1617 1551 1688 1589 ob-

975 1614 1090 1660 jecta.
1114 1634 1172 1640 —
1194 1613 1288 1659 377.
1315 1613 1528 1661 Ingentem
1553 1623 1583 1647 s.
1604 1611 1688 1647 Ou-

979 1670 1077 1706 dart.
1115 1688 1134 1701 «
1155 1682 1242 1719 quae
1281 1669 1406 1720 glossa
1441 1677 1500 1705 est
1513 1696 1523 1714 ,
1561 1666 1693 1716 inquit

982 1745 999 1758 u
1020 1728 1294 1772 Burmannus:
1330 1725 1430 1762 forte
1460 1725 1686 1767 incensam,

983 1802 1000 1815 «
1021 1796 1111 1820 nam
1128 1785 1272 1821 Statius
1284 1812 1294 1830 ‚
1320 1784 1393 1832 qui
1408 1796 1458 1819 ex
1473 1782 1580 1819 fonte
1602 1781 1692 1816 Vir-

982 1859 1001 1872 «
1022 1841 1167 1891 giliano
1189 1853 1256 1877 sua
1269 1867 1280 1886 ‚
1311 1848 1406 1876 teste
1425 1840 1581 1877 Lutatio
1595 1865 1605 1883 ‚
1631 1837 1694 1874 de-

983 1915 1002 1928 «
1026 1898 1193 1941 rivavit‚
1226 1899 1283 1934 IV
1301 1895 1426 1933 Theb.
1448 1896 1527 1933 382
1544 1923 1555 1941 ‚
1576 1897 1692 1935 Erec-

984 1972 1003 1985 «
1024 1962 1107 1991 tam
1136 1953 1317 1990 attonitis
1348 1952 1486 2003 implet
1508 1951 1691 1990 clamori-

985 2028 1003 2042 «
1025 2011 1093 2047 bus
1124 2011 1269 2048 urbem.
1291 2029 1311 2042 υ
1342 2012 1433 2048 Non
1463 2012 1552 2047 satis
1580 2011 1690 2060 equi-

982 2066 1071 2106 dem
1100 2068 1183 2105 haec
1212 2080 1420 2117 assequor,
1451 2067 1520 2104 sed
1550 2068 1594 2103 in
1625 2066 1694 2102 im-

984 2138 1165 2163 mensam
1196 2146 1253 2153 —-
1272 2118 1516 2174 per'urbem
1544 2123 1693 2161 haerere

983 2184 1122 2233 aliquis
1147 2191 1298 2233 potest,
1331 2182 1363 2218 si
1384 2194 1546 2232 parvam
1565 2190 1604 2218 et
1621 2193 1691 2216 an-

981 2249 1133 2292 gustam
1161 2240 1301 2277 urhem
1327 2242 1566 2277 Laurentum
1591 2239 1694 2287 cogi-

982 2306 1050 2335 tet.
1072 2302 1189 2336 Poeta
1206 2306 1335 2335 tamen
1354 2298 1470 2334 etiam
1488 2297 1531 2332 in
1554 2295 1691 2331 ceteris

983 2369 1043 2392 res
1064 2357 1206 2405 passim
1225 2356 1453 2392 Latinorum
1486 2351 1536 2388 ad
1567 2352 1691 2398 majus

982 2421 1022 2449 et
1038 2412 1283 2463 splendidius
1297 2410 1439 2448 evexit.
1468 2408 1690 2446 Recordare

982 2469 1102 2507 modo
1130 2471 1276 2520 regiam
1296 2467 1424 2505 Latini
1442 2478 1481 2503 v,
1508 2478 1586 2512 170
1606 2478 1689 2515 seq.

979 2529 1030 2564 Et
1043 2526 1236 2564 immensa
1252 2523 1347 2562 urbs
1362 2522 1592 2572 simpliciter
1611 2534 1686 2574 pro

979 2596 1118 2634 magna
1134 2583 1236 2625 dicta
1252 2588 1322 2618 est.
1342 2580 1508 2629 Alioqui
1523 2581 1567 2616 in
1581 2592 1690 2617 men-

977 2649 1057 2678 tem
1079 2640 1213 2676 venire
1231 2645 1362 2689 potest
1378 2637 1570 2686 scriptum
1594 2637 1688 2674 fuis-

975 2710 1015 2734 se
1038 2693 1385 2746 immensumficric
1395 2709 1412 2740 ;
1430 2703 1528 2732 noto
1548 2703 1684 2745 poeta-

973 2767 1064 2791 rum
1089 2766 1212 2791 more.
1230 2775 1287 2782 —
1308 2751 1401 2788 Sine
1432 2764 1539 2789 more
1550 2766 1568 2797 ;
1597 2753 1683 2789 sine

971 2810 1089 2849 modo
1109 2810 1268 2862 ac'lege,
1289 2808 1464 2860 adeoque
1485 2806 1680 2862 ἀκόσμως,
