1767 3054
684 87 837 126 LIBER
870 87 942 124 vt.

1492 89 1565 136 ιδ)-

63 170 277 228 Corpora
298 163 555 217 debentur,
581 158 763 205 Lethaei
785 158 843 203 ad
864 157 1071 203 fluminis
1098 158 1294 215 undam,

67 245 270 288 Securos
293 237 477 293 latices,
502 246 548 280 et
570 235 708 296 longa
733 232 912 278 oblivia
937 242 1118 294 potant.
1509 246 1568 285 71⁵

66 317 163 361 Has
188 311 406 375 equidem
429 324 694 356 memorare
718 307 827 365 tibi,
850 316 991 368 atque
1011 305 1262 352 ostendere
1287 321 1468 362 coram,

66 394 90 436 J
97 388 357 452 ampridem
381 386 503 431 hanc
525 385 707 447 prolem
732 383 876 445 cupio
897 398 1177 428 enumcrare
1198 397 1437 438 meorum,

67 467 176 520 Quo
195 461 343 523 magis
363 460 499 506 Italia
519 475 703 505 mecum
724 458 882 505 laetere
908 468 1110 519 reperta.
1138 478 1155 496 »

65 558 85 577 «ι
107 539 150 584 Ο
173 546 329 598 pater,
353 526 473 580 anne
495 535 674 597 aliquas
699 533 759 580 ad
781 534 950 579 coelum
978 532 1088 578 hinc
1115 532 1183 577 ire
1211 530 1476 594 putandum
1502 543 1570 576 est

66 611 302 659 Sublimes
322 612 524 668 animas,
551 613 817 673 iterumque
837 610 885 655 in
911 609 1045 655 tarda
1066 610 1241 654 reverti
1510 630 1568 660 7²⁰

67 688 318 749 Corpora?
340 702 445 747 quse
465 685 582 731 lucis
607 685 790 731 miseris
813 694 906 730 tam
928 684 1031 730 dira
1052 682 1256 746 cupido?
1279 671 1306 722 »⁸

70 786 87 804 «
108 763 275 809 Dicam
298 761 518 823 equidem
533 797 544 818 ‚
564 778 651 806 nec
675 773 720 806 te
742 776 1045 823 suspensum,
1072 772 1205 818 nate,
1232 758 1427 816 teneb0‚
1452 780 1470 798 »

71 836 278 898 Suscipit
303 834 557 891 Anchises,
582 846 723 895 atque
749 835 914 880 ordine
940 834 1123 896 singula
1147 833 1325 896 pandit.

137 932 155 950 «
179 908 417 970 Principio
440 908 632 965 coelum,
658 924 711 953 ac
733 920 903 965 terras,
930 924 1217 971 camposque
1235 908 1481 970 liquentis,

72 989 424 1045 Lucentcmquc
447 982 641 1044 globum
667 986 836 1040 Lunae‚
857 984 1140 1045 Titaniaque
1161 994 1287 1030 astra
1510 993 1571 1033 7²⁵

72 1174 425 1226 cogitandum.—7
439 1183 503 1219 14.
525 1175 597 1212 Ad
610 1175 760 1212 undam
777 1203 787 1221 ‚

72 1234 205 1270 latices
226 1241 388 1283 potant,
410 1233 459 1270 ad
479 1245 634 1269 amnem
649 1261 658 1278 ‚
677 1235 719 1269 iu
743 1233 789 1269 li-

74 1300 160 1328 tore
179 1319 190 1336 ,
234 1293 481 1336 constitutae,
521 1291 788 1340 procumben-

77 1357 146 1386 tes.
166 1349 331 1385 Dictum
354 1346 626 1402 ἐναργέστερον
641 1377 651 1394 ,
669 1362 790 1398 quam

72 1405 202 1456 simpl.
231 1405 377 1442 bibunt
409 1405 571 1443 Lethen.
603 1427 661 1434 --
693 1408 788 1454 715.

73 1465 259 1507 Securos,
299 1463 348 1499 ab
365 1463 510 1501 effectu
525 1491 535 1510 ,
570 1472 616 1499 ut
637 1465 790 1501 morbos

63 1520 246 1570 pallidos
283 1519 438 1558 dicunt.
472 1522 581 1558 Serv.
618 1533 710 1558 nam
737 1536 789 1559 ex

68 1578 274 1616 oblivione
300 1578 496 1616 malorum
526 1579 788 1628 tranquillitas

69 1637 221 1681 oritur3
244 1637 358 1684 cujus
375 1649 507 1673 comes
525 1638 789 1675 securitas.—

74 1694 169 1740 716.
200 1693 315 1732 Conf.
347 1707 434 1744 sup.
459 1696 510 1740 V,
543 1696 621 1741 737
648 1706 658 1732 ε
688 1697 787 1733 Tum

68 1755 196 1800 genus
225 1764 342 1788 omne
371 1761 478 1788 tuum
507 1760 582 1790 etc.
612 1773 671 1780 -—
689 1754 786 1800 718.

78 1809 230 1844 Mecum
251 1821 411 1854 omnes3
434 1809 529 1847 olim
548 1818 678 1846 tamen
698 1811 785 1847 vu]-

72 1872 205 1915 gatum
224 1873 306 1901 erat
332 1866 493 1902 tandem
506 1881 520 1910 ;
541 1866 693 1911 Zuliclg.
716 1881 789 1905 nec

74 1935 153 1958 ηοη
180 1922 332 1959 Iaetare.
361 1925 462 1960 Sane
489 1923 629 1960 Icetare
656 1926 787 1975 potio-

71 1993 152 2016 rem
165 1979 361 2016 librorum
374 1979 492 2017 habet
503 1983 787 2029 anctoritatem,

72 2036 245 2075 Medicei
262 2050 424 2087 quoque
444 2050 464 2073 a
489 2051 549 2088 pr.
573 2051 678 2077 man.
696 2051 789 2076 cum

72 2095 157 2132 aliis
180 2096 280 2132 Pier.
306 2103 343 2131 et
370 2097 612 2141 Burmann.;
644 2098 789 2134 Roma-

74 2165 150 2189 nus
171 2160 302 2188 autem
323 2164 331 2189 :
362 2154 448 2201 Quo
472 2153 601 2203 magis
621 2154 786 2191 Italiam

75 2222 227 2246 mecum
267 2210 406 2246 lceaeare
445 2220 655 2260 repertam.
696 2214 790 2249 Erat

75 2268 176 2304 forte
194 2269 227 2304 is
251 2266 496 2312 audiendus3
530 2268 598 2304 sed
620 2270 788 2306 retinere

75 2332 205 2376 potest
244 2326 435 2374 impetum
478 2325 616 2376 fragm.
659 2328 788 2365 vatic.

77 2382 243 2419 Italiam
265 2395 418 2418 mecum
444 2382 578 2419 herere
608 2393 764 2433 reperta
778 2412 789 2430 ,

78 2452 98 2476 a
114 2452 175 2490 pr.
196 2453 249 2478 m.
280 2453 376 2477 mox
405 2440 654 2477 emendatum
676 2453 685 2479 :
708 2444 791 2478 Ica-

78 2496 137 2535 Ιία
166 2505 205 2533 et
231 2498 382 2535 Iaetare.
399 2489 602 2534 —⁴lcalia
635 2509 792 2549 reperta

76 2554 118 2592 h.
146 2567 180 2592 e.
210 2567 369 2592 accessu
401 2555 451 2592 ad
490 2555 666 2603 Italiam3
702 2566 793 2607 post

77 2611 218 2663 longos
236 2626 290 2651 sc.
308 2625 473 2651 errores.

140 2681 160 2717 7
173 2683 222 2720 19
244 2683 329 2720 sqq.
348 2672 455 2708 Inest
472 2672 607 2709 nescio
629 2684 717 2723 quae
733 2673 793 2709 vis

83 2733 122 2762 et
139 2721 307 2772 δεινότης
326 2728 470 2767 eximia
499 2730 542 2767 in
566 2728 639 2767 hac
661 2732 794 2768 AEneae

856 1178 1035 1214 oratione
1071 1190 1163 1214 cum
1196 1176 1468 1228 indignatione
1503 1176 1572 1213 alj-

856 1247 933 1283 qua
985 1236 1158 1286 rogantis
1177 1248 1186 1279 ;
1233 1236 1402 1271 suavitas
1442 1242 1571 1270 autem

857 1299 968 1327 tanto
980 1294 1118 1339 major,
1135 1295 1167 1328 si
1185 1293 1387 1329 Homerici
1405 1291 1572 1328 Achillis

856 1347 1028 1399 (odyss,
1059 1353 1082 1386 λ
1095 1376 1105 1393 ,
1125 1349 1203 1396 437
1226 1348 1239 1398 )
1256 1349 1464 1399 indignum
1481 1350 1572 1385 vitae

859 1418 1031 1443 amorem
1045 1408 1284 1444 memineris.
1299 1407 1421 1443 Vides
1436 1408 1479 1443 in
1495 1406 1572 1443 hoc

856 1476 1019 1513 quoque
1038 1472 1292 1514 progressum
1309 1463 1571 1514 philosophia:

856 1522 1005 1559 factum
1028 1521 1120 1558 inde
1140 1522 1188 1558 ab
1210 1524 1422 1559 Homerica
1446 1530 1570 1559 aetate.

855 1581 920 1616 Ire
938 1579 1123 1616 sublimes
1136 1607 1146 1625 ‚
1166 1580 1294 1617 redire
1307 1609 1317 1626 ,
1338 1580 1396 1616 ad
1412 1580 1568 1624 coelmn,

854 1636 932 1673 hoc
950 1645 1020 1683 est,
1039 1637 1086 1673 ad
1105 1638 1239 1674 vitam.
1253 1639 1316 1675 Sic
1330 1639 1409 1686 jam
1422 1650 1542 1688 supra
1562 1649 1570 1675 :

856 1694 915 1730 ad
942 1708 1063 1730 auras
1089 1708 1277 1744 superas,
1315 1704 1354 1732 et
1382 1695 1489 1732 alibi.
1513 1717 1572 1723 -—

857 1764 952 1799 720.
976 1753 1023 1788 In
1045 1752 1163 1788 tarda
1184 1755 1348 1789 retraxit
1376 1754 1571 1790 Burman-

853 1822 930 1846 nus
957 1812 1110 1846 ratione
1129 1819 1167 1847 et
1189 1812 1290 1847 Pier.
1317 1811 1417 1848 libb.
1439 1818 1572 1847 aucto-

853 1867 980 1904 ritate.
1000 1867 1135 1918 Vulgo
1159 1867 1217 1903 ad
1233 1877 1260 1905 t.
1277 1895 1286 1910 ‚
1313 1868 1422 1917 quod
1442 1869 1572 1904 Vatic.

855 1937 946 1960 cum
960 1923 1096 1974 fragm.
1111 1926 1238 1962 Vatic.
1250 1934 1287 1962 et
1301 1924 1447 1962 Medic.
1463 1933 1575 1961 tuen-

856 1990 935 2018 tur.
952 2001 1009 2009 -—
1025 1993 1120 2027 721.
1151 1981 1311 2018 Miserae
1341 1984 1500 2033 Menag.
1531 1995 1571 2031 p.

855 2051 946 2088 quoe
977 2038 1129 2075 miseris
1158 2039 1256 2075 lucis
1283 2042 1397 2077 Witt.
1419 2041 1492 2076 Est
1509 2038 1574 2076 ad-

856 2096 958 2132 dunt
985 2097 1027 2133 iu
1059 2095 1140 2133 fine
1171 2097 1356 2134 nonnulli
1396 2098 1495 2135 Pier.
1536 2106 1575 2133 et

855 2155 1042 2191 Burman.
1064 2162 1103 2191 et
1127 2154 1331 2205 fragment.
1350 2157 1532 2192 Vatican.
1552 2167 1572 2190 a

855 2223 960 2250 man.
984 2225 1045 2262 pr.

917 2276 999 2316 724
1027 2282 1112 2320 sqq.
1140 2273 1200 2308 De
1237 2278 1323 2308 toto
1351 2271 1430 2309 hoc
1463 2270 1572 2308 illu&

857 2327 909 2363 tri
927 2326 1017 2364 loco
1035 2328 1078 2363 in
1096 2341 1177 2377 quo
1202 2328 1282 2365 fere
1303 2331 1571 2379 Interpreturn

856 2383 1114 2422 subtilitatem
1150 2385 1345 2423 desideres
1359 2414 1369 2432 ,
1412 2387 1572 2425 Servius

856 2454 952 2479 vero
984 2442 1278 2492 neoplatouicas
1311 2446 1483 2494 argutias
1514 2444 1570 2480 af-

857 2497 955 2546 fert,
989 2502 1131 2550 partim
1155 2510 1193 2538 et
1209 2503 1477 2554 grammaticas
1495 2514 1570 2538 nu-

858 2569 935 2606 gas,
976 2558 1052 2595 Hic
1101 2559 1222 2596 verba
1275 2558 1571 2609 interpretanda

858 2622 964 2652 sunt.
991 2614 1156 2666 Spiritus
1170 2625 1208 2654 et
1229 2630 1338 2654 mens
1348 2632 1364 2662 ;
1395 2625 1440 2653 ut
1458 2614 1571 2665 Ψυχὴ

860 2680 899 2709 et
917 2674 1029 2718 Νοῦς,
1052 2672 1092 2711 h.
1109 2687 1143 2713 e.
1158 2676 1287 2712 anima
1303 2674 1442 2713 mundi
1456 2703 1466 2719 ‚
1482 2685 1572 2722 quae

861 2731 992 2768 omnia
1015 2741 1221 2782 permeat3
1247 2745 1453 2784 quumque
1484 2731 1572 2767 uni-
