<?xml version="1.0" encoding="UTF-8"?>
<!DOCTYPE html PUBLIC "-//W3C//DTD XHTML 1.0 Transitional//EN"
    "http://www.w3.org/TR/xhtml1/DTD/xhtml1-transitional.dtd">
<html xmlns="http://www.w3.org/1999/xhtml" xml:lang="en" lang="en">
 <head>
  <title>
</title>
<meta http-equiv="Content-Type" content="text/html;charset=utf-8" />
  <meta name='ocr-system' content='tesseract 3.04.00' />
  <meta name='ocr-capabilities' content='ocr_page ocr_carea ocr_par ocr_line ocrx_word'/>
</head>
<body>
  <div class='ocr_page' id='page_1' title='image "./operahey03virguoft_0213.png"; bbox 0 0 1767 3054; ppageno 0'>
   <div class='ocr_carea' id='block_1_1' title="bbox 743 52 1020 89">
    <p class='ocr_par' dir='ltr' id='par_1_1' title="bbox 743 52 1020 89">
     <span class='ocr_line' id='line_1_1' title="bbox 743 52 1020 89; baseline -0.007 -1"><span class='ocrx_word' id='word_1_1' title='bbox 743 52 895 89; x_wconf 85' lang='lat' dir='ltr'>LIBER</span> <span class='ocrx_word' id='word_1_2' title='bbox 928 52 1020 87; x_wconf 80' lang='lat' dir='ltr'>Vll.</span> 
     </span>
    </p>
   </div>
   <div class='ocr_carea' id='block_1_2' title="bbox 1561 57 1641 92">
    <p class='ocr_par' dir='ltr' id='par_1_2' title="bbox 1561 57 1641 92">
     <span class='ocr_line' id='line_1_2' title="bbox 1561 57 1641 92; baseline -0.038 0"><span class='ocrx_word' id='word_1_3' title='bbox 1561 57 1641 92; x_wconf 63' lang='lat'>203</span> 
     </span>
    </p>
   </div>
   <div class='ocr_carea' id='block_1_3' title="bbox 130 121 1647 1318">
    <p class='ocr_par' dir='ltr' id='par_1_3' title="bbox 130 121 1646 1168">
     <span class='ocr_line' id='line_1_3' title="bbox 132 121 1642 190; baseline -0.004 -18"><span class='ocrx_word' id='word_1_4' title='bbox 132 128 287 190; x_wconf 82' lang='lat' dir='ltr'>Majus</span> <span class='ocrx_word' id='word_1_5' title='bbox 313 142 433 188; x_wconf 87' lang='lat' dir='ltr'>opus</span> <span class='ocrx_word' id='word_1_6' title='bbox 455 137 639 170; x_wconf 76' lang='lat' dir='ltr'>moveo,</span> <span class='ocrx_word' id='word_1_7' title='bbox 665 123 769 167; x_wconf 79' lang='lat' dir='ltr'>Rex</span> <span class='ocrx_word' id='word_1_8' title='bbox 797 137 912 167; x_wconf 87' lang='lat' dir='ltr'>arva</span> <span class='ocrx_word' id='word_1_9' title='bbox 939 121 1158 177; x_wconf 79' lang='lat' dir='ltr'>Latinus,</span> <span class='ocrx_word' id='word_1_10' title='bbox 1185 134 1230 168; x_wconf 84' lang='lat' dir='ltr'>ct</span> <span class='ocrx_word' id='word_1_11' title='bbox 1253 123 1383 171; x_wconf 71' lang='lat' dir='ltr'>urbis</span> <span class='ocrx_word' id='word_1_12' title='bbox 1602 140 1642 173; x_wconf 64' lang='lat' dir='ltr'>aa</span> 
     </span>
     <span class='ocr_line' id='line_1_4' title="bbox 132 194 1246 260; baseline -0.008 -11"><span class='ocrx_word' id='word_1_13' title='bbox 132 207 155 248; x_wconf 88' lang='lat' dir='ltr'>J</span> <span class='ocrx_word' id='word_1_14' title='bbox 163 219 237 248; x_wconf 88' lang='lat' dir='ltr'>am</span> <span class='ocrx_word' id='word_1_15' title='bbox 257 202 416 248; x_wconf 87' lang='lat' dir='ltr'>senior</span> <span class='ocrx_word' id='word_1_16' title='bbox 435 200 573 260; x_wconf 82' lang='lat' dir='ltr'>longa</span> <span class='ocrx_word' id='word_1_17' title='bbox 599 195 806 259; x_wconf 86' lang='lat' dir='ltr'>placidas</span> <span class='ocrx_word' id='word_1_18' title='bbox 830 197 878 241; x_wconf 88' lang='lat' dir='ltr'>in</span> <span class='ocrx_word' id='word_1_19' title='bbox 899 211 1015 259; x_wconf 87' lang='lat' dir='ltr'>pace</span> <span class='ocrx_word' id='word_1_20' title='bbox 1037 194 1246 257; x_wconf 83' lang='lat' dir='ltr'>regebat.</span> 
     </span>
     <span class='ocr_line' id='line_1_5' title="bbox 133 271 1479 335; baseline -0.004 -11"><span class='ocrx_word' id='word_1_21' title='bbox 133 281 274 324; x_wconf 88' lang='lat' dir='ltr'>Hunc</span> <span class='ocrx_word' id='word_1_22' title='bbox 295 280 329 323; x_wconf 88' lang='lat' dir='ltr'>F</span> <span class='ocrx_word' id='word_1_23' title='bbox 332 290 478 330; x_wconf 89' lang='lat' dir='ltr'>aun0‚</span> <span class='ocrx_word' id='word_1_24' title='bbox 501 283 547 319; x_wconf 89' lang='lat' dir='ltr'>ct</span> <span class='ocrx_word' id='word_1_25' title='bbox 572 271 782 335; x_wconf 85' lang='lat' dir='ltr'>nympha</span> <span class='ocrx_word' id='word_1_26' title='bbox 803 271 1014 334; x_wconf 79' lang='lat' dir='ltr'>genitum</span> <span class='ocrx_word' id='word_1_27' title='bbox 1035 274 1273 318; x_wconf 86' lang='lat' dir='ltr'>Laurente</span> <span class='ocrx_word' id='word_1_28' title='bbox 1299 273 1479 319; x_wconf 83' lang='lat' dir='ltr'>Marica</span> 
     </span>
     <span class='ocr_line' id='line_1_6' title="bbox 132 348 1397 416; baseline -0.005 -16"><span class='ocrx_word' id='word_1_29' title='bbox 132 352 432 416; x_wconf 83' lang='lat' dir='ltr'>Adcipimus3</span> <span class='ocrx_word' id='word_1_30' title='bbox 456 353 620 396; x_wconf 87' lang='lat' dir='ltr'>Fauno</span> <span class='ocrx_word' id='word_1_31' title='bbox 648 348 786 394; x_wconf 89' lang='lat' dir='ltr'>Picus</span> <span class='ocrx_word' id='word_1_32' title='bbox 808 359 967 411; x_wconf 89' lang='lat' dir='ltr'>pater;</span> <span class='ocrx_word' id='word_1_33' title='bbox 993 349 1127 409; x_wconf 92' lang='lat' dir='ltr'>isque</span> <span class='ocrx_word' id='word_1_34' title='bbox 1152 359 1397 410; x_wconf 85' lang='lat' dir='ltr'>parentem</span> 
     </span>
     <span class='ocr_line' id='line_1_7' title="bbox 132 423 1435 487; baseline -0.005 -11"><span class='ocrx_word' id='word_1_35' title='bbox 132 432 222 486; x_wconf 91' lang='lat' dir='ltr'>Te,</span> <span class='ocrx_word' id='word_1_36' title='bbox 247 431 475 482; x_wconf 87' lang='lat' dir='ltr'>Saturne,</span> <span class='ocrx_word' id='word_1_37' title='bbox 501 424 672 483; x_wconf 82' lang='lat' dir='ltr'>refert3</span> <span class='ocrx_word' id='word_1_38' title='bbox 697 434 748 470; x_wconf 89' lang='lat' dir='ltr'>tu</span> <span class='ocrx_word' id='word_1_39' title='bbox 773 423 1013 487; x_wconf 77' lang='lat' dir='ltr'>sanguinis</span> <span class='ocrx_word' id='word_1_40' title='bbox 1039 423 1233 470; x_wconf 85' lang='lat' dir='ltr'>ultimus</span> <span class='ocrx_word' id='word_1_41' title='bbox 1255 434 1435 470; x_wconf 77' lang='lat' dir='ltr'>auetor-</span> 
     </span>
     <span class='ocr_line' id='line_1_8' title="bbox 131 499 1643 564; baseline -0.006 -14"><span class='ocrx_word' id='word_1_42' title='bbox 131 506 168 550; x_wconf 93' lang='lat' dir='ltr'>F</span> <span class='ocrx_word' id='word_1_43' title='bbox 171 503 277 550; x_wconf 88' lang='lat' dir='ltr'>ilius</span> <span class='ocrx_word' id='word_1_44' title='bbox 300 502 438 559; x_wconf 88' lang='lat' dir='ltr'>huic,</span> <span class='ocrx_word' id='word_1_45' title='bbox 461 501 558 548; x_wconf 85' lang='lat' dir='ltr'>sato</span> <span class='ocrx_word' id='word_1_46' title='bbox 582 500 770 558; x_wconf 89' lang='lat' dir='ltr'>divum,</span> <span class='ocrx_word' id='word_1_47' title='bbox 794 500 1047 564; x_wconf 86' lang='lat' dir='ltr'>prolesque</span> <span class='ocrx_word' id='word_1_48' title='bbox 1072 499 1222 546; x_wconf 82' lang='lat' dir='ltr'>virilis</span> <span class='ocrx_word' id='word_1_49' title='bbox 1605 513 1643 541; x_wconf 82' lang='lat'>50</span> 
     </span>
     <span class='ocr_line' id='line_1_9' title="bbox 130 575 1370 641; baseline -0.002 -16"><span class='ocrx_word' id='word_1_50' title='bbox 130 578 273 627; x_wconf 86' lang='lat' dir='ltr'>Nulla</span> <span class='ocrx_word' id='word_1_51' title='bbox 296 578 409 636; x_wconf 84' lang='lat' dir='ltr'>fuit,</span> <span class='ocrx_word' id='word_1_52' title='bbox 433 578 684 641; x_wconf 89' lang='lat' dir='ltr'>primaque</span> <span class='ocrx_word' id='word_1_53' title='bbox 706 576 864 623; x_wconf 88' lang='lat' dir='ltr'>oriens</span> <span class='ocrx_word' id='word_1_54' title='bbox 890 586 1054 639; x_wconf 85' lang='lat' dir='ltr'>erepta</span> <span class='ocrx_word' id='word_1_55' title='bbox 1068 575 1266 638; x_wconf 80' lang='lat' dir='ltr'>juventa</span> <span class='ocrx_word' id='word_1_56' title='bbox 1289 589 1370 623; x_wconf 91' lang='lat' dir='ltr'>est.</span> 
     </span>
     <span class='ocr_line' id='line_1_10' title="bbox 132 651 1281 712; baseline -0.003 -10"><span class='ocrx_word' id='word_1_57' title='bbox 132 654 247 702; x_wconf 90' lang='lat' dir='ltr'>Sola</span> <span class='ocrx_word' id='word_1_58' title='bbox 268 653 486 712; x_wconf 87' lang='lat' dir='ltr'>domum,</span> <span class='ocrx_word' id='word_1_59' title='bbox 513 664 559 699; x_wconf 92' lang='lat' dir='ltr'>et</span> <span class='ocrx_word' id='word_1_60' title='bbox 581 665 732 700; x_wconf 86' lang='lat' dir='ltr'>tantas</span> <span class='ocrx_word' id='word_1_61' title='bbox 759 651 979 699; x_wconf 86' lang='lat' dir='ltr'>servabat</span> <span class='ocrx_word' id='word_1_62' title='bbox 1005 652 1100 697; x_wconf 87' lang='lat' dir='ltr'>filia</span> <span class='ocrx_word' id='word_1_63' title='bbox 1122 651 1281 708; x_wconf 88' lang='lat' dir='ltr'>sedes,</span> 
     </span>
     <span class='ocr_line' id='line_1_11' title="bbox 132 727 1263 792; baseline -0.004 -15"><span class='ocrx_word' id='word_1_64' title='bbox 132 734 236 777; x_wconf 87' lang='lat' dir='ltr'>Jam</span> <span class='ocrx_word' id='word_1_65' title='bbox 258 740 445 776; x_wconf 85' lang='lat' dir='ltr'>matura</span> <span class='ocrx_word' id='word_1_66' title='bbox 467 729 573 775; x_wconf 82' lang='lat' dir='ltr'>viro</span> <span class='ocrx_word' id='word_1_67' title='bbox 583 766 596 788; x_wconf 91' lang='lat'>,</span> <span class='ocrx_word' id='word_1_68' title='bbox 614 731 712 792; x_wconf 89' lang='lat' dir='ltr'>jam</span> <span class='ocrx_word' id='word_1_69' title='bbox 738 729 887 791; x_wconf 88' lang='lat' dir='ltr'>plenis</span> <span class='ocrx_word' id='word_1_70' title='bbox 910 727 1086 774; x_wconf 85' lang='lat' dir='ltr'>nubilis</span> <span class='ocrx_word' id='word_1_71' title='bbox 1115 728 1263 774; x_wconf 86' lang='lat' dir='ltr'>annis.</span> 
     </span>
     <span class='ocr_line' id='line_1_12' title="bbox 132 803 1321 868; baseline -0.001 -17"><span class='ocrx_word' id='word_1_72' title='bbox 132 806 272 852; x_wconf 86' lang='lat' dir='ltr'>Multi</span> <span class='ocrx_word' id='word_1_73' title='bbox 298 806 426 851; x_wconf 87' lang='lat' dir='ltr'>illam</span> <span class='ocrx_word' id='word_1_74' title='bbox 447 820 618 868; x_wconf 86' lang='lat' dir='ltr'>magno</span> <span class='ocrx_word' id='word_1_75' title='bbox 644 821 669 850; x_wconf 90' lang='lat' dir='ltr'>e</span> <span class='ocrx_word' id='word_1_76' title='bbox 694 805 856 863; x_wconf 88' lang='lat' dir='ltr'>Latio,</span> <span class='ocrx_word' id='word_1_77' title='bbox 878 815 1072 866; x_wconf 90' lang='lat' dir='ltr'>totaque</span> <span class='ocrx_word' id='word_1_78' title='bbox 1095 803 1321 867; x_wconf 88' lang='lat' dir='ltr'>petebant</span> 
     </span>
     <span class='ocr_line' id='line_1_13' title="bbox 134 880 1646 943; baseline -0.002 -15"><span class='ocrx_word' id='word_1_79' title='bbox 134 883 346 929; x_wconf 86' lang='lat' dir='ltr'>Ausonia</span> <span class='ocrx_word' id='word_1_80' title='bbox 369 900 378 926; x_wconf 77' lang='grc' dir='ltr'>ε</span> <span class='ocrx_word' id='word_1_81' title='bbox 399 881 518 943; x_wconf 89' lang='lat' dir='ltr'>petit</span> <span class='ocrx_word' id='word_1_82' title='bbox 539 891 646 926; x_wconf 89' lang='lat' dir='ltr'>ante</span> <span class='ocrx_word' id='word_1_83' title='bbox 671 880 787 926; x_wconf 78' lang='lat' dir='ltr'>alios</span> <span class='ocrx_word' id='word_1_84' title='bbox 813 880 1162 942; x_wconf 88' lang='lat' dir='ltr'>pulcherrimus</span> <span class='ocrx_word' id='word_1_85' title='bbox 1180 880 1332 926; x_wconf 89' lang='lat' dir='ltr'>omnis</span> <span class='ocrx_word' id='word_1_86' title='bbox 1607 891 1646 921; x_wconf 81' lang='lat'>⁵5</span> 
     </span>
     <span class='ocr_line' id='line_1_14' title="bbox 135 956 1473 1019; baseline -0.001 -16"><span class='ocrx_word' id='word_1_87' title='bbox 135 960 348 1014; x_wconf 86' lang='lat' dir='ltr'>Turnus,</span> <span class='ocrx_word' id='word_1_88' title='bbox 373 957 472 1002; x_wconf 78' lang='lat' dir='ltr'>avis</span> <span class='ocrx_word' id='word_1_89' title='bbox 498 956 743 1018; x_wconf 81' lang='lat' dir='ltr'>atavisque</span> <span class='ocrx_word' id='word_1_90' title='bbox 763 965 955 1018; x_wconf 89' lang='lat' dir='ltr'>potens,</span> <span class='ocrx_word' id='word_1_91' title='bbox 981 973 1122 1018; x_wconf 87' lang='lat' dir='ltr'>quem</span> <span class='ocrx_word' id='word_1_92' title='bbox 1148 957 1279 1019; x_wconf 82' lang='lat' dir='ltr'>regia</span> <span class='ocrx_word' id='word_1_93' title='bbox 1300 956 1473 1018; x_wconf 81' lang='lat' dir='ltr'>conjux</span> 
     </span>
     <span class='ocr_line' id='line_1_15' title="bbox 136 1031 1263 1095; baseline -0.002 -17"><span class='ocrx_word' id='word_1_94' title='bbox 136 1032 344 1095; x_wconf 80' lang='lat' dir='ltr'>Adjungi</span> <span class='ocrx_word' id='word_1_95' title='bbox 364 1048 591 1094; x_wconf 85' lang='lat' dir='ltr'><strong>generum</strong></span> <span class='ocrx_word' id='word_1_96' title='bbox 616 1032 738 1076; x_wconf 85' lang='lat' dir='ltr'>miro</span> <span class='ocrx_word' id='word_1_97' title='bbox 764 1031 1055 1094; x_wconf 84' lang='lat' dir='ltr'>properabat</span> <span class='ocrx_word' id='word_1_98' title='bbox 1080 1047 1263 1089; x_wconf 79' lang='lat' dir='ltr'>amore3</span> 
     </span>
     <span class='ocr_line' id='line_1_16' title="bbox 138 1104 1336 1168; baseline -0.003 -15"><span class='ocrx_word' id='word_1_99' title='bbox 138 1106 233 1153; x_wconf 89' lang='lat' dir='ltr'>Sed</span> <span class='ocrx_word' id='word_1_100' title='bbox 258 1106 402 1153; x_wconf 85' lang='lat' dir='ltr'>variis</span> <span class='ocrx_word' id='word_1_101' title='bbox 428 1116 649 1168; x_wconf 86' lang='lat' dir='ltr'>portenta</span> <span class='ocrx_word' id='word_1_102' title='bbox 672 1106 813 1151; x_wconf 81' lang='lat' dir='ltr'>deum</span> <span class='ocrx_word' id='word_1_103' title='bbox 840 1105 1105 1152; x_wconf 85' lang='lat' dir='ltr'>terroribus</span> <span class='ocrx_word' id='word_1_104' title='bbox 1131 1104 1336 1152; x_wconf 87' lang='lat' dir='ltr'>obstant.</span> 
     </span>
    </p>

    <p class='ocr_par' dir='ltr' id='par_1_4' title="bbox 140 1181 1647 1318">
     <span class='ocr_line' id='line_1_17' title="bbox 204 1181 1417 1244; baseline 0.001 -18"><span class='ocrx_word' id='word_1_105' title='bbox 204 1185 388 1228; x_wconf 85' lang='lat' dir='ltr'>Laurus</span> <span class='ocrx_word' id='word_1_106' title='bbox 410 1192 511 1227; x_wconf 85' lang='lat' dir='ltr'>erat</span> <span class='ocrx_word' id='word_1_107' title='bbox 531 1181 643 1227; x_wconf 83' lang='lat' dir='ltr'>tecti</span> <span class='ocrx_word' id='word_1_108' title='bbox 662 1181 845 1239; x_wconf 86' lang='lat' dir='ltr'>medio,</span> <span class='ocrx_word' id='word_1_109' title='bbox 866 1183 914 1227; x_wconf 89' lang='lat' dir='ltr'>in</span> <span class='ocrx_word' id='word_1_110' title='bbox 937 1181 1258 1244; x_wconf 80' lang='lat' dir='ltr'>penetralibus</span> <span class='ocrx_word' id='word_1_111' title='bbox 1284 1181 1387 1227; x_wconf 81' lang='lat' dir='ltr'>altis</span> <span class='ocrx_word' id='word_1_112' title='bbox 1405 1216 1417 1237; x_wconf 88' lang='lat'><strong>,</strong></span> 
     </span>
     <span class='ocr_line' id='line_1_18' title="bbox 140 1257 1647 1318; baseline -0.004 -14"><span class='ocrx_word' id='word_1_113' title='bbox 140 1261 284 1304; x_wconf 86' lang='lat' dir='ltr'>Sacra</span> <span class='ocrx_word' id='word_1_114' title='bbox 308 1273 517 1314; x_wconf 87' lang='lat' dir='ltr'>comam,</span> <span class='ocrx_word' id='word_1_115' title='bbox 542 1257 812 1318; x_wconf 86' lang='lat' dir='ltr'>multosque</span> <span class='ocrx_word' id='word_1_116' title='bbox 832 1267 961 1302; x_wconf 86' lang='lat' dir='ltr'>metu</span> <span class='ocrx_word' id='word_1_117' title='bbox 984 1268 1170 1303; x_wconf 75' lang='lat' dir='ltr'>servata</span> <span class='ocrx_word' id='word_1_118' title='bbox 1196 1273 1282 1318; x_wconf 84' lang='lat' dir='ltr'>per</span> <span class='ocrx_word' id='word_1_119' title='bbox 1302 1272 1473 1313; x_wconf 87' lang='lat' dir='ltr'>annos,</span> <span class='ocrx_word' id='word_1_120' title='bbox 1607 1269 1647 1298; x_wconf 79' lang='lat'>60</span> 
     </span>
    </p>
   </div>
   <div class='ocr_carea' id='block_1_4' title="bbox 139 1447 867 2776">
    <p class='ocr_par' dir='ltr' id='par_1_5' title="bbox 139 1447 866 2428">
     <span class='ocr_line' id='line_1_19' title="bbox 202 1447 864 1498; baseline 0 -13"><span class='ocrx_word' id='word_1_121' title='bbox 202 1448 386 1497; x_wconf 76' lang='lat'>45—-49,</span> <span class='ocrx_word' id='word_1_122' title='bbox 397 1447 526 1484; x_wconf 89' lang='lat' dir='ltr'>Latini</span> <span class='ocrx_word' id='word_1_123' title='bbox 538 1460 662 1498; x_wconf 87' lang='lat' dir='ltr'>genus</span> <span class='ocrx_word' id='word_1_124' title='bbox 676 1447 721 1484; x_wconf 82' lang='lat' dir='ltr'>ad</span> <span class='ocrx_word' id='word_1_125' title='bbox 735 1450 864 1486; x_wconf 84' lang='lat' dir='ltr'>Satur-</span> 
     </span>
     <span class='ocr_line' id='line_1_20' title="bbox 143 1504 863 1557; baseline 0 -14"><span class='ocrx_word' id='word_1_126' title='bbox 143 1518 243 1543; x_wconf 89' lang='lat' dir='ltr'>num</span> <span class='ocrx_word' id='word_1_127' title='bbox 259 1505 443 1551; x_wconf 83' lang='lat' dir='ltr'>refertur‚</span> <span class='ocrx_word' id='word_1_128' title='bbox 456 1505 576 1542; x_wconf 88' lang='lat' dir='ltr'>deum</span> <span class='ocrx_word' id='word_1_129' title='bbox 590 1504 863 1557; x_wconf 73' lang='lat' dir='ltr'>Aboriginum</span> 
     </span>
     <span class='ocr_line' id='line_1_21' title="bbox 140 1562 864 1614; baseline 0.001 -14"><span class='ocrx_word' id='word_1_130' title='bbox 140 1562 371 1614; x_wconf 85' lang='lat' dir='ltr'>indigetem,</span> <span class='ocrx_word' id='word_1_131' title='bbox 385 1576 482 1600; x_wconf 83' lang='lat' dir='ltr'>mox</span> <span class='ocrx_word' id='word_1_132' title='bbox 499 1577 592 1600; x_wconf 89' lang='lat' dir='ltr'>cum</span> <span class='ocrx_word' id='word_1_133' title='bbox 605 1564 740 1601; x_wconf 90' lang='lat' dir='ltr'>Crono</span> <span class='ocrx_word' id='word_1_134' title='bbox 759 1576 864 1601; x_wconf 89' lang='lat' dir='ltr'>com—</span> 
     </span>
     <span class='ocr_line' id='line_1_22' title="bbox 141 1621 864 1674; baseline 0.003 -17"><span class='ocrx_word' id='word_1_135' title='bbox 141 1622 273 1672; x_wconf 86' lang='lat' dir='ltr'>parari</span> <span class='ocrx_word' id='word_1_136' title='bbox 284 1621 460 1660; x_wconf 87' lang='lat' dir='ltr'>solitum.</span> <span class='ocrx_word' id='word_1_137' title='bbox 480 1621 547 1659; x_wconf 80' lang='lat' dir='ltr'>Ah</span> <span class='ocrx_word' id='word_1_138' title='bbox 558 1621 635 1659; x_wconf 89' lang='lat' dir='ltr'>hoc</span> <span class='ocrx_word' id='word_1_139' title='bbox 648 1623 763 1660; x_wconf 89' lang='lat' dir='ltr'>Picus</span> <span class='ocrx_word' id='word_1_140' title='bbox 774 1636 864 1674; x_wconf 88' lang='lat' dir='ltr'>pro-</span> 
     </span>
     <span class='ocr_line' id='line_1_23' title="bbox 144 1679 865 1726; baseline 0.003 -10"><span class='ocrx_word' id='word_1_141' title='bbox 144 1686 297 1716; x_wconf 83' lang='lat' dir='ltr'>creatus</span> <span class='ocrx_word' id='word_1_142' title='bbox 310 1708 322 1726; x_wconf 92' lang='lat'><strong><em>‚</em></strong></span> <span class='ocrx_word' id='word_1_143' title='bbox 354 1693 406 1716; x_wconf 84' lang='lat' dir='ltr'>ex</span> <span class='ocrx_word' id='word_1_144' title='bbox 427 1679 505 1717; x_wconf 90' lang='lat' dir='ltr'>hoc</span> <span class='ocrx_word' id='word_1_145' title='bbox 527 1681 689 1718; x_wconf 82' lang='lat' dir='ltr'>Faunus</span> <span class='ocrx_word' id='word_1_146' title='bbox 703 1708 714 1726; x_wconf 94' lang='lat'>‚</span> <span class='ocrx_word' id='word_1_147' title='bbox 735 1682 865 1718; x_wconf 82' lang='lat' dir='ltr'>Latini</span> 
     </span>
     <span class='ocr_line' id='line_1_24' title="bbox 140 1739 864 1789; baseline 0.003 -15"><span class='ocrx_word' id='word_1_148' title='bbox 140 1745 264 1788; x_wconf 87' lang='lat' dir='ltr'>pater.</span> <span class='ocrx_word' id='word_1_149' title='bbox 279 1739 441 1774; x_wconf 84' lang='lat' dir='ltr'>Faunus</span> <span class='ocrx_word' id='word_1_150' title='bbox 460 1751 612 1776; x_wconf 87' lang='lat' dir='ltr'>numen</span> <span class='ocrx_word' id='word_1_151' title='bbox 630 1740 783 1789; x_wconf 89' lang='lat' dir='ltr'>antiqui</span> <span class='ocrx_word' id='word_1_152' title='bbox 799 1741 864 1776; x_wconf 92' lang='lat' dir='ltr'>La-</span> 
     </span>
     <span class='ocr_line' id='line_1_25' title="bbox 139 1794 862 1848; baseline 0.006 -17"><span class='ocrx_word' id='word_1_153' title='bbox 139 1796 187 1832; x_wconf 82' lang='lat' dir='ltr'>tii</span> <span class='ocrx_word' id='word_1_154' title='bbox 204 1794 428 1841; x_wconf 80' lang='lat' dir='ltr'>fatidicum,</span> <span class='ocrx_word' id='word_1_155' title='bbox 446 1810 485 1834; x_wconf 80' lang='lat' dir='ltr'>v,</span> <span class='ocrx_word' id='word_1_156' title='bbox 507 1796 578 1834; x_wconf 85' lang='lat' dir='ltr'>inf.</span> <span class='ocrx_word' id='word_1_157' title='bbox 599 1798 701 1842; x_wconf 76' lang='lat' dir='ltr'>VII,</span> <span class='ocrx_word' id='word_1_158' title='bbox 727 1797 777 1834; x_wconf 82' lang='lat'>82</span> <span class='ocrx_word' id='word_1_159' title='bbox 804 1811 862 1848; x_wconf 92' lang='lat' dir='ltr'>sq.</span> 
     </span>
     <span class='ocr_line' id='line_1_26' title="bbox 143 1851 863 1904; baseline 0.006 -16"><span class='ocrx_word' id='word_1_160' title='bbox 143 1851 301 1889; x_wconf 74' lang='lat' dir='ltr'>Marica</span> <span class='ocrx_word' id='word_1_161' title='bbox 324 1853 503 1904; x_wconf 81' lang='lat' dir='ltr'>nympha</span> <span class='ocrx_word' id='word_1_162' title='bbox 525 1855 624 1891; x_wconf 88' lang='lat' dir='ltr'>Latii</span> <span class='ocrx_word' id='word_1_163' title='bbox 643 1857 757 1903; x_wconf 85' lang='lat' dir='ltr'>cujus</span> <span class='ocrx_word' id='word_1_164' title='bbox 774 1855 863 1892; x_wconf 89' lang='lat' dir='ltr'>reli-</span> 
     </span>
     <span class='ocr_line' id='line_1_27' title="bbox 144 1909 865 1961; baseline 0.004 -15"><span class='ocrx_word' id='word_1_165' title='bbox 144 1911 210 1960; x_wconf 86' lang='lat' dir='ltr'>gio</span> <span class='ocrx_word' id='word_1_166' title='bbox 245 1909 351 1961; x_wconf 86' lang='lat' dir='ltr'>apud</span> <span class='ocrx_word' id='word_1_167' title='bbox 384 1913 682 1949; x_wconf 79' lang='lat' dir='ltr'>Minturnenses</span> <span class='ocrx_word' id='word_1_168' title='bbox 714 1921 865 1950; x_wconf 84' lang='lat' dir='ltr'>servata</span> 
     </span>
     <span class='ocr_line' id='line_1_28' title="bbox 143 1967 862 2012; baseline 0.007 -8"><span class='ocrx_word' id='word_1_169' title='bbox 143 1976 222 2012; x_wconf 87' lang='lat' dir='ltr'>est,</span> <span class='ocrx_word' id='word_1_170' title='bbox 244 1967 337 2005; x_wconf 88' lang='lat' dir='ltr'>luco</span> <span class='ocrx_word' id='word_1_171' title='bbox 358 1968 408 2006; x_wconf 82' lang='lat' dir='ltr'>ad</span> <span class='ocrx_word' id='word_1_172' title='bbox 421 1971 541 2006; x_wconf 84' lang='lat' dir='ltr'>Lirim</span> <span class='ocrx_word' id='word_1_173' title='bbox 558 1968 600 2006; x_wconf 87' lang='lat' dir='ltr'>ss.</span> <span class='ocrx_word' id='word_1_174' title='bbox 617 1979 862 2009; x_wconf 82' lang='lat' dir='ltr'>consecrato.</span> 
     </span>
     <span class='ocr_line' id='line_1_29' title="bbox 146 2025 866 2079; baseline 0.003 -16"><span class='ocrx_word' id='word_1_175' title='bbox 146 2025 269 2076; x_wconf 90' lang='lat' dir='ltr'>Quod</span> <span class='ocrx_word' id='word_1_176' title='bbox 288 2039 372 2063; x_wconf 84' lang='lat' dir='ltr'>eam</span> <span class='ocrx_word' id='word_1_177' title='bbox 402 2035 518 2078; x_wconf 87' lang='lat' dir='ltr'>poeta</span> <span class='ocrx_word' id='word_1_178' title='bbox 546 2029 784 2065; x_wconf 84' lang='lat' dir='ltr'>Laurentem</span> <span class='ocrx_word' id='word_1_179' title='bbox 802 2041 866 2079; x_wconf 86' lang='lat' dir='ltr'>ap-</span> 
     </span>
     <span class='ocr_line' id='line_1_30' title="bbox 145 2084 865 2135; baseline 0.003 -13"><span class='ocrx_word' id='word_1_180' title='bbox 145 2084 288 2135; x_wconf 81' lang='lat' dir='ltr'>pellat‚</span> <span class='ocrx_word' id='word_1_181' title='bbox 320 2087 478 2135; x_wconf 75' lang='lat' dir='ltr'>poetico</span> <span class='ocrx_word' id='word_1_182' title='bbox 510 2098 620 2124; x_wconf 89' lang='lat' dir='ltr'>more</span> <span class='ocrx_word' id='word_1_183' title='bbox 651 2086 768 2133; x_wconf 84' lang='lat' dir='ltr'>facit,</span> <span class='ocrx_word' id='word_1_184' title='bbox 798 2099 865 2124; x_wconf 86' lang='lat' dir='ltr'>no-</span> 
     </span>
     <span class='ocr_line' id='line_1_31' title="bbox 144 2143 864 2195; baseline 0.004 -16"><span class='ocrx_word' id='word_1_185' title='bbox 144 2144 249 2180; x_wconf 85' lang='lat' dir='ltr'>mine</span> <span class='ocrx_word' id='word_1_186' title='bbox 270 2155 291 2179; x_wconf 85' lang='lat' dir='ltr'>a</span> <span class='ocrx_word' id='word_1_187' title='bbox 317 2144 457 2180; x_wconf 88' lang='lat' dir='ltr'>vicinis</span> <span class='ocrx_word' id='word_1_188' title='bbox 482 2143 580 2181; x_wconf 83' lang='lat' dir='ltr'>loeis</span> <span class='ocrx_word' id='word_1_189' title='bbox 600 2146 725 2195; x_wconf 88' lang='lat' dir='ltr'>petito</span> <span class='ocrx_word' id='word_1_190' title='bbox 744 2157 753 2182; x_wconf 90' lang='lat'>:</span> <span class='ocrx_word' id='word_1_191' title='bbox 774 2157 864 2182; x_wconf 76' lang='lat' dir='ltr'>nam</span> 
     </span>
     <span class='ocr_line' id='line_1_32' title="bbox 145 2199 863 2253; baseline 0.003 -15"><span class='ocrx_word' id='word_1_192' title='bbox 145 2199 193 2238; x_wconf 81' lang='lat' dir='ltr'>ad</span> <span class='ocrx_word' id='word_1_193' title='bbox 223 2201 345 2238; x_wconf 83' lang='lat' dir='ltr'>Lirim</span> <span class='ocrx_word' id='word_1_194' title='bbox 379 2215 504 2253; x_wconf 90' lang='lat' dir='ltr'>usque</span> <span class='ocrx_word' id='word_1_195' title='bbox 536 2204 749 2240; x_wconf 76' lang='lat' dir='ltr'>Laurentes</span> <span class='ocrx_word' id='word_1_196' title='bbox 782 2216 863 2240; x_wconf 90' lang='lat' dir='ltr'>non</span> 
     </span>
     <span class='ocr_line' id='line_1_33' title="bbox 143 2258 860 2307; baseline 0.004 -12"><span class='ocrx_word' id='word_1_197' title='bbox 143 2258 375 2296; x_wconf 74' lang='lat' dir='ltr'>habitarunt</span> <span class='ocrx_word' id='word_1_198' title='bbox 388 2274 398 2306; x_wconf 91' lang='lat'>;</span> <span class='ocrx_word' id='word_1_199' title='bbox 414 2262 487 2297; x_wconf 80' lang='lat' dir='ltr'>etsi</span> <span class='ocrx_word' id='word_1_200' title='bbox 504 2273 650 2297; x_wconf 80' lang='lat' dir='ltr'>nomen</span> <span class='ocrx_word' id='word_1_201' title='bbox 664 2262 860 2307; x_wconf 81' lang='lat' dir='ltr'>Latinum,</span> 
     </span>
     <span class='ocr_line' id='line_1_34' title="bbox 145 2320 865 2370; baseline 0.006 -17"><span class='ocrx_word' id='word_1_202' title='bbox 145 2330 295 2354; x_wconf 82' lang='lat' dir='ltr'>novum</span> <span class='ocrx_word' id='word_1_203' title='bbox 328 2327 433 2355; x_wconf 85' lang='lat' dir='ltr'>certe</span> <span class='ocrx_word' id='word_1_204' title='bbox 455 2320 635 2365; x_wconf 87' lang='lat' dir='ltr'>Latium,</span> <span class='ocrx_word' id='word_1_205' title='bbox 664 2333 710 2356; x_wconf 82' lang='lat' dir='ltr'>eo</span> <span class='ocrx_word' id='word_1_206' title='bbox 740 2333 865 2370; x_wconf 89' lang='lat' dir='ltr'>usque</span> 
     </span>
     <span class='ocr_line' id='line_1_35' title="bbox 145 2377 530 2428; baseline 0.008 -16"><span class='ocrx_word' id='word_1_207' title='bbox 145 2377 369 2427; x_wconf 85' lang='lat' dir='ltr'>pertingere</span> <span class='ocrx_word' id='word_1_208' title='bbox 385 2378 530 2428; x_wconf 81' lang='lat' dir='ltr'>potuit.</span> 
     </span>
    </p>

    <p class='ocr_par' dir='ltr' id='par_1_6' title="bbox 147 2434 867 2776">
     <span class='ocr_line' id='line_1_36' title="bbox 208 2434 866 2472; baseline 0.002 -2"><span class='ocrx_word' id='word_1_209' title='bbox 208 2434 393 2472; x_wconf 83' lang='lat'><strong>52—58.</strong></span> <span class='ocrx_word' id='word_1_210' title='bbox 422 2435 583 2472; x_wconf 85' lang='lat' dir='ltr'>Lavinia</span> <span class='ocrx_word' id='word_1_211' title='bbox 607 2434 789 2472; x_wconf 79' lang='lat' dir='ltr'>servabat</span> <span class='ocrx_word' id='word_1_212' title='bbox 809 2448 866 2472; x_wconf 86' lang='lat' dir='ltr'>se-</span> 
     </span>
     <span class='ocr_line' id='line_1_37' title="bbox 147 2491 865 2543; baseline 0.001 -15"><span class='ocrx_word' id='word_1_213' title='bbox 147 2491 217 2528; x_wconf 79' lang='lat' dir='ltr'>des</span> <span class='ocrx_word' id='word_1_214' title='bbox 237 2494 454 2543; x_wconf 76' lang='lat' dir='ltr'>exquisite,</span> <span class='ocrx_word' id='word_1_215' title='bbox 482 2493 664 2539; x_wconf 84' lang='lat' dir='ltr'>tenebat,</span> <span class='ocrx_word' id='word_1_216' title='bbox 692 2492 865 2543; x_wconf 80' lang='lat' dir='ltr'>posside-</span> 
     </span>
     <span class='ocr_line' id='line_1_38' title="bbox 148 2548 867 2602; baseline 0.001 -16"><span class='ocrx_word' id='word_1_217' title='bbox 148 2548 240 2596; x_wconf 88' lang='lat' dir='ltr'>bat,</span> <span class='ocrx_word' id='word_1_218' title='bbox 258 2559 297 2588; x_wconf 84' lang='lat' dir='ltr'>et</span> <span class='ocrx_word' id='word_1_219' title='bbox 317 2550 394 2588; x_wconf 87' lang='lat' dir='ltr'>hoc</span> <span class='ocrx_word' id='word_1_220' title='bbox 413 2552 645 2602; x_wconf 85' lang='lat' dir='ltr'>simpliciter</span> <span class='ocrx_word' id='word_1_221' title='bbox 666 2565 759 2602; x_wconf 86' lang='lat' dir='ltr'>pro,</span> <span class='ocrx_word' id='word_1_222' title='bbox 785 2560 867 2589; x_wconf 83' lang='lat' dir='ltr'>erat</span> 
     </span>
     <span class='ocr_line' id='line_1_39' title="bbox 148 2608 866 2660; baseline 0.001 -16"><span class='ocrx_word' id='word_1_223' title='bbox 148 2608 192 2644; x_wconf 89' lang='lat' dir='ltr'>in</span> <span class='ocrx_word' id='word_1_224' title='bbox 219 2608 340 2646; x_wconf 90' lang='lat' dir='ltr'>domo</span> <span class='ocrx_word' id='word_1_225' title='bbox 373 2619 536 2660; x_wconf 76' lang='lat' dir='ltr'>paterna</span> <span class='ocrx_word' id='word_1_226' title='bbox 563 2612 681 2647; x_wconf 80' lang='lat' dir='ltr'>unica</span> <span class='ocrx_word' id='word_1_227' title='bbox 715 2608 796 2646; x_wconf 83' lang='lat' dir='ltr'>filia</span> <span class='ocrx_word' id='word_1_228' title='bbox 829 2619 866 2646; x_wconf 86' lang='lat' dir='ltr'>et</span> 
     </span>
     <span class='ocr_line' id='line_1_40' title="bbox 150 2664 867 2719; baseline 0.006 -18"><span class='ocrx_word' id='word_1_229' title='bbox 150 2664 286 2711; x_wconf 77' lang='lat' dir='ltr'>heres3</span> <span class='ocrx_word' id='word_1_230' title='bbox 307 2666 408 2705; x_wconf 85' lang='lat' dir='ltr'>nihil</span> <span class='ocrx_word' id='word_1_231' title='bbox 431 2669 612 2719; x_wconf 81' lang='lat' dir='ltr'>amplius.</span> <span class='ocrx_word' id='word_1_232' title='bbox 633 2671 772 2705; x_wconf 82' lang='lat' dir='ltr'>Petere</span> <span class='ocrx_word' id='word_1_233' title='bbox 792 2668 867 2705; x_wconf 87' lang='lat' dir='ltr'>sol-</span> 
     </span>
     <span class='ocr_line' id='line_1_41' title="bbox 151 2721 865 2776; baseline 0.004 -17"><span class='ocrx_word' id='word_1_234' title='bbox 151 2721 265 2761; x_wconf 82' lang='lat' dir='ltr'>tenne</span> <span class='ocrx_word' id='word_1_235' title='bbox 292 2738 365 2775; x_wconf 87' lang='lat' dir='ltr'>pro</span> <span class='ocrx_word' id='word_1_236' title='bbox 388 2739 574 2776; x_wconf 77' lang='lat' dir='ltr'>procare:</span> <span class='ocrx_word' id='word_1_237' title='bbox 599 2741 634 2763; x_wconf 75' lang='lat' dir='ltr'>v.</span> <span class='ocrx_word' id='word_1_238' title='bbox 655 2725 778 2766; x_wconf 77' lang='lat' dir='ltr'>cerda</span> <span class='ocrx_word' id='word_1_239' title='bbox 794 2755 802 2770; x_wconf 95' lang='lat'>‚</span> <span class='ocrx_word' id='word_1_240' title='bbox 823 2735 865 2764; x_wconf 88' lang='lat' dir='ltr'>ut</span> 
     </span>
    </p>
   </div>
   <div class='ocr_carea' id='block_1_5' title="bbox 930 1445 1654 2720">
    <p class='ocr_par' dir='ltr' id='par_1_7' title="bbox 930 1445 1653 2138">
     <span class='ocr_line' id='line_1_42' title="bbox 931 1445 1651 1499; baseline -0.004 -13"><span class='ocrx_word' id='word_1_241' title='bbox 931 1446 1066 1487; x_wconf 74' lang='grc' dir='ltr'>αἰτεῖν.</span> <span class='ocrx_word' id='word_1_242' title='bbox 1100 1450 1206 1486; x_wconf 89' lang='lat' dir='ltr'>Bene</span> <span class='ocrx_word' id='word_1_243' title='bbox 1237 1454 1370 1484; x_wconf 84' lang='lat' dir='ltr'>autem</span> <span class='ocrx_word' id='word_1_244' title='bbox 1402 1445 1450 1483; x_wconf 88' lang='lat' dir='ltr'>ad</span> <span class='ocrx_word' id='word_1_245' title='bbox 1470 1446 1651 1499; x_wconf 80' lang='lat' dir='ltr'>prodigia</span> 
     </span>
     <span class='ocr_line' id='line_1_43' title="bbox 931 1506 1651 1545; baseline -0.003 -1"><span class='ocrx_word' id='word_1_246' title='bbox 931 1515 970 1544; x_wconf 88' lang='lat' dir='ltr'>et</span> <span class='ocrx_word' id='word_1_247' title='bbox 1001 1506 1169 1545; x_wconf 86' lang='lat' dir='ltr'>deorum</span> <span class='ocrx_word' id='word_1_248' title='bbox 1200 1513 1354 1543; x_wconf 84' lang='lat' dir='ltr'>ostenta</span> <span class='ocrx_word' id='word_1_249' title='bbox 1382 1518 1465 1542; x_wconf 88' lang='lat' dir='ltr'>rem</span> <span class='ocrx_word' id='word_1_250' title='bbox 1489 1518 1651 1543; x_wconf 77' lang='lat' dir='ltr'>revoca-</span> 
     </span>
     <span class='ocr_line' id='line_1_44' title="bbox 931 1565 1652 1616; baseline 0 -15"><span class='ocrx_word' id='word_1_251' title='bbox 931 1566 988 1602; x_wconf 91' lang='lat' dir='ltr'>vit</span> <span class='ocrx_word' id='word_1_252' title='bbox 1025 1573 1166 1616; x_wconf 82' lang='lat' dir='ltr'>poeta3</span> <span class='ocrx_word' id='word_1_253' title='bbox 1206 1566 1380 1615; x_wconf 88' lang='lat' dir='ltr'>primum</span> <span class='ocrx_word' id='word_1_254' title='bbox 1394 1592 1405 1611; x_wconf 86' lang='lat'><strong>,</strong></span> <span class='ocrx_word' id='word_1_255' title='bbox 1448 1571 1494 1601; x_wconf 89' lang='lat' dir='ltr'>ut</span> <span class='ocrx_word' id='word_1_256' title='bbox 1528 1565 1652 1601; x_wconf 77' lang='lat' dir='ltr'>totius</span> 
     </span>
     <span class='ocr_line' id='line_1_45' title="bbox 932 1620 1653 1661; baseline -0.003 -1"><span class='ocrx_word' id='word_1_257' title='bbox 932 1625 1116 1661; x_wconf 88' lang='lat' dir='ltr'>carminis</span> <span class='ocrx_word' id='word_1_258' title='bbox 1148 1623 1274 1661; x_wconf 83' lang='lat' dir='ltr'>colori</span> <span class='ocrx_word' id='word_1_259' title='bbox 1302 1631 1341 1660; x_wconf 92' lang='lat' dir='ltr'>et</span> <span class='ocrx_word' id='word_1_260' title='bbox 1366 1620 1494 1660; x_wconf 88' lang='lat' dir='ltr'>indoli</span> <span class='ocrx_word' id='word_1_261' title='bbox 1522 1634 1541 1658; x_wconf 91' lang='lat' dir='ltr'>a</span> <span class='ocrx_word' id='word_1_262' title='bbox 1566 1622 1653 1659; x_wconf 72' lang='lat' dir='ltr'>reli»-</span> 
     </span>
     <span class='ocr_line' id='line_1_46' title="bbox 931 1679 1652 1734; baseline -0.001 -15"><span class='ocrx_word' id='word_1_263' title='bbox 931 1683 1048 1734; x_wconf 86' lang='lat' dir='ltr'>gione</span> <span class='ocrx_word' id='word_1_264' title='bbox 1065 1681 1195 1719; x_wconf 90' lang='lat' dir='ltr'>ductae</span> <span class='ocrx_word' id='word_1_265' title='bbox 1213 1682 1330 1718; x_wconf 83' lang='lat' dir='ltr'>etiam</span> <span class='ocrx_word' id='word_1_266' title='bbox 1351 1679 1437 1717; x_wconf 88' lang='lat' dir='ltr'>haec</span> <span class='ocrx_word' id='word_1_267' title='bbox 1453 1692 1544 1731; x_wconf 84' lang='lat' dir='ltr'>pars</span> <span class='ocrx_word' id='word_1_268' title='bbox 1561 1693 1652 1718; x_wconf 88' lang='lat' dir='ltr'>con-</span> 
     </span>
     <span class='ocr_line' id='line_1_47' title="bbox 930 1740 1651 1789; baseline -0.003 -12"><span class='ocrx_word' id='word_1_269' title='bbox 930 1741 1110 1786; x_wconf 88' lang='lat' dir='ltr'>veniret;</span> <span class='ocrx_word' id='word_1_270' title='bbox 1145 1749 1231 1777; x_wconf 90' lang='lat' dir='ltr'>tum</span> <span class='ocrx_word' id='word_1_271' title='bbox 1262 1748 1308 1776; x_wconf 89' lang='lat' dir='ltr'>ut</span> <span class='ocrx_word' id='word_1_272' title='bbox 1340 1740 1526 1776; x_wconf 90' lang='lat' dir='ltr'>Turnum</span> <span class='ocrx_word' id='word_1_273' title='bbox 1550 1751 1651 1789; x_wconf 80' lang='lat' dir='ltr'>prae-</span> 
     </span>
     <span class='ocr_line' id='line_1_48' title="bbox 931 1796 1653 1836; baseline -0.006 0"><span class='ocrx_word' id='word_1_274' title='bbox 931 1799 1215 1836; x_wconf 84' lang='lat' dir='ltr'>stantissimum</span> <span class='ocrx_word' id='word_1_275' title='bbox 1244 1796 1532 1834; x_wconf 86' lang='lat' dir='ltr'>adolescentem</span> <span class='ocrx_word' id='word_1_276' title='bbox 1560 1809 1653 1833; x_wconf 88' lang='lat' dir='ltr'>cum</span> 
     </span>
     <span class='ocr_line' id='line_1_49' title="bbox 931 1853 1651 1906; baseline -0.004 -13"><span class='ocrx_word' id='word_1_277' title='bbox 931 1857 1085 1893; x_wconf 86' lang='lat' dir='ltr'>ratione</span> <span class='ocrx_word' id='word_1_278' title='bbox 1118 1855 1250 1906; x_wconf 86' lang='lat' dir='ltr'>aliqua</span> <span class='ocrx_word' id='word_1_279' title='bbox 1282 1856 1414 1892; x_wconf 58' lang='lat' dir='ltr'>AEneae</span> <span class='ocrx_word' id='word_1_280' title='bbox 1446 1853 1651 1904; x_wconf 88' lang='lat' dir='ltr'>posthabi-</span> 
     </span>
     <span class='ocr_line' id='line_1_50' title="bbox 933 1911 1652 1951; baseline -0.003 -1"><span class='ocrx_word' id='word_1_281' title='bbox 933 1921 1018 1951; x_wconf 89' lang='lat' dir='ltr'>tum</span> <span class='ocrx_word' id='word_1_282' title='bbox 1054 1922 1242 1951; x_wconf 86' lang='lat' dir='ltr'>narraret.</span> <span class='ocrx_word' id='word_1_283' title='bbox 1277 1911 1353 1950; x_wconf 90' lang='lat' dir='ltr'>Sed</span> <span class='ocrx_word' id='word_1_284' title='bbox 1385 1911 1495 1948; x_wconf 85' lang='lat' dir='ltr'>haud</span> <span class='ocrx_word' id='word_1_285' title='bbox 1530 1911 1652 1950; x_wconf 86' lang='lat' dir='ltr'>dubie</span> 
     </span>
     <span class='ocr_line' id='line_1_51' title="bbox 933 1969 1653 2022; baseline 0 -14"><span class='ocrx_word' id='word_1_286' title='bbox 933 1971 1043 2008; x_wconf 87' lang='lat' dir='ltr'>suere</span> <span class='ocrx_word' id='word_1_287' title='bbox 1065 1983 1225 2022; x_wconf 81' lang='lat' dir='ltr'>quoque</span> <span class='ocrx_word' id='word_1_288' title='bbox 1249 1978 1400 2007; x_wconf 84' lang='lat' dir='ltr'>veteres</span> <span class='ocrx_word' id='word_1_289' title='bbox 1429 1969 1572 2007; x_wconf 87' lang='lat' dir='ltr'>fabulae</span> <span class='ocrx_word' id='word_1_290' title='bbox 1592 1983 1653 2008; x_wconf 78' lang='lat' dir='ltr'>su-</span> 
     </span>
     <span class='ocr_line' id='line_1_52' title="bbox 931 2028 1648 2080; baseline 0 -14"><span class='ocrx_word' id='word_1_291' title='bbox 931 2042 1002 2079; x_wconf 83' lang='lat' dir='ltr'>per</span> <span class='ocrx_word' id='word_1_292' title='bbox 1028 2029 1090 2065; x_wconf 90' lang='lat' dir='ltr'>his</span> <span class='ocrx_word' id='word_1_293' title='bbox 1115 2028 1328 2080; x_wconf 83' lang='lat' dir='ltr'>prodigiis,</span> <span class='ocrx_word' id='word_1_294' title='bbox 1363 2040 1451 2078; x_wconf 79' lang='lat' dir='ltr'>quae</span> <span class='ocrx_word' id='word_1_295' title='bbox 1478 2029 1520 2065; x_wconf 89' lang='lat' dir='ltr'>in</span> <span class='ocrx_word' id='word_1_296' title='bbox 1541 2041 1648 2080; x_wconf 83' lang='lat' dir='ltr'>seqq.</span> 
     </span>
     <span class='ocr_line' id='line_1_53' title="bbox 934 2089 1113 2138; baseline -0.006 -14"><span class='ocrx_word' id='word_1_297' title='bbox 934 2089 1113 2138; x_wconf 82' lang='lat' dir='ltr'>exponit.</span> 
     </span>
    </p>

    <p class='ocr_par' dir='ltr' id='par_1_8' title="bbox 932 2143 1654 2720">
     <span class='ocr_line' id='line_1_54' title="bbox 995 2143 1651 2196; baseline 0.002 -14"><span class='ocrx_word' id='word_1_298' title='bbox 995 2146 1046 2195; x_wconf 82' lang='lat'>59</span> <span class='ocrx_word' id='word_1_299' title='bbox 1065 2158 1122 2196; x_wconf 90' lang='lat' dir='ltr'>sq.</span> <span class='ocrx_word' id='word_1_300' title='bbox 1148 2143 1398 2183; x_wconf 80' lang='lat' dir='ltr'>Revocandae</span> <span class='ocrx_word' id='word_1_301' title='bbox 1414 2145 1455 2182; x_wconf 89' lang='lat' dir='ltr'>in</span> <span class='ocrx_word' id='word_1_302' title='bbox 1473 2146 1651 2183; x_wconf 79' lang='lat' dir='ltr'>animum</span> 
     </span>
     <span class='ocr_line' id='line_1_55' title="bbox 935 2202 1650 2253; baseline 0.001 -13"><span class='ocrx_word' id='word_1_303' title='bbox 935 2202 1095 2241; x_wconf 83' lang='lat' dir='ltr'>arbores</span> <span class='ocrx_word' id='word_1_304' title='bbox 1115 2211 1153 2240; x_wconf 87' lang='lat' dir='ltr'>et</span> <span class='ocrx_word' id='word_1_305' title='bbox 1173 2203 1251 2240; x_wconf 88' lang='lat' dir='ltr'>luci</span> <span class='ocrx_word' id='word_1_306' title='bbox 1268 2205 1308 2240; x_wconf 90' lang='lat' dir='ltr'>in</span> <span class='ocrx_word' id='word_1_307' title='bbox 1327 2203 1531 2253; x_wconf 73' lang='lat' dir='ltr'>impluviis</span> <span class='ocrx_word' id='word_1_308' title='bbox 1545 2213 1650 2241; x_wconf 77' lang='lat' dir='ltr'>vete-</span> 
     </span>
     <span class='ocr_line' id='line_1_56' title="bbox 932 2261 1652 2312; baseline 0.001 -13"><span class='ocrx_word' id='word_1_309' title='bbox 932 2275 1042 2307; x_wconf 75' lang='lat' dir='ltr'>rniu,</span> <span class='ocrx_word' id='word_1_310' title='bbox 1062 2261 1110 2298; x_wconf 88' lang='lat' dir='ltr'>de</span> <span class='ocrx_word' id='word_1_311' title='bbox 1129 2261 1276 2312; x_wconf 83' lang='lat' dir='ltr'>quibus</span> <span class='ocrx_word' id='word_1_312' title='bbox 1292 2263 1436 2312; x_wconf 87' lang='lat' dir='ltr'>passim</span> <span class='ocrx_word' id='word_1_313' title='bbox 1453 2275 1652 2300; x_wconf 86' lang='lat' dir='ltr'>commen-</span> 
     </span>
     <span class='ocr_line' id='line_1_57' title="bbox 935 2319 1648 2364; baseline 0.001 -8"><span class='ocrx_word' id='word_1_314' title='bbox 935 2321 1004 2357; x_wconf 76' lang='lat' dir='ltr'>tati</span> <span class='ocrx_word' id='word_1_315' title='bbox 1034 2328 1129 2357; x_wconf 88' lang='lat' dir='ltr'>sunt</span> <span class='ocrx_word' id='word_1_316' title='bbox 1153 2321 1230 2356; x_wconf 77' lang='lat' dir='ltr'>viri</span> <span class='ocrx_word' id='word_1_317' title='bbox 1260 2319 1392 2364; x_wconf 86' lang='lat' dir='ltr'>docti,</span> <span class='ocrx_word' id='word_1_318' title='bbox 1426 2319 1475 2357; x_wconf 81' lang='lat' dir='ltr'>cf.</span> <span class='ocrx_word' id='word_1_319' title='bbox 1497 2320 1648 2358; x_wconf 88' lang='lat' dir='ltr'>Tibull.</span> 
     </span>
     <span class='ocr_line' id='line_1_58' title="bbox 933 2376 1649 2429; baseline 0 -13"><span class='ocrx_word' id='word_1_320' title='bbox 933 2380 1018 2424; x_wconf 88' lang='lat'>111,</span> <span class='ocrx_word' id='word_1_321' title='bbox 1038 2379 1060 2415; x_wconf 87' lang='lat'>3</span> <span class='ocrx_word' id='word_1_322' title='bbox 1077 2406 1088 2424; x_wconf 91' lang='lat'>‚</span> <span class='ocrx_word' id='word_1_323' title='bbox 1113 2377 1163 2416; x_wconf 84' lang='lat'>15</span> <span class='ocrx_word' id='word_1_324' title='bbox 1179 2386 1219 2416; x_wconf 91' lang='lat' dir='ltr'>et</span> <span class='ocrx_word' id='word_1_325' title='bbox 1233 2386 1335 2419; x_wconf 79' lang='lat' dir='ltr'>tecto</span> <span class='ocrx_word' id='word_1_326' title='bbox 1356 2376 1540 2415; x_wconf 60' lang='lat' dir='ltr'>interiore</span> <span class='ocrx_word' id='word_1_327' title='bbox 1559 2393 1649 2429; x_wconf 78' lang='lat' dir='ltr'>sup.</span> 
     </span>
     <span class='ocr_line' id='line_1_59' title="bbox 934 2436 1652 2487; baseline 0.003 -15"><span class='ocrx_word' id='word_1_328' title='bbox 934 2439 1006 2482; x_wconf 82' lang='lat' dir='ltr'>IV,</span> <span class='ocrx_word' id='word_1_329' title='bbox 1027 2436 1276 2486; x_wconf 67' lang='lat'>494.—60.</span> <span class='ocrx_word' id='word_1_330' title='bbox 1297 2438 1336 2474; x_wconf 88' lang='lat' dir='ltr'>S.</span> <span class='ocrx_word' id='word_1_331' title='bbox 1359 2449 1475 2472; x_wconf 85' lang='lat' dir='ltr'>coma</span> <span class='ocrx_word' id='word_1_332' title='bbox 1501 2436 1652 2487; x_wconf 80' lang='lat' dir='ltr'>aliquot</span> 
     </span>
     <span class='ocr_line' id='line_1_60' title="bbox 935 2494 1654 2544; baseline -0.001 -12"><span class='ocrx_word' id='word_1_333' title='bbox 935 2497 1071 2532; x_wconf 75' lang='lat' dir='ltr'>licius.</span> <span class='ocrx_word' id='word_1_334' title='bbox 1094 2507 1187 2532; x_wconf 88' lang='lat' dir='ltr'>cum</span> <span class='ocrx_word' id='word_1_335' title='bbox 1216 2495 1350 2534; x_wconf 84' lang='lat' dir='ltr'>Nonio</span> <span class='ocrx_word' id='word_1_336' title='bbox 1366 2522 1375 2540; x_wconf 95' lang='lat'>‚</span> <span class='ocrx_word' id='word_1_337' title='bbox 1403 2494 1472 2531; x_wconf 88' lang='lat' dir='ltr'>sed</span> <span class='ocrx_word' id='word_1_338' title='bbox 1495 2503 1654 2544; x_wconf 78' lang='lat' dir='ltr'>praestat</span> 
     </span>
     <span class='ocr_line' id='line_1_61' title="bbox 933 2554 1646 2604; baseline -0.001 -15"><span class='ocrx_word' id='word_1_339' title='bbox 933 2566 1058 2604; x_wconf 83' lang='lat' dir='ltr'>graeca</span> <span class='ocrx_word' id='word_1_340' title='bbox 1086 2555 1198 2591; x_wconf 81' lang='lat' dir='ltr'>ratio.</span> <span class='ocrx_word' id='word_1_341' title='bbox 1218 2575 1277 2581; x_wconf 95' lang='lat'>—</span> <span class='ocrx_word' id='word_1_342' title='bbox 1298 2554 1425 2589; x_wconf 85' lang='lat' dir='ltr'>Sacra</span> <span class='ocrx_word' id='word_1_343' title='bbox 1459 2566 1615 2589; x_wconf 84' lang='lat' dir='ltr'>comam</span> <span class='ocrx_word' id='word_1_344' title='bbox 1638 2583 1646 2592; x_wconf 81' lang='grc'>,</span> 
     </span>
     <span class='ocr_line' id='line_1_62' title="bbox 933 2610 1649 2661; baseline -0.001 -14"><span class='ocrx_word' id='word_1_345' title='bbox 933 2610 1329 2649; x_wconf 68' lang='lat' dir='ltr'>frondibusimaciis.</span> <span class='ocrx_word' id='word_1_346' title='bbox 1348 2612 1478 2648; x_wconf 60' lang='lat' dir='ltr'>flletus</span> <span class='ocrx_word' id='word_1_347' title='bbox 1496 2624 1572 2661; x_wconf 84' lang='lat' dir='ltr'>pro</span> <span class='ocrx_word' id='word_1_348' title='bbox 1592 2624 1649 2646; x_wconf 75' lang='lat' dir='ltr'>re-</span> 
     </span>
     <span class='ocr_line' id='line_1_63' title="bbox 932 2668 1650 2720; baseline -0.006 -14"><span class='ocrx_word' id='word_1_349' title='bbox 932 2669 1080 2720; x_wconf 83' lang='lat' dir='ltr'>ligione</span> <span class='ocrx_word' id='word_1_350' title='bbox 1093 2698 1103 2714; x_wconf 86' lang='lat'>‚</span> <span class='ocrx_word' id='word_1_351' title='bbox 1123 2678 1166 2707; x_wconf 84' lang='lat' dir='ltr'>ut</span> <span class='ocrx_word' id='word_1_352' title='bbox 1186 2668 1324 2706; x_wconf 79' lang='lat' dir='ltr'>horror</span> <span class='ocrx_word' id='word_1_353' title='bbox 1339 2678 1377 2706; x_wconf 81' lang='lat' dir='ltr'>et</span> <span class='ocrx_word' id='word_1_354' title='bbox 1393 2669 1532 2706; x_wconf 81' lang='lat' dir='ltr'>similia</span> <span class='ocrx_word' id='word_1_355' title='bbox 1548 2681 1556 2706; x_wconf 88' lang='lat'>:</span> <span class='ocrx_word' id='word_1_356' title='bbox 1571 2669 1650 2703; x_wconf 64' lang='lat' dir='ltr'>vid.</span> 
     </span>
    </p>
   </div>
   <div class='ocr_carea' id='block_1_6' title="bbox 940 2727 1078 2765">
    <p class='ocr_par' dir='ltr' id='par_1_9' title="bbox 940 2727 1078 2765">
     <span class='ocr_line' id='line_1_64' title="bbox 940 2727 1078 2765; baseline 0 0"><span class='ocrx_word' id='word_1_357' title='bbox 940 2727 1078 2765; x_wconf 77' lang='lat' dir='ltr'>cerda.</span> 
     </span>
    </p>
   </div>
  </div>
 </body>
</html>
