1767 3054
665 173 819 211 LIBER
850 173 965 210 VIII.

1493 176 1572 225 295

71 253 181 307 Quo
208 260 252 296 te
275 262 476 308 cumque
498 244 649 302 lacus,
671 244 972 291 miserantem
996 244 1296 292 incommoda
1319 257 1505 303 nostra,

70 330 219 373 Fonte
242 334 391 379 tenet,
414 337 716 384 quocumque
741 322 842 367 solo
866 321 1215 384 pulcherrimus
1240 323 1366 382 exis,

69 402 267 460 Semper
287 396 470 442 honore
492 411 623 453 meo,
649 412 836 458 semper
860 395 1164 442 celebrabere
1189 396 1348 455 donis,

67 473 298 535 Corniger
322 473 639 534 Hesperidum
666 473 838 519 fluvius
859 485 1083 535 regnator
1107 489 1354 535 aquarum.

66 546 204 592 Adsis
224 561 253 591 o
279 556 483 604 tantum,
507 558 552 592 et
577 547 776 608 propius
802 557 882 591 tua
904 548 1100 593 numina
1124 548 1301 593 firmes!
1328 567 1348 588 υ

66 619 146 665 Sic
168 632 421 676 memorat,
445 620 747 682 geminasque
769 620 880 682 legit
905 620 963 665 de
988 621 1132 667 classe
1154 622 1373 679 biremis,

65 695 377 757 Remigioque
403 706 556 757 aptat3
582 695 735 741 socios
760 694 897 741 simul
922 695 1112 741 instruit
1137 696 1294 742 armis.
1528 708 1566 737 so

128 772 251 816 Ecce
273 781 428 816 autem
442 806 454 828 ,
480 770 689 817 subitum
710 783 850 833 atque
870 770 1018 817 oculis
1041 770 1258 817 mirabile
1282 781 1542 818 monstrum
1556 808 1567 828 ,

64 845 276 894 Candida
298 863 384 908 per
407 847 572 893 silvam
597 864 705 893 cum
732 848 829 893 fetu
853 846 1076 893 concolor
1097 846 1206 893 albo

63 920 348 980 Procubuit,
374 922 612 983 viridique
636 923 685 967 in
709 922 846 968 litore
869 921 1160 983 conspicitur
1185 938 1263 967 sus
1284 937 1295 965 ε

61 998 220 1054 Quam
243 996 350 1060 pius
374 999 545 1044 AEneas
574 997 661 1042 tibi
686 997 832 1053 enim,
855 996 964 1052 tibi,
986 1011 1207 1041 maxuma
1227 1000 1375 1051 June,

60 1072 265 1128 Mactat,
287 1087 419 1118 sacra
443 1073 620 1130 ferens,
647 1084 691 1118 et
713 1088 819 1117 cum
844 1087 986 1133 grege
1010 1069 1131 1117 sistit
1156 1069 1216 1115 ad
1243 1085 1387 1115 aram.
1524 1080 1562 1110 ss

60 1145 268 1207 Thybris
293 1163 348 1193 ea
372 1147 594 1204 fluvium,
620 1163 761 1209 quam
786 1147 924 1207 longa
950 1156 1042 1203 est,
1068 1155 1206 1190 nocte
1228 1155 1484 1192 tumentem

60 1221 240 1279 Leniit‚
257 1232 309 1286 ,et
330 1223 471 1268 tacita
496 1223 698 1268 refluens
721 1222 786 1266 ita
809 1221 1019 1267 substitit
1043 1220 1194 1276 unda,

59 1297 191 1342 Mitis
216 1306 268 1342 ut
289 1298 337 1342 in
360 1313 540 1343 morem
561 1297 712 1359 stagni
734 1295 1025 1358 placidaeque
1050 1294 1234 1356 paludis

59 1372 304 1417 Sterneret
327 1388 490 1433 aequor
514 1372 668 1434 aquis,
691 1387 823 1417 remo
849 1381 899 1418 ut
923 1370 1158 1417 luctamen
1179 1368 1377 1415 abesset.

60 1448 188 1509 Ergo
212 1446 303 1493 iter
322 1447 562 1509 inceptum
585 1447 813 1508 celerant5
836 1462 1026 1493 rumore
1046 1443 1255 1492 secundo
1521 1466 1560 1495 90

55 1602 241 1640 laborum
259 1603 387 1642 facite.
408 1626 467 1633 —
486 1613 551 1651 74.
572 1605 775 1655 Expressit

55 1661 201 1699 Statius
218 1663 277 1698 IV
289 1661 414 1699 Theb.
437 1662 517 1699 832
536 1675 774 1712 quacunque

57 1717 176 1754 domo
209 1718 348 1771 gelida
389 1733 461 1756 ora
502 1719 661 1756 resolvit
696 1729 771 1758 etc.

55 1776 205 1821 Lacus,
233 1778 293 1814 uti
312 1790 351 1814 v.
374 1777 452 1824 66,
472 1791 547 1827 pro
574 1779 661 1827 ipso
690 1790 772 1814 am-

54 1845 106 1869 ne
141 1845 151 1870 :
188 1832 420 1885 ubicunque
463 1836 615 1871 fontem
656 1843 772 1872 tuum

53 1889 174 1927 habes
203 1898 243 1927 et
274 1893 554 1942 scaturiginem
581 1904 628 1927 ex
654 1900 770 1929 terra.

53 1950 121 1984 Est
142 1948 248 1984 enim
270 1947 358 1984 sons
384 1957 421 1985 et
446 1956 565 1998 caput
595 1951 773 1986 amnium

54 2003 164 2041 sedes
198 2004 441 2050 fluviorum3
472 2006 521 2043 cf.
543 2004 593 2041 ad
623 2006 769 2056 Georg.

55 2063 138 2107 lv,
174 2063 268 2112 319.
289 2084 346 2091 —
361 2064 412 2109 75
442 2061 490 2099 ad
511 2064 674 2101 formam
691 2062 768 2102 od.

53 2123 99 2166 λ,
129 2121 208 2158 238
242 2128 416 2157 structus
445 2129 501 2158 est
528 2133 538 2159 ε
571 2121 641 2157 ubi
677 2122 771 2158 Eni-

52 2191 151 2228 peus
167 2177 376 2216 Thessaliae
394 2189 404 2216 :
425 2178 462 2223 ὃς
489 2175 588 2216 πολὺ
615 2176 772 2216 κάλλισ-

52 2247 117 2280 τος
143 2238 332 2288 ποταμῶν
360 2233 423 2274 ἐπὶ
451 2236 570 2291 γαῖαν
601 2233 688 2276 ἵησι.
714 2257 771 2265 —-

57 2306 124 2341 77.
146 2293 380 2332 Fluviorum
420 2295 540 2331 Italiae
573 2295 769 2343 princeps.

146 2347 267 2404 ερίὸες
295 2354 458 2404 κρῆναι,
492 2342 691 2403 Ἑσπέριαιι.
713 2372 772 2379 —

59 2410 127 2456 78.
148 2408 351 2455 Numina,
375 2410 524 2446 scilicet
538 2437 548 2454 ‚
581 2416 669 2446 tuos
686 2421 770 2446 mo-

57 2468 166 2505 nitus
192 2466 314 2504 modo
352 2481 422 2517 per
456 2479 641 2504 somnum
673 2466 771 2502 mihi

57 2522 183 2562 datos.
204 2544 264 2553 —-
285 2524 406 2562 Adsis
422 2539 445 2561 o
469 2524 630 2562 tandem
650 2524 770 2572 vulgo

55 2580 207 2620 lectum
237 2590 327 2618 ante
354 2584 492 2620 Heius.
509 2611 518 2628 ‚
540 2582 607 2633 qui
639 2595 659 2618 e
691 2583 770 2618 suis

59 2646 99 2675 et
145 2639 247 2678 Pier.
292 2640 530 2679 emendavit,
583 2638 770 2688 Proprius

58 2696 251 2746 scriptum
268 2696 417 2735 viderat
447 2701 556 2737 Serv.
586 2696 771 2747 placidus

59 2750 166 2802 apud
199 2754 424 2801 Donatum,
456 2769 506 2792 ex
534 2757 652 2805 intpt.
686 2756 770 2791 Tua

60 2809 198 2848 omina
215 2811 487 2851 emendaverat
504 2812 668 2852 Palmer.
685 2813 770 2862 Spi-

841 1604 953 1655 cileg.
974 1616 1060 1654 pag.
1091 1602 1189 1639 616.
1221 1599 1297 1639 Sed
1320 1613 1466 1637 numen
1486 1614 1561 1651 pro

836 1662 1059 1711 yoluntatis
1090 1671 1330 1710 quacunque
1362 1656 1558 1710 significa-

841 1721 969 1763 tione,
994 1719 1149 1755 monito
1167 1725 1205 1754 et
1224 1715 1385 1754 oraculo
1401 1744 1411 1762 ,
1430 1717 1558 1766 poetis

839 1777 993 1813 dictum
1017 1787 1226 1812 occurrere
1252 1773 1348 1810 alibi
1369 1775 1450 1821 jam
1473 1785 1558 1811 mo-
1585 1791 1591 1794 ·

839 1836 968 1872 nitum
989 1841 1059 1870 est.

898 1892 967 1928 8ο.
989 1888 1123 1927 Armis
1146 1888 1320 1939 proprie.
1342 1886 1449 1924 conf.
1469 1899 1556 1924 ver-

837 1960 926 1985 sum
954 1949 1022 1997 93.
1043 1969 1101 1974 —
1121 1947 1188 1983 81.
1220 1944 1325 1981 Vide
1352 1943 1475 1981 modo
1507 1944 1556 1981 ad

836 2018 995 2042 versum
1031 2012 1098 2048 42.
1133 2004 1257 2052 Copia
1293 2002 1484 2039 orationis
1512 2002 1556 2038 in

837 2075 957 2099 verss.
1000 2062 1051 2097 82
1066 2090 1077 2105 ‚
1121 2061 1172 2098 83
1217 2072 1358 2110 parum
1392 2058 1523 2109 placet
1545 2070 1555 2095 :

840 2119 1027 2156 Candida
1047 2140 1104 2147 —
1121 2117 1312 2154 concolor
1342 2129 1431 2153 cnm
1459 2115 1553 2167 secu

838 2177 931 2213 albo
945 2192 960 2222 ;
996 2175 1207 2213 Procubuit
1222 2197 1281 2203 —
1299 2172 1552 2224 conspicitur-

838 2247 915 2284 que
932 2248 946 2270 :
959 2247 1036 2283 per
1060 2233 1322 2270 silvam—in
1348 2231 1476 2269 litore.
1496 2252 1556 2260 —

840 2292 906 2335 84.
928 2290 1047 2328 Enim
1073 2291 1351 2335 asseverative‚
1374 2297 1419 2326 ut
1435 2302 1550 2334 vero,

837 2361 912 2398 pro
944 2348 1097 2398 utique,
1124 2345 1183 2384 σοί
1213 2360 1260 2402 γε
1291 2341 1366 2392 δὴ,
1385 2359 1458 2383 nec
1485 2359 1552 2384 va-

839 2414 899 2443 cat
913 2435 923 2452 ‚
961 2404 1069 2456 quod
1105 2413 1250 2455 putant
1294 2405 1549 2456 grammatici.

837 2486 894 2492 —
912 2464 978 2511 87.
999 2465 1024 2501 J
1030 2476 1122 2514 ung.
1141 2462 1167 2500 l.
1188 2463 1247 2500 ica
1269 2461 1460 2506 substitit,
1483 2470 1547 2505 ut,

837 2521 864 2559 1.
892 2521 1003 2571 quod
1030 2520 1130 2557 forte
1157 2522 1279 2572 magis
1308 2520 1514 2570 poeticum
1539 2529 1548 2556 :

837 2578 894 2615 ita
911 2577 1100 2615 substitit:
1113 2591 1160 2616 eo
1176 2578 1312 2624 modo,
1324 2579 1428 2614 sicut
1447 2584 1552 2622 erat3

837 2649 960 2687 quum
979 2637 1031 2673 ita
1045 2635 1188 2674 finctum
1205 2644 1317 2673 esset.
1336 2635 1523 2684 Sequitur
1540 2645 1550 2671 :

837 2703 877 2731 m
899 2693 998 2732 adeo
1020 2692 1123 2732 mitis
1144 2702 1183 2732 et
1208 2695 1251 2731 iu
1274 2704 1424 2730 morem
1447 2699 1551 2740 stag-

835 2753 877 2788 ni
896 2759 973 2790 etc.

894 2822 962 2860 90.
997 2812 1168 2849 Rumor-e
1204 2806 1403 2851 secundo,
1434 2815 1550 2842 cursu
