1767 3054
148 74 224 117 178

775 74 1017 113 JENEIDOS

142 145 428 204 Septemque
448 157 541 188 una
561 143 651 189 sibi
672 159 808 189 muro
829 145 1141 191 circumdabit
1161 162 1312 206 arces,

141 216 271 261 Felix
296 217 429 276 prole
447 217 603 262 virum
626 234 636 261 :
659 218 809 278 qualis
832 219 1107 279 Berecyntia
1131 233 1280 266 mater
1580 235 1638 275 785

141 290 391 335 Invehitur
411 306 555 335 curru
580 290 806 352 Phrygias
831 291 1000 337 turrita
1020 308 1105 353 per
1125 294 1255 340 urbis
1268 330 1279 352 ‚

141 368 272 410 Laeta
297 364 437 410 deum
464 377 628 426 partu,
650 376 837 410 eentum
865 368 1109 427 complexa
1127 381 1345 431 nepotes,

142 439 308 484 Omnis
333 439 589 495 coelicolas,
611 438 761 484 omnis
786 455 958 500 supera
983 441 1077 486 alta
1099 444 1314 489 tenentis.

208 534 226 553 »
243 516 348 558 Huc
369 513 575 573 geminas
599 529 725 556 nune
748 512 882 558 flecte
908 514 1051 572 acies;
1074 515 1195 561 hanc
1221 517 1408 580 adspice
1435 529 1641 582 gentem,

141 590 474 647 Romanosque
498 595 617 631 tuos.
640 586 728 630 Hic
749 589 924 644 Caesar,
951 599 997 633 et
1018 589 1168 634 omnis
1190 590 1283 635 Iuli

1578 614 1639 645 790

140 661 419 724 Progenies,
440 677 661 723 magnum
687 661 790 706 coeli
810 673 1010 708 ventura
1031 662 1119 709 sub
1141 679 1290 710 axem.

206 757 226 778 »
243 737 332 782 Hie
353 736 451 793 vir,
474 736 551 782 hic
572 748 664 792 est,
687 736 774 782 tibi
800 753 940 798 quem
966 739 1179 800 promitti
1204 739 1373 802 saepius
1394 741 1549 800 audis,

138 815 378 872 Augustus
403 813 579 867 Caesar,
602 811 713 856 Divi
735 827 902 872 genus3
929 828 1073 858 aurea
1095 812 1268 859 condet
1302 868 1305 871 μ

140 884 322 930 Saecula
350 884 432 945 qui
452 900 614 930 rursus
635 885 795 943 Latio,
818 898 1012 947 regnata
1031 903 1117 948 per
1137 903 1249 933 arva

140 962 344 1005 Saturno
367 957 603 1018 quondam
616 992 628 1016 ,
648 975 792 1021 super
811 971 857 1006 et
879 965 1186 1007 Garamantas
1216 972 1261 1008 et
1282 961 1424 1008 Indos
1546 996 1555 998 ψ
1575 974 1635 1015 795

137 1167 175 1194 ta
206 1157 356 1205 Cerda3
392 1161 509 1195 etiam
535 1159 583 1196 de
603 1167 752 1209 septem
772 1161 854 1198 col-

139 1215 258 1253 libus.
280 1216 434 1266 (Docta
457 1219 669 1266 Pomponii
687 1218 776 1256 Sab.
806 1217 855 1254 ad

138 1286 176 1310 v,
192 1275 292 1320 '784
319 1282 413 1310 nota
433 1287 484 1311 ex
506 1276 674 1324 Dionys,
700 1275 825 1313 Halic.
841 1303 852 1322 ‚

137 1330 350 1368 Plutarcho
370 1333 413 1368 in
428 1332 603 1370 Romulo
623 1340 662 1368 et
678 1334 793 1369 Festo
811 1334 853 1368 iu

138 1390 265 1425 Roma
288 1388 481 1439 descripta
504 1397 574 1426 est.
598 1387 613 1439 )
637 1410 695 1416 —
714 1389 854 1436 785—

140 1458 159 1491 7
171 1446 237 1483 88.
255 1449 435 1497 Augusta
453 1448 582 1497 imago
601 1446 768 1496 Cybeles
784 1459 855 1497 per

137 1503 351 1553 Phrygiam
381 1504 548 1538 invectae
581 1500 660 1551 (ex
686 1504 768 1538 ritu
798 1516 856 1539 sa-

139 1559 352 1610 crorum),
377 1571 467 1609 quae
491 1568 547 1595 est
568 1560 684 1596 deum
705 1561 851 1598 Mater.

136 1617 403 1654 Assimulatur
415 1619 555 1663 Roma,
573 1629 662 1666 quae
678 1624 737 1653 tot
753 1630 854 1669 mag-

135 1687 209 1711 nos
229 1686 273 1710 ac
297 1674 454 1711 divinos
486 1675 593 1711 viros
616 1674 721 1712 tulit.
751 1677 853 1712 Nam

136 1731 184 1768 de
215 1731 360 1768 divinis
381 1730 630 1768 honoribus
620 1744 663 1767 1n
684 1733 852 1769 Caesares

136 1788 273 1825 delatis
308 1801 390 1826 non
421 1790 561 1840 agitur.
593 1791 744 1838 Supera
763 1790 852 1826 alta

136 1855 336 1890 tenentes,
371 1848 661 1884 Homericum:
680 1845 851 1885 ‘27:327oe-

136 1916 187 1940 Ta
212 1899 366 1956 ὸὼυοιτ’
386 1901 451 1953 ε”γο
437 1917 536 1947 ντες

199 1961 279 2010 789
299 1983 358 1989 —-
385 1974 480 2011 791.
514 1963 639 1999 Etiam
669 1961 852 2001 ordinem

135 2031 270 2055 rerum
298 2018 390 2055 facit
415 2018 684 2056 admirabilem
706 2032 715 2058 :
742 2021 852 2071 quod

135 2077 266 2125 primo
295 2075 386 2113 loco
415 2084 571 2125 gentem
601 2078 750 2115 Juliam
777 2092 853 2116 me-

136 2141 265 2170 morat
276 2161 288 2178 ,
316 2146 441 2183 quum
459 2135 501 2170 in
517 2135 709 2172 Marcello
725 2137 851 2174 oratio

137 2192 282 2227 summi
310 2190 476 2227 affectus
502 2191 618 2241 plena
640 2192 853 2231 susbtitura

138 2247 198 2283 sit.
223 2249 310 2284 Huc
325 2257 503 2285 converte
524 2249 657 2285 oculos
679 2258 753 2287 etc.
774 2263 853 2287 om-

138 2304 203 2339 nia
221 2317 311 2340 cum
331 2304 548 2342 verborum
573 2305 762 2357 dignitate
787 2321 854 2344 ex-

136 2360 243 2397 tulit.
278 2363 456 2397 Ventura
489 2363 556 2398 sub
594 2377 716 2401 axem
731 2391 741 2409 ‚
778 2365 852 2402 sub

143 2417 288 2453 coelum
303 2446 313 2463 ‚
336 2418 378 2453 in
402 2420 520 2454 vitam
535 2447 545 2465 ‚
578 2429 623 2457 ut
638 2422 716 2468 jam
738 2423 852 2459 toties

136 2472 310 2510 vidimus
329 2476 372 2511 in
391 2474 466 2512 hoc
484 2475 603 2514 libro.

199 2543 279 2580 ³592
302 2544 386 2581 sqq.
407 2534 454 2569 In
471 2535 655 2583 Augusto
678 2548 773 2572 vero
789 2549 850 2573 re-

136 2587 413 2638 praesentando
436 2602 475 2625 se
497 2591 627 2638 ipsum
651 2594 852 2641 superavit

126 2654 267 2695 poeta.
290 2648 429 2683 Pacem
446 2654 637 2683 terrai-um
659 2649 747 2684 orbi
766 2650 849 2686 red-

139 2702 284 2751 ditam3
317 2702 494 2755 prolatos
530 2704 687 2755 imperii
722 2704 845 2754 fines3

921 1161 1118 1207 vaticinia,
1131 1160 1279 1210 quibus
1298 1163 1411 1198 terris
1422 1163 1638 1212 promissus

922 1216 997 1253 fuit
1009 1231 1020 1263 ;
1049 1218 1322 1267 expeditiones
1349 1220 1393 1255 in
1411 1227 1533 1256 terras
1550 1221 1636 1258 lon-

921 1276 1100 1324 ginquas,
1126 1283 1165 1311 et
1179 1276 1319 1311 itinera
1336 1275 1384 1312 ad
1400 1279 1638 1315 constituen-

922 1330 988 1366 das
1005 1332 1228 1380 provincias
1249 1333 1290 1369 in
1316 1334 1364 1369 iis
1387 1334 1482 1383 ipsis
1501 1336 1612 1371 annis
1625 1362 1636 1381 ‚

921 1388 1069 1437 quibus
1098 1387 1184 1426 haec
1223 1390 1380 1440 scripsit
1411 1392 1527 1428 Maro
1553 1404 1638 1429 sus-

923 1453 1059 1494 cepta3
1097 1459 1215 1492 quam
1255 1449 1390 1497 gravia
1431 1446 1515 1485 haec
1556 1461 1639 1486 om-

921 1502 986 1537 nia
1003 1500 1167 1537 laudum
1183 1512 1412 1552 argumenta
1426 1530 1436 1549 ‚
1463 1513 1502 1541 et
1517 1518 1638 1554 quam

920 1556 1124 1607 splendide
1142 1558 1273 1595 verbis
1299 1568 1337 1596 et
1363 1572 1495 1597 rerum
1512 1561 1636 1612 phan-

921 1615 1150 1652 tasmatibus
1167 1615 1360 1653 declarata
1375 1618 1383 1653 ῐ

981 1680 1076 1721 794.
1098 1672 1209 1709 Latio
1222 1701 1233 1719 ,
1251 1672 1420 1710 debebat
1435 1674 1547 1723 sequi
1562 1687 1634 1724 per

920 1731 1141 1779 appositum
1162 1741 1171 1767 :
1193 1730 1318 1777 arvis,
1349 1730 1417 1768 sed
1436 1731 1603 1767 variavit
1622 1745 1632 1769 :

912 1800 990 1836 per
1010 1800 1105 1824 arva
1132 1796 1303 1839 regnata
1327 1787 1531 1838 quondam
1556 1790 1628 1825 Sa-

919 1853 1036 1881 turno
1049 1859 1064 1889 ‚·
1087 1857 1175 1895 quae
1201 1853 1294 1881 sunt
1314 1847 1447 1895 ipsum
1462 1846 1631 1884 Latium.

917 1901 1008 1938 vide
1028 1901 1129 1939 infra
1152 1902 1201 1939 ad
1227 1901 1379 1940 librum
1398 1904 1498 1941 VIII
1512 1931 1523 1951 ,
1550 1904 1631 1954 319

919 1967 958 1996 et
977 1973 1062 2010 sqq.

979 2018 1219 2068 795—798.
1254 2019 1370 2055 Fines
1401 2019 1557 2069 imperii
1589 2019 1634 2055 in

917 2073 1052 2112 Africa
1071 2084 1110 2112 et
1126 2077 1220 2113 Asia
1237 2075 1417 2113 dilatatos
1432 2076 1630 2127 intellige3

918 2133 992 2168 etsi
1008 2133 1127 2170 rebus
1149 2134 1190 2170 in
1209 2134 1335 2181 majus
1351 2134 1488 2172 auctis.
1508 2135 1635 2183 Super

925 2188 1058 2239 (ultra
1080 2190 1095 2241 )
1131 2191 1402 2228 Garamantas
1414 2205 1431 2235 ;
1465 2191 1560 2228 victi
1586 2188 1630 2225 hi

919 2256 1013 2284 sunt
1031 2260 1052 2284 a
1068 2251 1111 2286 L.
1131 2247 1486 2294 Cornelio'Balbo‚
1517 2246 1629 2293 cujus

919 2306 1168 2355 triumphum
1197 2307 1300 2343 Fasti
1333 2304 1544 2355 Capitolini
1570 2304 1628 2340 VI

919 2363 1005 2400 Kal.
1024 2363 1153 2413 April.
1172 2375 1193 2399 a
1217 2363 1298 2410 735
1319 2369 1550 2399 memorant.
1575 2360 1626 2397 cf.

919 2420 1021 2458 Plin.
1041 2422 1080 2457 V
1094 2448 1106 2467 ,
1133 2421 1179 2466 53
1197 2420 1319 2458 Solin.
1348 2431 1382 2456 c.
1407 2419 1474 2455 31.
1492 2420 1541 2454 In
1561 2430 1627 2454 ex-

918 2485 1040 2513 trema
1060 2478 1183 2527 igitur
1201 2478 1291 2513 vitae
1308 2475 1466 2526 Virgilii
1485 2483 1523 2512 et
1542 2475 1625 2513 haec

915 2534 1113 2570 incidunt.
1146 2535 1271 2581 Super
1297 2532 1440 2578 Indos,
1477 2542 1628 2582 spectat

915 2592 1058 2640 partim
1075 2589 1124 2626 ad
1143 2590 1252 2639 signa
1275 2601 1295 2624 a
1311 2588 1475 2626 Phraate
1492 2589 1625 2627 reddi-

916 2656 953 2684 ta
972 2649 1022 2685 U.
1052 2646 1095 2683 C.
1121 2647 1226 2692 734,
1258 2647 1400 2696 partim
1426 2644 1475 2682 ad
1504 2646 1625 2684 Indo-
1669 2658 1680 2667 ²

914 2717 1003 2742 rum
1036 2703 1271 2755 legationem
1305 2702 1354 2740 ad
1400 2705 1626 2756 Augustum
