1767 3054
218 132 299 173 314

842 129 1086 168 AENEIDOS

211 201 370 259 Salve,
394 216 508 247 vera
529 205 555 248 J
558 200 658 248 ovis
683 201 860 263 proles,
884 204 1027 248 decus
1052 201 1209 249 addite
1233 202 1378 260 divis,

208 280 268 323 Et
291 293 399 333 nos,
420 289 466 323 et
489 288 569 323 tua
593 277 757 323 dexter
783 277 861 322 adi
885 277 1005 339 pede
1029 294 1160 324 sacra
1184 278 1442 325 secundol»

210 351 342 397 Talia
365 352 651 398 carminibus
678 352 938 409 celebrant3
964 369 1106 414 super
1126 353 1283 399 omnia
1306 352 1417 398 Caci

213 426 497 488 Speluncam
524 426 772 488 adjiciunt,
798 427 1148 488 spirantemque
1173 426 1361 490 ignibus
1386 426 1556 489 ipsum.

211 502 449 547 Consonat
474 517 611 546 omne
634 516 797 546 nemus
821 500 1045 561 strepitu,
1071 502 1306 563 collesque
1328 502 1574 548 resultant.
1645 509 1705 540 305

278 577 401 622 Exin
427 593 475 622 se
500 575 658 621 cuncti
683 575 853 620 divinis
877 574 1019 620 rebus
1045 575 1104 620 ad
1125 575 1295 622 urbem

213 651 435 697 Perfectis
461 651 688 697 referunt.
712 650 817 695 Ibat
839 666 924 695 rex
946 650 1127 697 obsitus
1150 666 1275 708 aevo,
1339 655 1347 664 ’

213 728 271 771 Et
293 726 513 772 comitem
537 729 716 771 AEnean
733 726 870 786 juxta
893 736 1150 787 natumque
1176 723 1365 771 tenebat

212 801 511 862 Ingrediens,
535 802 766 861 varioque
789 800 916 845 viam
940 816 1156 847 sermone
1180 799 1384 846 levabat.

178 868 186 877 ’
211 874 439 932 Miratur,
465 875 706 936 facilisque
732 875 892 920 oculos
917 875 1008 921 fert
1032 876 1191 920 omnia
1215 875 1395 920 circum
1649 884 1709 915 310

214 952 405 1007 AEneas,
433 951 711 1011 capiturque
734 950 872 1006 locis;
900 960 947 995 et
970 950 1152 1011 singula
1174 951 1309 995 laetus

214 1026 528 1087 Exquiritque
553 1025 779 1087 auditque
801 1026 960 1071 virum
983 1034 1288 1071 monumenta
1311 1024 1541 1085 priorum.

215 1103 336 1144 Tum
355 1116 442 1144 rex
464 1100 735 1158 Evandrus,
760 1103 984 1145 Romanae
1009 1098 1228 1144 conditor
1251 1098 1370 1144 arcis
1396 1117 1406 1142 :

219 1196 239 1216 «
263 1177 377 1220 Haec
401 1191 595 1220 nemora
617 1174 849 1237 indigenae
874 1175 1046 1232 Fauni,
1069 1173 1398 1236 Nymphaeque
1418 1173 1663 1233 tenebant,
1703 1171 1705 1174 ⁴

219 1252 441 1310 Gensque
465 1248 622 1294 virum
648 1250 826 1295 truncis
852 1261 899 1296 et
923 1249 1045 1295 duro
1070 1247 1246 1294 robore
1269 1258 1380 1294 nata
1401 1265 1411 1292 :

1652 1259 1713 1291 315

220 1324 337 1380 Quis
362 1340 517 1385 neque
539 1340 665 1382 mos,
691 1341 845 1387 neque
870 1325 1022 1372 cultus
1047 1335 1171 1383 erat3
1194 1340 1282 1370 nec
1300 1325 1501 1388 jungere
1527 1335 1713 1383 tauros,

219 1516 296 1543 tem
310 1536 320 1551 ‚
350 1508 507 1544 consilii
538 1509 722 1558 inopem,
758 1508 806 1545 de
841 1506 938 1561 ἀμη-

220 1561 339 1615 χανίᾳ
355 1593 364 1609 ,
382 1562 550 1616 ἀπορία,
575 1578 625 1600 ex
641 1579 788 1614 pavore
807 1577 816 1603 :
839 1566 880 1602 h.
900 1579 934 1602 e.

218 1629 368 1658 terrore
390 1622 633 1670 perculsum.
645 1644 702 1649 ———
714 1623 766 1658 30
777 1636 810 1659 1.
830 1624 938 1658 Deus

219 1678 358 1715 addice
375 1678 552 1716 Pari-has.
571 1700 628 1706 ——
643 1680 738 1716 302.
765 1681 930 1722 Dexter,

222 1735 323 1772 adsis
343 1737 553 1785 propitius.
578 1757 637 1765 —-
663 1737 757 1779 304.
781 1736 937 1786 Spiran-

221 1802 298 1829 tem
339 1792 493 1843 ignibus
505 1821 516 1836 ,
544 1792 701 1829 doctius
733 1806 851 1843 quam
883 1795 937 1843 ig-

218 1863 287 1886 nes
307 1851 591 1899 exspirantem.

281 1908 378 1955 307.
393 1909 481 1943 Rex
497 1907 639 1943 obsitus
655 1920 737 1944 oevo
755 1921 769 1943 .·
786 1915 832 1944 ut
849 1907 939 1944 alias

217 1964 352 2016 gravis
368 1963 416 2000 de
427 1977 565 2015 magna
578 1965 704 2014 copia,
720 1977 935 2014 oppressus,

221 2022 396 2066 obrutus,
417 2021 550 2073 gravis
575 2030 706 2059 aetate.
729 2023 778 2059 cf.
803 2023 938 2060 Burm.

221 2101 279 2109 —
299 2080 396 2117 308.
423 2078 623 2116 Trahebac
649 2092 723 2128 pro
746 2092 826 2116 var.
846 2079 937 2117 lect.

222 2150 283 2187 pr.
299 2137 459 2183 Hamb.‚
471 2145 517 2173 ut
529 2140 617 2175 AEn.
632 2138 690 2183 ΙΙ,
714 2137 792 2183 457
810 2137 939 2183 3unde

222 2194 301 2232 huc
329 2196 481 2231 venisse
509 2193 716 2244 probabile
749 2194 848 2230 mihi
878 2193 938 2232 fit.

224 2273 282 2280 -—-
298 2253 393 2302 309.
410 2251 724 2302 Ingrediensque
734 2251 850 2288 viam
867 2264 940 2288 va-

225 2309 282 2346 rio
313 2323 343 2346 s.
377 2312 480 2347 Ven.
512 2309 714 2345 Levabanc
742 2311 898 2360 Hugen.
918 2322 940 2346 a

224 2379 277 2403 m.
296 2380 373 2404 see.
388 2375 426 2403 et
445 2366 579 2404 Schol.
594 2368 704 2403 Statii
720 2379 782 2416 ap.
801 2368 936 2404 Burm.

224 2424 405 2460 Lavabac
434 2427 552 2462 Rom.
577 2445 634 2451 —-
653 2425 749 2461 310.
788 2423 941 2460 Faciles

225 2479 428 2528 epitheton
455 2494 621 2527 ornans,
648 2481 814 2518 mobiles
830 2509 840 2528 ,
872 2494 937 2518 va-

203 2540 207 2543 '
226 2548 294 2585 gos
314 2538 473 2583 oculos,
488 2534 696 2576 vqubiles.

285 2593 332 2629 31
344 2601 367 2636 4
385 2606 468 2643 sqq.
489 2596 677 2646 Egregius
703 2595 815 2632 locus
828 2622 838 2641 ,
857 2607 938 2644 quo

225 2651 412 2700 antiquus
452 2651 572 2687 Italiae
603 2660 723 2688 status
754 2652 939 2688 describi-

224 2714 304 2744 tur.
337 2705 545 2757 Indigenae
570 2709 701 2745 Fauni
727 2708 942 2758 Nymphae-

224 2776 302 2815 que
331 2777 414 2805 non
435 2763 553 2801 modo
585 2763 787 2819 ἐγχώριοι,
807 2766 875 2803 sed
903 2774 941 2803 et

1003 1504 1230 1557 αὐτόχθονες
1249 1534 1261 1553 ,
1298 1505 1506 1561 αὐθιγενεῖς
1518 1534 1529 1552 ,
1569 1506 1719 1543 scilicet

1004 1565 1259 1615 designantur
1277 1565 1398 1602 Genii
1412 1564 1606 1601 locorum.
1625 1566 1721 1601 Sua-

1002 1623 1104 1658 viter
1139 1630 1268 1658 autem
1302 1630 1419 1670 poeta
1448 1620 1591 1657 extulit
1611 1619 1719 1659 hoc:

1002 1680 1105 1715 Loca
1121 1679 1223 1714 circa
1241 1678 1419 1715 Tiberim
1434 1677 1528 1714 olim
1548 1679 1721 1715 vastities

1003 1735 1211 1772 obtinebat
1225 1734 1414 1771 silvarum
1429 1762 1440 1780 ‚
1457 1748 1528 1784 per
1539 1748 1636 1785 quas
1647 1735 1721 1772 seri

1002 1791 1183 1829 homines
1212 1791 1459 1841 palabantur.
1488 1794 1523 1828 T
1520 1792 1650 1829 runcis
1682 1802 1723 1830 ec

1004 1849 1104 1886 duro
1123 1847 1260 1886 robore
1279 1858 1378 1886 nata
1395 1861 1470 1898 pro
1490 1851 1641 1887 truncis
1660 1862 1722 1888 ro-

1004 1906 1174 1952 borum3
1195 1915 1316 1952 nata,
1346 1914 1392 1946 ut
1413 1905 1620 1956 probabile
1647 1905 1696 1944 fit
1709 1935 1719 1953 ‚

1004 1963 1196 2013 loquendi
1226 1972 1265 2001 et
1297 1962 1477 2014 fingendi
1513 1963 1638 2001 forma
1671 1977 1722 2001 ex

1005 2034 1116 2058 more
1146 2022 1358 2071 agrestium
1383 2020 1592 2058 hominum
1609 2030 1722 2058 trun·

1006 2092 1073 2116 cos
1085 2078 1274 2116 arborum
1287 2076 1549 2116 inhabitandi.
1561 2092 1599 2116 v.
1612 2081 1721 2117 Serv.

1007 2136 1057 2174 cf.
1083 2138 1177 2174 Stat.
1207 2138 1265 2173 IV
1281 2135 1408 2175 Theb.
1438 2136 1521 2183 276
1541 2148 1625 2185 sqq.
1651 2137 1723 2173 etsi

1006 2206 1089 2231 non
1107 2193 1205 2231 adeo
1225 2192 1389 2244 subtiles
1410 2193 1454 2229 in
1473 2191 1534 2230 his
1550 2192 1720 2243 loquen-

1007 2250 1202 2289 diformis
1231 2250 1340 2287 fuere
1369 2250 1488 2300 prisci
1509 2248 1719 2297 homines3

1005 2322 1098 2346 nam
1124 2309 1242 2346 etiam
1261 2321 1282 2344 e
1305 2309 1407 2344 saxis
1424 2314 1537 2343 natos
1558 2305 1719 2355 dixere3

1007 2375 1046 2403 et
1067 2367 1170 2402 intra
1187 2378 1336 2416 paucos
1361 2375 1497 2402 versus
1519 2363 1625 2413 apud
1643 2365 1722 2402 He·

1006 2422 1106 2461 siod.
1126 2426 1175 2462 Ο.
1197 2432 1237 2460 et
1261 2425 1312 2460 D.
1341 2422 1417 2466 143
1449 2433 1507 2469 sq.
1532 2429 1589 2457 est
1610 2419 1720 2475 γένος
1766 2462 1767 2477 ¹

1007 2477 1216 2533 ἀνθρώπων
1249 2476 1452 2528 χάλκειον,
1484 2476 1526 2514 ἐκ
1556 2478 1692 2531 μελιᾶν
1706 2507 1718 2526 ,
1766 2491 1767 2498 ’

1008 2533 1232 2590 ἀδάμαντος
1264 2534 1350 2585 ἔχον
1385 2530 1513 2586 θυμόν.
1547 2536 1603 2572 At
1628 2549 1719 2586 quae
1766 2535 1767 2538 ’

1006 2607 1102 2632 mox
1116 2595 1262 2630 iterum
1277 2605 1327 2628 ex
1340 2603 1415 2628 aere
1433 2601 1719 2640 memorantur,

1005 2664 1080 2689 vss.
1105 2651 1183 2687 150
1197 2677 1208 2695 ‚
1227 2649 1301 2686 151
1318 2676 1329 2696 ‚
1345 2647 1396 2684 ab
1414 2649 1720 2700 interpolatione

1004 2707 1178 2759 profecta
1207 2718 1287 2743 esse
1314 2704 1515 2745 videntur.
1537 2728 1595 2736 --
1620 2707 1717 2746 316.

1006 2766 1146 2816 Neque
1161 2762 1334 2816 jungere
1362 2763 1514 2815 aliquot
1544 2765 1645 2804 Pier.
1661 2785 1720 2794 --
