1767 3054
707 121 860 157 LIBER
891 121 962 156 w.

1506 135 1581 169 122)

90 196 373 259 Adgnoscas.
396 217 415 236 υ
436 192 636 239 Tumida
660 208 720 238 ex
738 192 809 238 ira
834 204 933 238 tum
957 191 1104 238 corda
1125 194 1348 239 residunt.

90 273 190 316 Nec
210 271 345 334 plura
369 268 455 314 his.
478 267 562 314 Ille
582 266 821 313 admirans
841 266 1112 314 venerabile
1138 266 1313 314 donum

89 346 260 392 Fatalis
283 345 451 407 virgae,
473 344 613 406 longo
640 354 745 406 post
768 355 980 406 tempore
1003 344 1181 400 visum,

89 421 347 468 Caeruleam
372 419 575 466 advertit
600 420 820 482 puppim,
848 419 1058 482 ripaeque
1082 419 1386 482 propinquat.

1524 433 1583 464 410

87 497 203 543 Inde
226 496 338 542 alias
358 496 558 554 animas,
584 513 689 558 quae
710 513 795 559 per
813 497 927 560 juga
950 497 1088 560 longa
1109 495 1360 551 sedebant,

87 569 345 627 Deturbat,
367 571 586 633 laxatque
608 572 757 631 foros;
779 573 915 618 simul
939 572 1117 634 adcipit
1143 572 1277 617 alveo

86 650 328 710 Ingentem
353 650 533 693 AEnean
557 667 566 692 ε
593 649 771 710 gemuit
793 647 882 695 sub
903 647 1112 710 pondere
1137 646 1307 709 cymba

88 722 275 779 Sutilis,
300 733 345 768 et
369 723 562 769 multam
584 723 770 786 adcepit
790 723 963 769 rimosa
988 722 1223 786 paludem.

86 799 296 846 Tandem
323 810 448 846 trans
470 799 667 845 fluvium
690 800 938 845 incolumis
958 809 1211 860 vatemque
1234 797 1486 858 virumque
1523 807 1586 842 415

91 875 289 922 Informi
314 875 425 920 limo
450 875 709 937 glaucaque
729 876 924 937 exponit
943 875 993 919 in
1020 875 1142 919 ulva.

156 949 391 997 Cerberus
412 949 512 995 haec
535 949 698 1011 ingens
720 949 895 996 latratu
919 965 1065 1012 regna
1087 948 1276 995 trifauci

92 1029 338 1081 Personat,
365 1023 564 1070 adverso
587 1023 818 1070 recubans
838 1024 1053 1070 immanis
1077 1023 1127 1068 in
1147 1034 1297 1067 antro.

94 1100 181 1145 Cui
204 1110 358 1157 vates,
381 1099 581 1144 horrere
609 1098 774 1143 videns
793 1099 890 1161 jam
910 1097 1029 1143 colla
1054 1095 1287 1152 colubris,

98 1277 206 1314 ronti
234 1272 462 1318 ferendum,
483 1272 552 1310 sed
567 1275 814 1324 Proserpinae

100 1335 361 1377 destinatum,
382 1345 420 1368 v.
449 1338 541 1375 142.

161 1399 255 1440 409.
286 1388 464 1435 Fatalis,
509 1403 548 1426 v.
583 1402 671 1439 sup.
710 1390 810 1437 146,

108 1459 201 1498 147.
233 1442 372 1499 'Longo
395 1456 491 1496 pose
510 1454 714 1497 tempore;
740 1449 812 1500 igi-

100 1517 167 1545 tur
204 1504 396 1544 Hercules
431 1513 470 1541 et
507 1505 683 1542 Theseus
720 1518 812 1543 cum

100 1577 210 1602 ramo
246 1575 367 1600 aureo
398 1571 600 1601 veneissant
629 1584 688 1592 —--
715 1571 813 1608 411.

100 1625 209 1675 Juga
233 1622 380 1673 longa,
408 1618 532 1675 ζυγὰ,
563 1629 753 1667 transtra,
772 1621 813 1659 h.

101 1680 130 1718 l.
148 1689 378 1726 vectorum,
410 1674 632 1726 ἐπιὲατῶν,
663 1679 813 1717 sedilia.

104 1736 444 1788 Laxatquejbros‚
461 1737 634 1774 tabulata
649 1746 813 1783 vacuat,

103 1797 264 1846 proprie
287 1794 404 1832 turba
420 1803 458 1831 et
475 1793 732 1832 multitudine
749 1808 816 1831 ar-

105 1852 186 1889 tari
215 1852 329 1889 locus
366 1852 537 1898 dicitur,
577 1851 670 1889 iude
707 1865 817 1889 nunc

107 1908 258 1947 laxari.
285 1910 457 1946 Servius.
490 1909 655 1960 Egregie
686 1918 818 1946 autem

108 1966 319 2004 Charontis
338 1965 451 2002 ferox
478 1977 522 2001 ac
546 1965 697 2002 durum
711 1967 819 2016 inge-

108 2026 222 2061 nium
241 2022 494 2060 declaratum.
524 2023 727 2073 Ingentem
747 2024 819 2061 AE·

110 2094 255 2127 neam,
288 2081 378 2130 quis
406 2079 582 2117 dubitari
609 2093 722 2130 posse
746 2092 819 2130 pu-

110 2147 189 2184 tet,
219 2150 269 2175 au
302 2136 351 2174 ad
381 2139 559 2188 corporis
585 2136 822 2189 magnitudi-

110 2208 203 2234 nem
229 2195 478 2235 referendum
501 2196 579 2232 sit?
602 2198 659 2232 Ita
681 2195 730 2232 de
753 2195 821 2231 he·

110 2254 249 2292 roibus
272 2253 424 2305 ubique
453 2255 648 2290 Homerus
674 2262 712 2291 et
732 2266 826 2304 poe-

112 2320 183 2358 tae,
204 2320 249 2348 ut
267 2313 349 2362 ipsa
370 2312 551 2361 exempla
570 2324 590 2348 a
624 2311 750 2348 Cerda
776 2310 826 2346 al-

110 2369 190 2408 lata
209 2370 300 2406 satis
320 2369 694 2414 declaratum—414.
716 2368 827 2417 Qrm-

110 2427 164 2465 ba
182 2425 308 2465 sutilis
327 2429 409 2466 sive
428 2439 479 2463 ex
499 2428 617 2465 coriis
631 2454 640 2471 ‚
672 2428 754 2464 sive
773 2427 827 2462 vi·

114 2485 194 2525 tilis
212 2492 251 2522 et
263 2485 407 2534 juncea
429 2496 438 2522 τ
459 2500 497 2523 v.
516 2484 655 2524 Cerda.
673 2486 714 2523 Si
732 2484 828 2522 Cha-

114 2551 271 2582 rontem
302 2546 581 2595 AEgyptiorum
612 2544 744 2580 animo
764 2542 829 2578 ha-

114 2601 218 2647 buit,
232 2601 281 2639 de
301 2615 520 2654 papyracea
539 2601 695 2652 cymba,
716 2601 828 2637 barin

119 2661 294 2712 AEgyptii
310 2670 470 2707 vocant,
491 2661 662 2712 cogitare
680 2660 826 2710 potuit.

179 2720 419 2766 417—425.
441 2719 557 2757 Canis
572 2717 717 2768 palatio
733 2718 830 2755 Orci

119 2782 158 2812 et
172 2777 418 2828 Pmserpinae
440 2775 570 2814 aditus
592 2785 724 2813 custos
750 2784 828 2820 cst,

879 1274 1020 1324 priscae
1041 1273 1133 1309 vitae
1153 1285 1264 1309 more
1284 1272 1365 1319 jam
1381 1272 1487 1322 apud
1511 1274 1592 1311 Ho-

879 1344 1035 1368 merum
1066 1329 1178 1367 Iliad.
1207 1330 1250 1375 θ,
1287 1330 1393 1375 366,
1429 1330 1502 1367 ubi
1527 1331 1594 1369 ille

879 1403 931 1427 ex
952 1388 1083 1425 Erebo
1103 1387 1153 1424 ab
1178 1387 1350 1425 Hercule
1379 1386 1595 1435 adductus;

879 1454 918 1484 et
937 1445 1043 1496 apud
1062 1445 1224 1483 Hesiod.
1242 1446 1261 1482 θ
1275 1474 1286 1490 ,
1323 1446 1405 1495 769
1428 1459 1513 1496 sqq.
1531 1475 1541 1493 ‚
1575 1461 1595 1483 3

881 1517 961 1556 quo
987 1504 1055 1541 ine
1085 1503 1274 1540 adeuntes
1301 1503 1502 1541 adulando
1527 1504 1594 1541 ad-

881 1564 1038 1600 mittere
1052 1590 1062 1608 ,
1087 1570 1278 1599 exeuntes
1302 1570 1448 1599 terrere
1465 1574 1510 1598 ac
1531 1562 1595 1599 de-

883 1632 1021 1658 vorare
1040 1627 1234 1656 narratur.
1257 1621 1375 1658 Nunc
1394 1620 1436 1656 in
1453 1618 1601 1657 adeun-

882 1686 962 1716 tem
983 1681 1145 1715 AEneam
1171 1679 1376 1728 insurgere
1396 1676 1597 1727 putandus

883 1744 964 1782 est,
1003 1735 1184 1773 nondum
1227 1734 1307 1771 fato
1347 1733 1596 1772 defunctum.

882 1795 1039 1831 Nomen
1085 1794 1217 1843 ipsum
1247 1791 1410 1830 Cerberi
1439 1804 1523 1829 non
1541 1793 1598 1829 ni-

884 1851 916 1887 si
933 1859 1024 1901 post
1048 1852 1270 1888 Homerum
1300 1849 1478 1886 auditum
1507 1859 1565 1887 est
1586 1861 1596 1886 ε

887 1907 993 1945 conf.
1017 1909 1181 1944 Pausan.
1205 1909 1264 1944 111
1279 1934 1289 1951 ,
1321 1907 1372 1944 25
1390 1919 1400 1951 ;
1422 1907 1600 1944 occurrit

888 1973 1019 2002 tamen
1038 1977 1102 2014 ap.
1119 1963 1280 2000 Hesiod.
1299 1963 1317 1998 θ
1332 1991 1342 2009 ,
1371 1964 1393 2000 3
1406 1975 1420 1999 t
1432 1975 1468 2001 1.
1487 1963 1601 2001 Com-

890 2030 1019 2058 menta
1066 2020 1115 2058 de
1155 2034 1202 2057 eo
1246 2020 1431 2070 pleraque
1477 2022 1600 2058 Hera-

891 2079 975 2115 eliis
1008 2077 1144 2115 deberi
1180 2077 1391 2123 videntur,
1430 2077 1603 2115 Hercule

890 2135 938 2172 ad
979 2149 1071 2172 eum
1105 2148 1156 2172 ex
1191 2136 1327 2172 inferis
1368 2134 1604 2186 raptandum

893 2195 1012 2230 misso
1030 2205 1040 2230 ε
1062 2206 1100 2230 v.
1129 2192 1318 2243 Apollod.
1347 2194 1410 2238 11,
1445 2193 1468 2231 5
1482 2219 1493 2238 ‚
1528 2205 1576 2229 12
1594 2220 1604 2238 ‚

893 2260 931 2288 et
951 2252 1043 2289 Not.
1064 2263 1104 2301 p.
1126 2251 1207 2295 4²8
1229 2264 1313 2301 sqq.
1335 2250 1466 2288 Schol.
1495 2250 1542 2288 11.
1563 2250 1602 2294 θ,

897 2309 992 2346 368.
1031 2308 1211 2346 Placatur
1238 2308 1306 2346 ille
1334 2307 1374 2346 h.
1405 2308 1432 2347 l.
1466 2307 1605 2345 eodem

894 2367 974 2404 fere
992 2366 1114 2404 modo
1127 2395 1139 2414 ,
1156 2379 1238 2416 quo
1256 2366 1374 2404 draco
1397 2365 1608 2404 Colchicus

893 2426 935 2461 iu
953 2425 1246 2476 Argonauticis.
1266 2424 1360 2461 Alio
1378 2423 1500 2461 modo
1518 2424 1607 2461 Cer-

894 2482 1012 2519 berus
1040 2482 1220 2533 placatur
1243 2481 1351 2532 apud
1381 2482 1546 2519 Statium
1569 2482 1607 2516 11

894 2539 1021 2578 Theb.
1054 2541 1220 2578 26-31
1261 2540 1455 2576 Mercurii
1483 2539 1603 2590 virga.

896 2598 1125 2648 Comparari
1157 2610 1270 2648 posse
1300 2600 1456 2635 Senecae
1487 2598 1605 2633 Herc.

895 2657 973 2694 fur.
1003 2657 1083 2703 783
1112 2669 1242 2706 seqq.‚
1271 2654 1352 2702 jam
1379 2653 1505 2693 Cerda
1527 2667 1607 2690 mo-

894 2714 982 2752 nuit
996 2741 1006 2759 ‚
1031 2713 1103 2751 ubi
1128 2714 1304 2752 Theseus
1322 2712 1539 2752 Cerberum
1559 2710 1608 2745 ab

896 2771 1067 2811 Hercule
1098 2784 1330 2823 oppressum
1361 2777 1505 2807 narrat.
1542 2768 1612 2818 Os-
