1767 3054
705 175 859 213 LIBER
889 172 985 210 vn.

1517 165 1596 204 223

98 256 203 314 Ipse
226 250 368 298 modo
389 251 558 296 AEneas
574 280 587 304 ‚
611 245 760 292 nostri
786 245 824 291 si
849 253 978 290 tanta
1000 239 1176 303 cupido
1201 249 1295 298 est,

99 325 149 371 si
164 324 300 387 jungi
323 321 528 384 hospitio
552 328 803 382 properat,
823 317 1073 378 sociusque
1097 313 1283 370 vocari,

98 396 355 452 Adveniat,
374 394 532 440 vultus
557 409 677 439 neve
696 391 1003 438 exhorrescat
1021 387 1210 434 amicos.
1536 393 1594 424 26⁵

98 475 208 518 Pars
226 470 343 516 mihi
366 469 494 532 pacis
518 469 608 515 erit
628 468 844 514 dextram
862 465 1070 528 tetigisse
1091 461 1293 524 tyranni.

100 550 195 592 Vos
220 557 384 592 contra
408 545 508 607 regi
533 560 637 590 mea
656 559 781 589 nunc
804 540 1025 589 mandata
1049 539 1236 584 referte.

101 624 182 667 Est
206 620 323 666 mihi
342 632 472 678 nata,
498 619 603 665 viro
625 618 774 682 gentis
793 633 935 680 quam
955 616 1156 679 jungere
1181 621 1353 658 nostrae

99 698 208 742 Non
232 697 387 758 patrio
412 713 469 742 ex
489 696 632 757 adyto
657 706 829 752 sortes,
854 708 949 738 non
973 690 1178 754 plurima
1200 687 1318 734 coelo

101 772 316 816 Monstra
335 770 493 816 sinunt
518 788 527 814 τ
550 784 747 831 generos
772 766 978 814 externis
999 764 1163 812 adfore
1188 762 1248 808 ab
1270 760 1388 817 oris,
1539 778 1598 809 ²70

101 847 206 890 Hoc
230 844 366 890 Latio
388 856 565 891 restare
589 853 789 900 canunt,
813 842 896 904 qui
917 840 1143 903 sanguine
1166 847 1381 884 nostrum

102 922 287 965 Nomen
310 920 359 965 in
380 931 503 966 astra
527 920 680 965 ferant
702 937 711 963 :
738 917 865 963 hunc
889 917 1019 963 illum
1038 929 1232 978 poscere
1255 913 1349 958 sata

104 995 162 1038 Et
182 1009 316 1050 reor,
340 1005 407 1052 et,
430 995 467 1040 si
492 994 607 1056 quid
631 994 733 1039 veri
756 1010 886 1039 mens
915 1002 1140 1053 augurat,
1164 1000 1294 1051 opto.
1318 1008 1336 1027 »

169 1071 282 1114 Haec
305 1069 496 1126 effatus,
519 1085 665 1131 equos
684 1083 884 1116 numero
909 1079 1044 1129 pater
1063 1065 1193 1127 eligit
1216 1064 1358 1109 omni.

105 1141 303 1188 Stabant
327 1154 605 1189 tercentum
628 1143 767 1190 nitidi
790 1144 839 1188 in
864 1140 1155 1204 praesepibus
1179 1138 1305 1194 altis;

108 1216 342 1262 Omnibus
363 1218 599 1280 externplo
617 1218 812 1264 Teucris
832 1216 970 1280 jubet
990 1215 1157 1262 ordine
1178 1212 1287 1258 duci

106 1382 193 1430 pio,
222 1390 266 1418 ut
282 1394 396 1432 saepe.
416 1397 453 1420 v.
472 1382 597 1421 Cerda
620 1392 659 1421 et
681 1385 817 1421 Burm.

109 1438 213 1475 Uber
237 1439 348 1490 agri,
384 1440 542 1477 ubertas
562 1454 572 1479 :
594 1455 631 1479 v.
659 1454 748 1491 sup.
769 1441 817 1478 ad

106 1496 149 1541 1,
186 1496 281 1533 531.
322 1499 428 1535 conf.
463 1499 501 1534 11
537 1499 682 1550 Georg.
707 1499 814 1545 234,

114 1553 190 1591 185
216 1562 254 1591 et
270 1555 319 1592 al.
336 1577 389 1583 —
415 1556 511 1599 264.
531 1556 714 1608 Adjungi
729 1556 816 1593 hos-

94 1609 198 1661 pitio
214 1622 406 1662 properet
418 1613 586 1652 Oudart.
601 1614 815 1665 Sociusque

102 1681 193 1706 cum
212 1669 414 1709 Brunckio
451 1673 635 1709 revocavi
658 1685 667 1711 :
692 1674 736 1710 in
753 1686 813 1710 re-

103 1727 310 1774 cendoroe,
319 1737 418 1778 puto
430 1729 522 1766 inde
535 1742 554 1766 a
564 1731 664 1768 Dan.
675 1732 812 1768 Heius.

104 1785 215 1822 venit
232 1784 417 1824 sociusve.
445 1789 494 1823 In
523 1787 641 1825 codd.
666 1796 816 1825 utrum-

103 1853 181 1891 que
217 1840 399 1881 habetur.
439 1863 497 1873 -—
535 1845 631 1882 266.
670 1845 810 1889 Pacis,

104 1896 275 1944 foederis,
291 1908 329 1935 et
339 1901 518 1947 (rr-anni,
536 1903 650 1952 regis„
664 1910 815 1939 utrum-

105 1967 183 2005 que
200 1954 315 1992 docte
331 1955 433 1993 dixit
445 1984 457 2002 ,
479 1966 524 1994 ut
543 1966 671 2007 poeta.

164 2012 360 2060 268—27
371 2014 407 2050 3.
429 2015 610 2051 Heroicae
626 2015 717 2052 vitae
733 2028 818 2052 mo-

105 2082 166 2106 res
181 2070 234 2105 ita
250 2069 351 2106 ferre
362 2098 372 2113 ‚
397 2078 443 2106 ut
457 2071 635 2107 virorum
654 2071 816 2108 fortium

106 2128 263 2176 nuptias
279 2135 393 2163 orent
407 2155 417 2171 ‚
439 2136 507 2164 aut
529 2127 621 2164 filiae
634 2156 644 2171 ‚
663 2137 731 2165 aut
746 2141 815 2177 pa-

107 2192 182 2219 tres
195 2209 206 2228 ‚
225 2185 303 2231 jam
319 2185 478 2236 Servius
498 2187 662 2222 notavit.
681 2187 816 2222 Exem-

105 2240 217 2290 plum
244 2241 396 2278 illustre
423 2241 583 2278 Alcinoi
606 2242 749 2293 Odyss.
765 2255 788 2282 η
803 2270 814 2287 ,

109 2298 187 2334 311
220 2305 328 2348 seqq.
362 2297 541 2335 Plurima
567 2299 665 2336 σει-[ο
688 2312 815 2335 mons-

107 2363 191 2398 tra,
243 2364 396 2392 ostenta
445 2355 637 2393 divinitus
672 2358 785 2393 missa
804 2370 814 2395 ε

105 2420 198 2449 aunt
223 2426 312 2463 quae
339 2426 429 2463 sup.
456 2415 507 2449 58
528 2427 633 2464 seq.‚
661 2427 709 2461 71
734 2427 813 2464 seq.

105 2472 283 2521 exposita
301 2478 407 2508 sunt.
428 2493 485 2499 —
504 2484 553 2518 ²7
568 2484 600 2509 1.
634 2473 719 2508 Hoc
742 2473 816 2508 La-

106 2524 162 2564 e1‘o
176 2537 345 2573 restare,
366 2529 523 2566 Latinos
542 2542 698 2566 manere
713 2529 815 2566 hane

105 2583 303 2622 fortunam
317 2613 329 2632 ‚
367 2594 414 2623 ut
446 2599 566 2637 gener
596 2585 689 2624 filiae
720 2598 817 2623 meae

109 2640 388 2681 adventaverit.
410 2666 468 2673 —
486 2645 582 2691 273.
613 2645 670 2683 Ee
701 2657 813 2689 reor,

108 2705 150 2735 ee
166 2708 271 2749 opto,
296 2699 441 2751 siquid
458 2702 551 2740 ‘ven‘
566 2715 675 2739 mens
688 2715 816 2753 augu-

109 2762 185 2793 rat.
211 2756 353 2795 luhoe
373 2767 566 2797 contextu
595 2769 687 2810 opto
717 2759 818 2796 nihil

110 2810 224 2850 alind>
238 2825 321 2853 ense
341 2824 493 2867 potest,
521 2830 663 2868 quam,
689 2817 811 2867 eligo,

886 1383 1114 1434 amplector,
1135 1389 1325 1430 generum
1341 1375 1484 1427 probo,
1509 1376 1602 1426 quia

884 1456 977 1480 eum
1016 1440 1096 1477 fato
1135 1437 1372 1474 destinatum
1409 1446 1600 1485 generum

884 1513 965 1537 esse
1011 1509 1196 1549 auguror.
1241 1496 1361 1532 Recte
1405 1494 1598 1541 Pompon.

882 1557 972 1596 Sab.

882 1616 975 1666 quia
988 1614 1074 1652 haec
1098 1623 1180 1651 erat
1199 1627 1296 1652 sors.
1317 1632 1337 1646 »

943 1674 1202 1720 275—285.
1235 1671 1357 1723 Quod
1388 1669 1598 1706 Homerico

879 1730 1049 1768 heroum
1077 1744 1188 1769 more
1218 1730 1284 1781 (v.
1310 1743 1344 1768 c.
1370 1729 1416 1768 ΙΙ.
1437 1742 1483 1776 υ,
1515 1742 1592 1766 221

881 1801 962 1838 seq.
981 1787 1030 1825 de
1046 1788 1308 1826 Erichthonio
1321 1815 1332 1833 ‚
1357 1787 1531 1825 Dardani
1549 1786 1597 1824 fi-

881 1844 979 1896 lio),
991 1859 1063 1882 rex
1074 1847 1235 1883 Latinus
1255 1846 1355 1883 CCC
1372 1859 1496 1895 equos
1515 1848 1598 1883 exi-

882 1903 982 1940 mios
1016 1903 1156 1940 aluisse
1184 1911 1390 1948 narratur,
1425 1915 1444 1938 a
1464 1911 1596 1940 vetere

883 1961 982 1996 Latii
999 1959 1140 1997 habitu
1162 1960 1264 1997 forte
1280 1960 1448 1996 nimium
1471 1973 1597 2010 quan·

883 2024 970 2053 tum
1010 2017 1209 2055 abhorret.
1254 2019 1405 2053 Verum
1444 2017 1596 2068 reliqua

883 2075 1015 2109 omnia
1040 2083 1154 2110 aucta
1186 2076 1228 2110 iu
1258 2075 1385 2121 majus
1403 2082 1442 2111 et
1463 2075 1597 2126 ampli-

883 2128 995 2166 ficata
1017 2141 1133 2175 sunt,
1167 2140 1211 2167 nt
1241 2132 1412 2168 narratio
1430 2135 1596 2182 gravita-

883 2195 982 2231 tem,
1015 2196 1054 2225 εἰ
1084 2201 1241 2225 carmen
1270 2188 1499 2239 dignitatern
1526 2190 1594 2228 ha·

882 2243 1006 2282 beret.
1032 2247 1120 2282 Hoc
1140 2255 1269 2296 poetae
1291 2247 1501 2284 consilium
1522 2247 1593 2285 ubi

882 2302 1001 2339 semel
1029 2303 1294 2349 intellexa-h,
1318 2304 1592 2353 importunum

882 2368 939 2396 est
979 2358 1066 2396 talia
1107 2373 1298 2410 qnaerere.
1341 2363 1399 2397 Ita
1435 2360 1591 2400 infinita

881 2416 953 2453 alia
970 2419 1091 2467 quaeri
1109 2426 1315 2468 poterant,
1336 2432 1374 2456 v.
1396 2432 1430 2457 c.
1450 2419 1519 2457 lib.
1541 2423 1592 2465 V,

883 2474 964 2518 545
982 2488 1061 2525 sq.‚
1101 2474 1208 2513 unde
1231 2476 1414 2523 Trojanis
1433 2478 1477 2513 in
1497 2479 1592 2515 Sici-

880 2532 932 2570 lia
967 2533 1059 2582 equi
1088 2541 1342 2584 suppeterent
1372 2533 1420 2570 ad
1451 2532 1592 2572 ludum

882 2590 1013 2636 Trojae
1029 2588 1260 2628 habendum
1272 2618 1284 2636 ‚
1308 2598 1348 2627 et
1365 2592 1470 2628 inter
1488 2604 1595 2628 erro-

882 2659 945 2685 res
966 2647 1127 2699 longos,
1155 2660 1238 2699 quo
1258 2649 1447 2698 magistro
1468 2657 1590 2686 artem

883 2713 1103 2756 equestrem
1137 2705 1286 2743 discere
1314 2707 1491 2756 potuerit
1518 2707 1592 2743 As-

884 2763 1020 2800 canius
1040 2775 1132 2800 cum
1152 2764 1291 2800 ceteris
1309 2763 1456 2813 pueris.
1475 2761 1590 2800 Ordi-

884 2833 958 2865 ne,
987 2819 1197 2872 deinceps,
1232 2820 1420 2858 omnibus
1452 2826 1491 2856 et
1519 2819 1597 2856 sin-

1539 1155 1556 1175 2
1563 1145 1599 1185 5⁵5

1000 1569 1051 1594 :a
1082 1558 1195 1603 Hoc,
1229 1556 1386 1607 inquit,
1413 1549 1596 1597 volebat,
1658 1548 1664 1552 ’
