1767 3054
167 105 242 147 184

786 104 1031 142 AENEIDOS

164 173 434 221 Concordes
460 174 627 220 animae
650 191 803 232 nunc,
826 188 873 222 et
899 175 1010 222 dum
1037 187 1175 221 nocte
1198 187 1496 237 prementur,

167 252 276 294 Heu
303 259 533 309 quantum
557 248 682 294 inter
702 266 751 296 se
770 249 974 305 bellum,
999 249 1038 295 si
1062 249 1239 294 lumina
1258 250 1367 296 vitae

165 322 458 385 Adtigerint,
482 335 680 384 quantas
702 325 825 369 acics
851 334 1151 385 stragemque
1173 324 1388 371 ciebunt!
1615 334 1679 364 830

166 397 433 460 Aggeribus
454 414 588 444 socer
612 398 796 459 Alpinis
816 410 957 458 atque
984 414 1091 444 arce
1116 401 1324 446 Monoeci

168 473 491 529 Descendens,
518 488 663 533 gener
691 472 902 518 adversis
924 473 1182 520 instructus
1207 475 1332 522 Eois.

169 550 261 603 Ne,
286 547 446 607 pueri,
472 562 530 591 nc
552 558 682 592 tanta
703 546 871 593 animis
891 546 1159 600 adsuescite
1175 547 1322 607 bella;

169 624 274 667 Neu
300 619 463 682 patriae
484 620 662 667 validas
683 621 731 666 in
755 622 942 668 viscera
960 622 1133 667 vertite
1153 611 1302 668 vires!

171 698 339 756 Tuque
364 696 522 757 prior,
545 707 596 742 tu
618 713 782 758 parce,
805 713 951 759 genus
973 696 1056 758 qui
1078 695 1211 742 ducis
1236 695 1465 757 Olympo;
1620 707 1680 738 835

171 903 360 940 viderunt
382 903 567 953 Philippi.
583 903 631 940 Et
644 906 794 940 Lucan.
814 905 849 949 Ι,
869 916 887 949 7

170 960 402 1012 infestisque
415 961 526 996 obvia
539 960 663 1010 signis
674 959 811 1010 Signa,
822 973 895 1009 pa-

169 1031 229 1054 res
243 1017 404 1067 aquilas
422 1026 461 1052 et
469 1016 562 1066 pila
580 1016 776 1052 minantia
787 1016 893 1066 pilis.

170 1098 228 1104 —-
247 1075 343 1111 828.
367 1076 422 1110 Ec
449 1087 554 1110 nunc
581 1074 675 1110 dum
703 1074 770 1110 ed.'
790 1077 892 1111 Ven.

171 1137 411 1171 Prementur
439 1145 460 1168 e
491 1133 593 1169 Pier.
619 1139 658 1168 et
680 1130 786 1167 binis
814 1132 895 1167 suis

168 1192 306 1229 Heius.
345 1190 509 1239 recepit.
531 1188 699 1226 Accedit
740 1187 894 1226 Zulich.

169 1248 302 1299 Vulgo
313 1257 569 1297 premantur,
584 1246 694 1296 quod
711 1245 813 1282 bene
829 1259 898 1296 po·

171 1314 272 1343 terat
289 1306 423 1342 locum
439 1306 555 1341 tueri.
569 1326 625 1332 -—
637 1305 783 1348 Nocte,
806 1312 896 1341 ante

170 1367 391 1414 ingressum
420 1363 536 1409 vitae,
565 1375 653 1412 quae
682 1374 799 1411 supra
824 1361 896 1397 lux

174 1430 255 1458 erat
272 1435 309 1458 v.
331 1421 408 1467 761
424 1447 434 1466 ,
453 1427 492 1456 et
508 1433 604 1456 mox
621 1433 659 1457 v.
684 1419 766 1455 826
787 1418 899 1456 lumi-

176 1491 231 1514 ηιι
271 1478 384 1515 vine.
405 1496 464 1505 --
483 1478 580 1527 829.
622 1476 785 1513 Limina
818 1490 896 1515 sec.

175 1534 365 1574 Rottend.
405 1536 519 1572 Witt.
559 1534 641 1572 Erf.
655 1562 666 1580 ‚
707 1542 899 1583 perpetua

174 1594 374 1630 varietate.
386 1589 466 1628 vid.
475 1590 516 1628 h.
526 1591 554 1628 1.
565 1591 702 1628 Heius.
715 1592 898 1628 etBurm.

178 1663 221 1687 ac
238 1648 376 1687 Cerda.
395 1647 471 1686 sed
491 1647 532 1685 h.
549 1648 576 1685 l.
602 1647 758 1684 lumina
781 1649 900 1685 unice

176 1720 293 1752 vera3
315 1719 408 1743 nam
426 1713 465 1742 et
486 1705 577 1755 plus
597 1705 797 1756 dignitatis
820 1707 901 1755 epi-

179 1778 234 1801 cae
266 1766 386 1810 inest,
413 1772 452 1800 et
471 1771 722 1813 praecesserat
749 1774 759 1800 ε
788 1772 901 1800 noete

178 1824 226 1860 de
246 1831 350 1859 statu
371 1822 511 1857 animae
527 1828 617 1856 ante
643 1822 735 1857 vitae
751 1821 901 1871 ingres-

179 1893 281 1917 sum.
302 1880 387 1917 Nec
410 1891 504 1915 vero
522 1880 734 1928 Pompeius
757 1887 797 1915 et
817 1879 900 1916 Cae-

180 1950 242 1975 sar
263 1936 412 1973 bellum
443 1936 558 1972 civile
587 1944 801 1973 moverunt
823 1943 901 1972 sta-

178 1996 251 2032 tim
267 1993 336 2030 sub
351 1993 450 2030 ‘vicoe
465 1992 681 2043 ingressum
695 2021 705 2037 ‚
721 1993 831 2043 quod
846 1994 903 2029 in-

182 2053 330 2090 ferrent
356 2052 456 2088 ista:
481 2050 516 2087 si
536 2050 677 2087 limina
706 2050 805 2088 vicae
838 2059 901 2087 at·

179 2109 354 2162 tigerint.
367 2131 421 2137 —-
438 2109 458 2145 8
469 2110 489 2146 3
501 2121 534 2146 1.
564 2109 696 2146 Julius
716 2109 844 2146 Caesar
860 2108 903 2145 in

182 2168 416 2217 Pompeium
437 2178 542 2203 arma
567 2165 755 2203 movebat
774 2179 794 2202 e
813 2166 905 2203 Gal-

182 2226 256 2262 liis.
278 2226 471 2261 Etsivero
483 2227 685 2262 Ravennae
704 2231 789 2259 tum
809 2222 904 2259 sub-

181 2282 340 2318 sistebat
356 2294 447 2317 cum
466 2294 547 2317 una
562 2281 718 2330 legione
731 2308 740 2325 ‚
759 2289 905 2326 tamen,

183 2351 308 2387 quum
332 2346 470 2374 ceterae
492 2339 666 2388 legiones
690 2351 741 2374 ex
770 2337 905 2374 hiber-

183 2397 244 2431 nis
264 2395 328 2444 (v.
349 2394 395 2431 de
408 2396 451 2432 B.
473 2397 560 2433 Civ.
576 2398 593 2432 I
609 2423 619 2440 ‚
643 2394 708 2444 7),
727 2394 905 2444 adeoque

185 2453 312 2498 major
350 2453 552 2501 copiarum
586 2465 674 2502 pars
704 2465 754 2489 ex
779 2452 905 2488 Gallia

184 2509 441 2558 Transalpina
455 2518 554 2545 esset
570 2509 818 2556 arcessenda,
837 2522 905 2546 au-

186 2574 296 2617 gusta
323 2578 456 2602 rerum
488 2568 617 2615 specie
652 2567 700 2603 ab
733 2567 906 2617 Alpibus

185 2623 424 2661 descendere
462 2635 552 2659 eum
598 2633 742 2661 narrat.
785 2625 908 2675 Alpes

187 2681 358 2719 declarat
376 2693 447 2731 per
473 2694 640 2732 aggeres
671 2680 842 2731 Alpinos
869 2689 908 2718 et

187 2753 318 2778 arcem
338 2738 532 2783 Monoeci,
558 2738 597 2777 b.
619 2752 652 2776 e.
674 2748 906 2789 promonto-

961 905 1066 940 rium
1092 916 1184 940 cum
1206 903 1355 952 templo
1379 911 1417 940 et
1439 911 1560 952 portu
1582 904 1683 939 Her-

962 961 1062 996 culis
1081 961 1253 997 Monoeci
1274 987 1284 1005 ‚
1309 960 1385 996 sub
1411 960 1586 1010 Alpibus
1606 972 1683 996 ma-

961 1019 1102 1053 ritimis
1123 1030 1206 1054 non
1233 1017 1350 1067 longe
1379 1030 1398 1053 a
1421 1018 1555 1055 Nicaea
1574 1018 1657 1054 sitis
1672 1043 1682 1061 ‚

961 1076 1030 1124 qui
1054 1087 1162 1111 nunc
1192 1076 1362 1110 Monac-0
1389 1082 1461 1111 est.
1490 1075 1683 1111 Alienum

961 1133 1095 1182 itaque
1119 1139 1177 1168 est
1193 1144 1276 1168 non
1299 1133 1423 1182 magis
1442 1131 1490 1168 ab
1510 1131 1685 1168 historiae

963 1191 1151 1234 veritate,
1179 1201 1299 1238 quam
1340 1201 1360 1225 a
1392 1196 1520 1238 poetae
1551 1191 1683 1226 consi-

960 1246 1039 1293 lio,
1075 1255 1142 1283 aut
1180 1247 1352 1296 cogitare
1365 1274 1375 1292 ,
1401 1247 1593 1284 Caesarem
1630 1247 1687 1296 ip-

962 1317 1051 1340 sum
1071 1317 1141 1353 per
1160 1303 1244 1340 haec
1264 1303 1353 1340 loca
1379 1304 1424 1340 in
1453 1303 1605 1340 Italiam
1625 1302 1688 1340 de-

962 1361 1159 1398 scendisse
1172 1389 1182 1408 ,
1197 1370 1265 1398 aut
1276 1360 1325 1398 ad
1340 1360 1512 1398 reditum
1526 1361 1688 1399 Caesaris

964 1433 1014 1456 ex
1032 1419 1222 1469 Hispania
1237 1418 1321 1457 haec
1336 1418 1495 1456 referre.
1513 1420 1597 1457 Nec
1609 1431 1686 1455 me-

963 1478 1043 1514 lius
1088 1489 1173 1513 rem
1218 1475 1381 1526 expedit
1414 1477 1684 1513 Burmannus.

965 1534 1115 1571 Videas
1149 1542 1280 1571 tamen
1311 1532 1497 1570 audacter
1526 1532 1611 1569 haec
1640 1533 1686 1568 in

967 1591 1303 1641 descriptionibus
1319 1599 1357 1628 et
1373 1590 1548 1628 historiis
1564 1589 1687 1626 Italiae

966 1649 1093 1698 repeti
1115 1648 1180 1699 (v,
1214 1661 1247 1685 c.
1281 1648 1390 1685 Obss.
1415 1660 1483 1684 sur
1508 1645 1684 1691 l’Jcalie‚

968 1714 996 1743 t.
1014 1707 1075 1742 III
1089 1733 1099 1751 ‚
1121 1717 1160 1754 p.
1184 1705 1264 1741 282
1278 1703 1308 1754 )‚
1321 1713 1360 1741 et
1372 1704 1584 1741 monstrari
1605 1712 1686 1739 tur-

967 1763 1044 1799 rim
1077 1775 1197 1812 super
1227 1771 1362 1799 monte
1396 1759 1546 1799 Turbia
1560 1789 1570 1806 ‚
1609 1773 1688 1810 qua

968 1821 1135 1871 transitu
1148 1819 1252 1856 facto
1263 1821 1391 1858 Caesar
1402 1820 1477 1855 iter
1486 1819 1529 1855 in
1537 1818 1690 1855 Italiam

968 1877 1153 1914 clauserit
1166 1890 1176 1924 3
1192 1890 1312 1926 quam
1328 1879 1591 1927 Tropaeorum
1604 1877 1690 1912 Au-

970 1936 1075 1986 gusti
1090 1935 1224 1971 ruinas
1241 1934 1306 1971 alii
1321 1934 1691 1984 essepronuntiant,

970 2001 1017 2030 ut
1042 2006 1093 2029 ex
1115 1991 1400 2030 Holdswortho
1418 1990 1553 2028 didici.
1577 1992 1691 2028 Pom-

969 2051 1107 2100 peium
1142 2051 1275 2100 copias
1308 2063 1360 2087 ex
1397 2050 1560 2087 Oriente
1595 2059 1691 2084 con·

970 2109 1135 2144 traxisse
1152 2109 1242 2156 quis
1261 2106 1415 2144 nescit’?

1033 2165 1131 2202 833.
1149 2166 1214 2202 Ne
1234 2163 1455 2201 adsuescite
1473 2161 1592 2204 bella,
1614 2173 1689 2209 pro

973 2221 1127 2271 vulgari
1145 2233 1154 2259 :
1175 2220 1403 2265 adsuescere
1430 2219 1558 2257 hellis.
1583 2218 1689 2254 Ante

973 2278 1110 2316 oculos
1147 2278 1267 2315 fuisse
1303 2277 1472 2315 credunt
1499 2273 1609 2310 Iliad.
1641 2288 1663 2314 η
1679 2303 1688 2320 ,

973 2348 1058 2386 279
1082 2335 1131 2373 de
1157 2338 1331 2374 Hectore
1353 2343 1392 2372 et
1410 2333 1532 2379 Ajace
1556 2332 1688 2382 singu-

971 2394 1046 2430 lari
1062 2395 1274 2431 certamine
1289 2388 1558 2442 pugnantibus
1579 2400 1588 2425 :
1609 2392 1690 2430 Mn-

974 2450 1076 2496 κέτι,
1112 2445 1234 2490 mei&
1277 2446 1396 2500 φίλω,
1436 2442 1686 2498 πολεμίζετε,

974 2504 1074 2560 μηδὲ
1093 2505 1299 2560 μάχεσθον.
1316 2526 1375 2534 —-
1392 2504 1488 2549 834.
1513 2504 1688 2540 Imitatio

975 2565 1126 2604 Lucani
1142 2572 1201 2601 est
1216 2564 1234 2599 I
1248 2590 1259 2608 ‚
1280 2575 1302 2600 2
1323 2561 1599 2612 Populumque
1618 2575 1690 2611 po-

974 2623 1215 2660 centem-⁷2&
1233 2633 1304 2657 sua
1339 2618 1501 2656 victrici
1527 2631 1686 2656 conver-

972 2692 1056 2716 sum
1086 2678 1246 2715 viscera
1262 2677 1392 2729 fi’rro.
1415 2700 1474 2706 —-
1495 2677 1591 2715 835.
1610 2679 1691 2714 Sta·

972 2738 1052 2775 tius
1074 2735 1170 2774 hinc
1196 2737 1310 2787 petiit
1336 2735 1463 2774 Theb.
1487 2737 1574 2782 ΙΙΙ,
1609 2735 1693 2784 ²39

1756 425 1762 460 .-
1752 321 1761 408 ,μγ-,ιιι
