1767 3054
643 136 794 173 LIBER
825 136 917 172 vn.

1453 141 1529 177 281

38 209 286 267 Gramina,
308 224 395 255 nec
420 217 603 253 teneras
624 223 766 252 cursu
791 205 981 252 laesisset
1007 203 1193 265 aristas;

38 284 123 329 vel
148 299 276 330 mare
300 298 385 345 per
407 281 636 339 medium,
662 280 807 327 ssuctu
829 296 1053 343 suspensa
1081 279 1300 340 tumenti,

1472 296 1531 324 810

37 362 201 406 Ferret
223 358 335 415 iter,
360 357 524 404 celeris
545 374 631 404 nec
655 357 855 420 tingeret
877 373 1067 419 aequore
1091 357 1288 419 plantas.

37 435 172 481 Illam
194 433 344 480 omnis
370 434 502 479 tectis
527 433 745 496 agrisque
771 433 920 479 effusa
934 433 1159 495 juventus

35 506 291 570 Turbaque
311 508 510 554 miratur
533 522 759 566 matrum,
785 517 831 554 et
856 518 1127 571 prospectat
1147 519 1358 569 euntem,

35 581 273 628 Adtonitis
297 582 482 630 inhians
507 583 696 641 animis;
722 595 774 630 ut
794 583 949 645 regius
974 594 1103 629 ostro

35 655 171 702 Velet
194 655 346 703 honos
370 657 485 704 levis
505 657 751 718 humeros,
774 668 827 704 ut
846 656 991 704 fibula
1012 656 1189 703 crinem

34 836 96 874 ap.
110 825 260 870 Burm„
278 825 371 875 quia
384 823 548 863 laesisset
561 825 752 876 sequitur.

34 883 154 920 Nunc
177 883 268 919 satis
290 891 465 929 constat,
490 896 564 920 nec
588 883 753 923 alterum

33 938 84 975 ab
120 952 193 976 usu
225 948 433 990 poetarum
472 940 666 979 recedere.
698 945 754 981 At

34 996 221 1048 infracta:
243 999 382 1048 segetis
398 997 620 1036 W'akefield
644 1014 751 1039 nunc

33 1053 259 1092 emendavit
274 1057 318 1092 in
334 1055 438 1093 silva
454 1058 539 1095 crit.
560 1060 602 1096 P.
622 1060 694 1104 111,
709 1073 748 1110 p.

39 1119 143 1159 1403
163 1120 278 1163 atque
294 1114 336 1149 in
356 1115 487 1163 ipsum
514 1124 668 1165 poetam
688 1119 748 1155 in-

34 1170 148 1216 tulit,
166 1170 415 1208 verissimam
441 1171 546 1209 Ιιαησ
565 1175 750 1212 emenda-

32 1227 177 1265 tionem
199 1242 280 1265 esse
296 1229 493 1279 professus
505 1258 516 1277 ,
534 1232 748 1283 vulgatam

32 1285 83 1322 ab
108 1285 323 1337 ineptiente
350 1287 524 1337 quodam
553 1290 750 1328 monacho

32 1343 230 1381 miracula
275 1354 466 1394 captante
506 1346 747 1398 profectam.

32 1403 280 1453 Ingeniosam
309 1415 390 1439 esse
409 1403 746 1452 emendationem,

30 1472 150 1510 quam
167 1461 402 1497 Homericus
411 1460 524 1497 locus
539 1460 652 1498 facile
665 1465 749 1500 cui-

32 1518 92 1553 vis
125 1517 293 1563 offerat,
326 1516 511 1555 lubenter
541 1519 747 1560 concedo:

31 1573 103 1611 ubi
114 1588 224 1625 equae
236 1571 354 1626 ἄκρον
369 1572 430 1611 ἐπ’
440 1571 645 1628 ἀνθερίκων
657 1591 750 1631 καρ-

31 1629 104 1669 πὸν
124 1631 205 1670 θέον
220 1662 231 1679 ,
252 1627 341 1670 οὐδὲ
371 1631 573 1670 κατέκλων
586 1662 597 1681 ,
622 1648 750 1686 neque

31 1688 326 1742 insn'ngebant,
361 1689 507 1728 ducere
539 1701 669 1742 potest
701 1693 750 1730 ad

32 1745 216 1798 inst-actae
252 1748 405 1800 segetis.
442 1749 656 1788 Enimvero
688 1750 749 1787 in·

21 1803 182 1856 fractus
211 1808 366 1858 quoties
402 1805 509 1856 apud
542 1809 750 1846 Maronem

32 1864 229 1909 occurrit,
260 1871 341 1908 est,
370 1863 485 1900 valde
510 1863 658 1901 fractus
688 1866 750 1903 vel

32 1920 180 1958 fractus
203 1920 456 1970 simpliciter,
489 1934 538 1957 ex
562 1921 752 1974 infringe-

33 1991 75 2015 re
93 1990 102 2015 :
121 1991 249 2029 neque
265 1977 342 2015 alio
353 1991 468 2014 sensu
485 1978 677 2028 infractus
689 1993 753 2017 oc-

33 2037 158 2072 currit
174 2035 277 2086 apud
298 2035 425 2072 bonos
443 2038 665 2087 scriptores.
686 2039 752 2075 Es—

32 2107 73 2130 se
96 2093 182 2131 loca
196 2121 207 2139 ,
224 2094 266 2130 in
283 2092 429 2144 quibus
438 2092 665 2146 frangendi
679 2108 750 2133 vo-

34 2150 222 2188 cabulum
245 2153 442 2196 occurrit,
471 2151 579 2189 haud
602 2154 748 2199 miror;

33 2221 123 2246 nam
163 2222 319 2247 versum
368 2211 626 2247 Homericum
660 2220 751 2248 ante

33 2267 172 2304 oculos
199 2265 397 2313 habuere,
418 2280 535 2317 quem
559 2281 641 2319 ipse
665 2270 751 2305 Vir-

32 2324 149 2376 gilius
177 2325 368 2375 expressit
398 2325 592 2376 simulqne
619 2322 662 2363 τὸ
696 2325 752 2363 in·

31 2391 152 2419 tactoe
169 2384 308 2434 segetis
336 2384 418 2433 ipse
441 2382 604 2420 uberius
622 2383 748 2421 decla-

31 2441 134 2478 ravit
154 2451 164 2478 ε
185 2453 259 2478 nec
277 2450 433 2477 teneras
455 2454 567 2477 cursu
587 2441 751 2479 Ioesisset

32 2495 190 2536 aristas.
221 2500 277 2537 Ut
308 2498 548 2537 Claudianus
585 2500 628 2537 in
659 2499 749 2537 loco

31 2553 126 2592 hinc
153 2569 339 2607 expresso
366 2555 414 2594 de
444 2558 562 2596 Cous.
592 2559 747 2596 Honor.

39 2624 118 2661 ¹99
144 2622 395 2665 segetemque
424 2614 503 2651 levi
516 2629 748 2666 percurrere

32 2677 139 2706 motu
150 2692 207 2699 —
218 2684 290 2709 nec
298 2681 479 2722 proterat
493 2673 646 2725 ungula
665 2673 746 2710 cul-

31 2739 128 2766 mos.
144 2729 197 2766 Et
210 2728 328 2767 Ovid.
343 2731 443 2768 Met.
460 2732 521 2778 X,
541 2731 622 2776 654
636 2759 647 2778 ,
662 2731 745 2768 655

29 2782 134 2823 sicco
144 2784 259 2838 freta
277 2785 420 2825 radere
422 2800 548 2840 passu
567 2790 623 2827 Ee
640 2801 746 2841 sege-

1468 669 1527 700 815

821 824 870 862 tis
889 837 1005 862 canae
1031 833 1181 862 stantes
1197 823 1263 876 (h.
1288 837 1322 861 e.
1342 823 1536 874 intactas')

817 896 1043 933 percurrere
1055 882 1209 920 arista&
1222 881 1461 932 Calpurnius
1474 895 1537 920 au-

820 950 898 978 tem
925 941 1060 992 Eclog.
1081 941 1165 987 VI,
1193 941 1241 987 57
1269 941 1304 976 T
1302 951 1472 990 angeret
1496 951 1539 978 uc

806 998 982 1050 faciles,
1004 998 1078 1034 secl
1093 1011 1174 1034 ηοη
1207 1008 1407 1043 curvaret,
1435 999 1535 1035 aris-

818 1056 1080 1096 tas.Variavit
1096 1056 1228 1106 itaque
1244 1056 1390 1093 Statius
1407 1055 1536 1095 Theb.

817 1117 898 1161 VI,
937 1115 1020 1159 640
1065 1115 1254 1163 Raraque
1284 1126 1365 1149 non
1394 1112 1535 1164 fracto

817 1172 991 1224 vestigia
1001 1171 1164 1221 pulvere
1172 1170 1369 1221 pendent.
1379 1173 1435 1208 At
1448 1184 1536 1222 pro-

816 1232 906 1280 pius
929 1230 979 1266 ad
1006 1230 1185 1266 Maronis
1212 1230 1407 1266 rationem
1433 1242 1536 1267 acce-

818 1287 878 1324 dit
900 1289 983 1337 ipse
1008 1286 1199 1336 Apollon.
1220 1288 1259 1332 1,
1291 1286 1366 1323 183
1393 1285 1441 1323 de
1458 1289 1534 1325 Po-

815 1343 995 1395 lyphemi
1025 1343 1223 1381 celeritate
1243 1356 1253 1383 ε
1276 1356 1395 1393 supra
1429 1357 1537 1381 mare

816 1402 1022 1448 currebat,
1046 1396 1137 1438 οὐδέ
1167 1398 1272 1444 θεοὺς
1304 1397 1434 1446 βάπτε
1464 1400 1536 1439 πέ-

817 1454 909 1506 δας,
934 1456 1019 1497 ἀλλ’
1039 1455 1123 1495 ὅσον
1145 1455 1276 1512 ἄκροις
1301 1450 1424 1508 ἴχνεσι
1444 1472 1533 1514 τεγ-

815 1514 991 1570 γόμενες.
1020 1538 1077 1544 -
1097 1518 1233 1554 Ferret
1257 1517 1352 1562 iter,
1392 1517 1532 1564 docte,

815 1582 862 1611 ut
873 1573 915 1626 s
930 1574 1069 1624 pedes.

877 1632 958 1669 812
989 1646 1047 1683 sq.
1071 1634 1244 1677 Ornate,
1269 1644 1360 1682 quae
1385 1634 1535 1684 simpli-

819 1691 916 1727 citer
928 1692 1127 1728 Homerus
1147 1687 1307 1726 dederat
1318 1688 1389 1727 Τὲν
1404 1686 1442 1727 δ’
1459 1688 1539 1745 ἄρα.

800 1745 959 1791 ’πάντες
982 1744 1082 1785 Aac?
1104 1743 1360 1799 ἐπερχόμενον
1381 1748 1535 1789 θηεῦντσ

817 1805 961 1856 OdysS.
984 1802 1030 1853 β,
1055 1806 1120 1842 13.
1143 1817 1184 1857 ρ,
1211 1805 1279 1849 64.
1306 1808 1354 1842 In
1374 1806 1540 1856 reliquis

817 1871 1053 1914 argutantur
1072 1862 1368 1912 Intpp.——814,
1389 1864 1441 1900 A.
1461 1862 1541 1901 hcc-

817 1934 902 1958 sere
923 1919 1070 1956 animis
1086 1919 1194 1957 Gud.
1220 1918 1330 1956 Idem
1352 1921 1414 1956 vir
1443 1920 1539 1959 doc·

819 1987 883 2015 tus
897 2007 907 2023 ,
932 1976 1154 2015 Wakefield
1168 2005 1179 2023 ,
1204 1977 1380 2014 correxit
1412 1978 1510 2015 ostri
1526 1994 1540 2016 .·

819 2034 928 2086 quod
945 2043 982 2071 et
1000 2036 1130 2085 ipsum
1143 2033 1244 2071 bene
1263 2033 1413 2071 djctum
1426 2046 1539 2083 esset,

820 2094 920 2130 forte
940 2106 1101 2143 quoque
1120 2092 1274 2129 facilius
1296 2103 1307 2129 ε
1329 2093 1460 2144 regius
1480 2108 1539 2131 os·

818 2151 870 2188 tri
889 2150 1022 2189 honos.
1053 2150 1236 2188 Alterum
1277 2157 1408 2187 tamen
1441 2151 1537 2190 doc·

818 2211 896 2246 tius
913 2221 923 2246 :
945 2218 1062 2246 ostro.
1082 2211 1136 2247 L‘t
1158 2209 1208 2245 sit
1228 2219 1237 2245 :
1258 2205 1381 2245 honos
1404 2210 1539 2262 regius

817 2267 935 2304 ‘velat
957 2277 1060 2304 ostro
1073 2294 1084 2313 ‚
1105 2277 1285 2317 purpura
1305 2277 1316 2303 ε
1345 2278 1538 2316 quorsum

817 2326 938 2376 igitur
958 2332 1163 2362 mutantur
1187 2335 1249 2370 ea,
1268 2335 1357 2373 quae
1379 2324 1481 2363 bene
1497 2339 1536 2363 se

814 2382 983 2430 habent,
1017 2383 1118 2420 forte
1144 2381 1262 2418 etiam
1293 2381 1535 2419 melius?—

817 2440 1002 2478 lndutam
1047 2439 1155 2477 illam
1199 2446 1296 2489 puta
1339 2439 1534 2480 chlamide

816 2509 1045 2549 purpurea:
1068 2498 1101 2535 is
1131 2503 1190 2534 est
1218 2496 1347 2548 regius
1377 2496 1502 2536 honos
1519 2530 1531 2546 ‚

817 2556 888 2606 qui
917 2556 1035 2594 ‘velat
1066 2554 1246 2592 humeros
1280 2563 1408 2603 ostro,
1434 2556 1531 2596 dum

815 2615 826 2650 i
830 2627 897 2664 pse
913 2627 964 2651 ex
979 2622 1086 2652 ostro
1103 2621 1173 2651 est.
1185 2633 1243 2640 —
1258 2611 1280 2648 8
1292 2625 1306 2649 1
1317 2612 1353 2649 5.
1378 2615 1532 2653 Vestem

815 2685 875 2722 pr.
892 2672 1049 2724 Menag.
1067 2680 1105 2709 et
1116 2670 1198 2708 duo
1215 2670 1351 2707 Heius.
1362 2684 1437 2721 pro
1449 2671 1529 2711 div.

813 2730 903 2768 lect.
938 2741 1030 2767 cum
1071 2727 1193 2767 Goth.
1234 2735 1323 2765 tert.
1341 2755 1352 2773 ,
1382 2730 1533 2766 scilicet

814 2795 1011 2839 tamquam
1047 2787 1169 2839 magis
1211 2783 1390 2824 obvium.
1431 2787 1530 2827 Nam

1237 2866 1321 2920 24*
