1767 3054
623 120 778 158 LIBER
808 120 925 158 VIII.

1449 129 1524 165 301

25 194 160 243 Idem
180 195 311 243 Atlas
333 202 549 256 generat,
573 189 678 236 coeli
701 190 786 252 qui
808 189 964 237 sidera
991 192 1110 238 tollit
1134 211 1144 237 :

26 272 107 319 Sic
131 287 277 335 genus
301 267 551 316 amborum
577 265 750 312 scindit
774 283 824 311 se
847 265 1074 329 sanguine
1101 266 1161 314 ab
1188 285 1298 315 uno.

25 347 112 395 nis
137 348 308 402 fretus,
333 358 429 388 non
452 342 655 404 legatos,
680 358 836 403 neque
860 342 1013 404 prima
1039 360 1126 406 per
1148 355 1299 392 artem

24 425 330 469 Tentamenta
355 421 425 465 tui
450 418 611 481 pepigi
636 435 645 461 ε
670 434 769 475 me,
794 434 868 464 me
890 418 1015 481 ipse,
1039 436 1294 485 meumque

23 496 192 560 ObJeci
214 505 380 557 caput,
407 503 453 539 et
475 494 678 556 supplex
703 493 763 539 ad
786 494 947 540 limina
971 495 1095 542 veni.
1474 512 1530 548 φ

21 575 150 620 Gens
173 569 358 625 eadem,
386 585 492 632 quae
519 579 589 626 te,
615 569 799 615 crudeli
821 571 1009 616 Daunia
1032 570 1157 617 bello

19 646 295 709 Insequitur
304 665 316 704 ;
340 662 425 692 nos
449 646 488 692 si
513 645 714 708 pellant,
739 645 860 692 nihil
883 647 1050 693 adfore
1073 648 1300 706 credunt,

21 721 150 780 Quin
175 736 363 767 omnem
390 720 670 782 Hesperiam
699 720 891 782 penitus
915 738 1000 768 sua
1025 722 1114 768 sub
1134 723 1249 786 juga
1274 725 1488 782 mittant,

20 798 80 844 Et
103 811 256 852 mare,
282 794 412 856 quod
434 811 580 856 supra
595 829 607 852 ,
630 807 843 853 teneant,
871 795 1096 858 quodque
1119 798 1270 845 adluit
1292 800 1429 846 infra.

20 870 226 934 Adcipe,
251 870 406 933 daque
430 871 569 916 fidem
598 887 608 915 :
634 882 745 916 sunt
768 871 908 918 nobis
932 872 1074 918 fortia
1095 872 1222 920 bello
1474 891 1531 918 150

21 951 240 1006 Pectora,
263 956 372 993 sunt
394 946 562 1003 animi,
583 957 628 992 et
654 946 797 993 rebus
823 958 1035 1010 spectata
1051 949 1294 1011 juventus.
1322 972 1340 992 n

88 1021 290 1070 Dixerat
310 1024 494 1067 AEneas.
519 1021 606 1067 Ille
631 1038 705 1078 os,
732 1022 991 1085 oculosque
1014 1024 1251 1085 loquentis

21 1103 129 1147 Jam
153 1097 357 1155 dudum,
381 1108 428 1143 et
450 1107 603 1143 totum
627 1096 858 1143 lustrabat
883 1097 1059 1144 lumine
1085 1115 1273 1162 corpus.

22 1175 145 1220 Tum
170 1172 236 1219 sic
260 1188 412 1234 pauca
436 1171 612 1218 refert:
637 1194 656 1213 «
683 1174 748 1218 Ut
771 1182 840 1229 te,
868 1173 1120 1219 fortissime
1146 1177 1408 1234 Teucrum,

22 1246 229 1310 Adcipio
250 1247 585 1309 adgnoscoque
609 1245 785 1293 libens!
812 1258 864 1293 ut
887 1246 1036 1293 verba
1057 1249 1290 1310 parentis,
1477 1264 1534 1292 155

22 1324 82 1368 Et
108 1336 274 1367 vocem
299 1320 518 1367 Anchisae
543 1321 701 1384 magni
717 1321 1003 1383 voltumque
1028 1323 1282 1369 recordor!

23 1401 146 1445 Nam
168 1396 361 1444 memini
385 1396 607 1444 Hesionae
631 1397 862 1444 visentem
884 1413 1032 1460 regna
1057 1398 1236 1445 sororis

25 1578 148 1618 quam
161 1562 321 1600 creditis
333 1563 441 1601 Gnd.
456 1575 477 1600 a
494 1576 548 1601 m.
562 1575 623 1613 pr.
638 1561 745 1600 unde

25 1625 164 1664 Heius.
176 1622 281 1668 conj.
291 1620 422 1657 auditi
427 1620 463 1658 .ςί
471 1635 510 1672 q.
525 1620 724 1657 credimur
733 1648 744 1666 ,

24 1680 136 1734 quod
155 1691 274 1718 nemo
297 1678 407 1716 facile
424 1687 608 1729 praestare
627 1678 745 1717 dicat.

26 1738 198 1779 Auditus
215 1735 386 1775 Dorvill.
407 1749 499 1773 cum
527 1736 650 1774 Goth.
668 1749 747 1774 sec.

91 1798 169 1841 143
186 1816 245 1824 —-
263 1795 355 1838 145.
386 1794 568 1832 Praeclari
595 1807 747 1832 versus.

815 1565 894 1611 ²37
916 1573 954 1601 et
973 1560 1100 1614 ψυχὰς
1132 1563 1366 1617 παρθέμενοι
1387 1566 1533 1619 Odyss.

813 1637 862 1676 γ,
884 1629 936 1669 74
966 1631 1005 1659 et
1031 1622 1080 1660 al.
1109 1624 1216 1660 conf.
1246 1625 1423 1673 Quintus
1451 1627 1533 1665 Cal.

813 1681 917 1725 XII,
941 1680 1009 1718 65.
1040 1680 1149 1716 Gens
1169 1681 1356 1725 Daunia,
1382 1684 1536 1722 Rutuli.

814 1738 882 1775 Ad
908 1738 1142 1774 sententiam
1168 1737 1217 1775 cf.
1246 1752 1284 1776 v,
1312 1740 1363 1776 55
1389 1753 1446 1788 sq.
1476 1754 1540 1777 su-

814 1807 899 1845 pra.
903 1796 1061 1832 —15o.
1073 1793 1234 1843 Accipe,
1251 1795 1533 1848 daqueflfflem,

26 1857 149 1894 Hune
162 1865 250 1891 amo
260 1851 556 1900 amplectorque
567 1853 749 1888 AEneam!
807 1850 1116 1902 foedasquefin
1136 1851 1412 1904 benefizmum
1430 1855 1535 1893 Enn.

27 1915 162 1962 Jnnge
187 1922 197 1948 :
222 1921 303 1946 non
331 1907 472 1960 pepigi
500 1917 753 1945 tentamenta

29 1971 88 2008 tui
98 1968 231 2020 prima
251 1979 329 2016 per
357 1966 510 2017 legatos
530 1978 659 2014 neque
680 1978 757 2014 per

30 2037 189 2070 artem;
207 2037 291 2061 non
314 2024 424 2073 prius
454 2031 491 2059 te
515 2024 664 2059 ίειιῐωί
683 2035 754 2072 per

30 2086 180 2137 legatos
203 2091 242 2119 et
271 2079 413 2118 callida
436 2080 614 2118 consilia.
647 2083 756 2117 Pan-

27 2156 125 2196 gere
143 2140 305 2192 proprie
321 2151 406 2175 non
427 2146 484 2174 est
499 2138 668 2188 pacisci,
684 2137 754 2175 sed

31 2199 175 2252 figere,
211 2197 479 2240 constituere,
515 2196 666 2240 facere;
703 2209 755 2233 ex

94 2253 246 2308 ,quod
277 2267 406 2304 pangt
419 2251 531 2304 ‚figi
565 2252 755 2290 dicuntur

34 2327 80 2355 ea
108 2326 197 2366 quae
220 2312 376 2350 decreta
391 2319 508 2356 sunt,
528 2311 644 2348 etiam
661 2319 755 2347 sunt

34 2381 161 2425 pacta.
174 2373 256 2408 Per
272 2377 398 2406 artem
416 2368 465 2405 ad
483 2368 646 2405 consilia
662 2378 756 2404 ‘cau-

35 2438 76 2469 tn
96 2439 136 2468 et
154 2427 296 2467 callida
317 2435 514 2477 spectare,
538 2425 687 2476 quibus
707 2425 758 2462 al-

36 2488 159 2526 terins
174 2485 415 2524 voluntatem
431 2483 493 2520 vel
506 2483 760 2533 exploramus

37 2544 103 2583 vel
124 2551 347 2596 aptamus,
371 2542 461 2592 quis
490 2553 574 2577 non
599 2539 759 2577 videat?

39 2602 177 2640 Burm.
196 2609 328 2639 tamen
344 2612 392 2637 eo
416 2598 599 2644 devenit,
623 2605 668 2635 ut
683 2611 763 2649 per

41 2658 250 2710 epistolam
269 2659 611 2707 interpretaretur.
624 2657 759 2692 Meum

43 2714 173 2768 objeci
187 2724 319 2766 eaput.
338 2715 465 2753 Etiam
479 2714 551 2751 Gr.
565 2709 668 2762 Σφὸις
681 2709 758 2768 γὰρ

45 2770 276 2827 παρθέμενοι
315 2767 490 2823 κεφαλὰς
532 2769 675 2811 Odvss.
712 2769 761 2820 β,

283 2855 375 2898 111.

818 1911 1029 1958 Ann.1ap.
1043 1908 1321 1955 Macrob.W,II
1340 1924 1354 1946 ι
1364 1923 1424 1960 p.
1440 1912 1519 1958 572

882 1967 958 2013 157
998 1979 1083 2015 sqq.
1115 1968 1202 2003 Hoc
1230 1979 1325 2004 vero
1355 1969 1538 2019 ingenio-

819 2037 909 2062 sum
939 2032 977 2061 et
1010 2023 1164 2074 elegans
1195 2032 1253 2060 est
1278 2033 1408 2074 poetae
1435 2039 1538 2064 eom·

819 2089 1023 2126 mentum,
1056 2094 1138 2130 quo
1178 2083 1376 2119 Priamum
1422 2082 1539 2136 fingit

819 2138 1052 2176 Salaminem
1067 2166 1077 2183 ,
1111 2139 1304 2176 Hesiones
1319 2167 1329 2185 ,
1365 2143 1513 2180 sororis
1527 2172 1538 2189 ‚

819 2195 1027 2233 Telamoni
1045 2196 1228 2233 Herculis
1244 2196 1372 2234 sodali
1387 2208 1545 2250 nuptae,

820 2253 996 2290 visendae
1027 2265 1185 2298 caussa,
1218 2252 1392 2305 hincque
1418 2258 1539 2294 Arca-

821 2308 927 2347 diam
964 2310 1126 2356 adiisse,
1162 2319 1207 2348 ut
1237 2311 1419 2350 Evander
1452 2316 1537 2363 ejus

821 2369 1003 2405 notitiam
1014 2366 1159 2404 habere
1175 2377 1319 2418 posset.
1333 2371 1434 2409 Sane
1453 2374 1539 2423 qui-

822 2424 911 2461 dem
926 2453 937 2471 ,
970 2426 1039 2475 qui
1061 2427 1281 2463 Homerum
1299 2426 1461 2479 legerit,
1484 2430 1538 2467 fa-

826 2482 901 2520 cile
926 2483 960 2519 is
980 2484 1023 2519 in
1041 2481 1118 2520 hoc
1146 2493 1414 2522 commentum
1437 2487 1538 2525 inci-

825 2539 916 2586 dat,
953 2552 1044 2577 nam
1081 2548 1122 2578 et
1156 2541 1189 2577 is
1222 2541 1539 2583 recordationem

824 2599 1047 2648 priscorum
1090 2597 1300 2636 hominnm
1334 2607 1374 2636 et
1406 2615 1541 2640 rerum

826 2668 879 2692 ex
900 2656 1031 2705 prisco
1056 2654 1229 2707 hospitio
1247 2658 1414 2707 repetit3
1442 2671 1481 2697 v.
1501 2673 1536 2698 c.

827 2713 875 2750 11.
895 2725 922 2767 γ
936 2741 948 2759 ,
970 2713 1051 2750 205
1068 2726 1153 2764 sqq.
1173 2721 1212 2751 et
1227 2713 1313 2751 aliis
1332 2714 1452 2763 locis3
1471 2717 1540 2754 sed

830 2770 957 2808 facere
986 2769 1064 2808 hoc
1093 2769 1229 2809 debito
1261 2771 1354 2809 loco
1382 2786 1426 2810 ac
1446 2782 1541 2810 tem·

1280 2850 1339 2894 26
