1767 3054
786 108 939 146 LIBER
973 108 1023 143 V.
1613 119 1621 142 ι
1642 119 1651 140 1

154 188 379 237 Caeruleae
407 184 483 231 cui
512 195 641 244 terga
667 193 790 228 notae
806 216 818 237 ,
840 179 1106 225 maculosus
1128 188 1174 222 et
1198 194 1315 223 auro

157 269 409 327 Squamam
437 256 719 305 incendebat
741 256 911 318 fulgor,
935 271 1021 300 ceu
1045 252 1254 299 nubibus
1277 268 1413 299 arcus

153 339 283 384 Mille
297 335 414 398 jacit
433 333 592 379 varios
614 331 814 378 adverso
834 331 931 376 sole
953 329 1151 375 colores.

152 411 413 474 Obstupuit
437 409 542 456 visu
566 411 752 454 AEneas.
783 407 867 453 Ille
893 407 1078 469 agmine
1099 405 1240 467 longo
1619 426 1657 454 90

149 487 358 534 Tandem
378 485 502 531 inter
521 496 708 547 pateras
735 494 780 528 et
802 482 923 528 levia
950 481 1120 544 pocula
1143 495 1338 541 serpens

149 560 434 622 Libavitque
455 559 623 621 dapes,
644 574 903 619 rursusque
923 556 1143 602 innoxius
1166 556 1261 600 imo

152 636 385 682 Successit
409 634 615 690 tumulO‚
642 644 688 679 et
713 632 907 694 depasta
932 631 1097 677 altaria
1115 628 1268 690 liquit.

152 712 257 756 Hoc
275 708 421 772 magis
442 708 653 770 inceptos
674 706 876 769 genitori
895 706 1126 752 instaurat
1150 703 1381 759 honores,

153 787 366 831 Incertus
395 784 660 830 Geniumne
681 782 796 838 loci,
824 780 1113 827 famulumne
1134 777 1342 841 parentis
1617 789 1655 828 95

154 979 261 1004 aras.
275 965 385 1005 Nihil
403 975 515 1003 autea
536 967 584 1004 de
603 981 669 1005 ara
685 967 839 1006 dixerat
860 982 870 1007 :

154 1024 221 1062 sed
234 1038 318 1063 eam
331 1025 481 1061 inferiis
494 1025 682 1063 faciendis
694 1035 871 1064 exstrue-

155 1096 196 1120 re
225 1082 403 1120 sollenne
434 1091 544 1121 erat:
566 1098 605 1121 v.
634 1097 752 1134 supra
786 1085 867 1129 ΙΙΙ,

155 1141 208 1177 62
229 1154 359 1191 sq.—
377 1142 427 1188 87
444 1169 454 1185 ,
482 1141 549 1179 88.
578 1141 653 1178 Cui
673 1151 785 1193 terga
805 1155 872 1178 no-

156 1208 208 1235 tae
228 1198 410 1235 cceruleae
423 1197 437 1247 (
450 1199 667 1248 pingebant
680 1228 690 1246 ‚
712 1199 872 1236 adsume

156 1269 207 1293 ex
239 1269 351 1305 sequ,
383 1255 647 1307 incendebat)
678 1267 718 1293 ec
751 1270 871 1308 squa-

157 1326 264 1350 mam
299 1313 541 1350 incendebat
563 1313 709 1366 fidgor
742 1328 873 1351 macu-

157 1371 260 1408 losas
277 1384 375 1408 auro
389 1399 400 1418 ‚
420 1370 460 1409 h.
491 1385 525 1409 e.
555 1373 721 1409 maculae
744 1385 873 1409 aureae

154 1428 350 1479 fulgentes
368 1428 383 1480 (
401 1428 493 1466 with
527 1429 733 1466 burnislz'd
760 1431 874 1467 Neck

156 1486 212 1538 os
226 1486 407 1523 verdanc
434 1487 556 1538 gold,
588 1496 634 1524 ut
674 1488 870 1526 Miltonus

153 1544 223 1582 lib.
251 1547 323 1590 lx,
347 1545 423 1581 501
447 1546 476 1597 ).
498 1547 578 1582 Has
599 1547 715 1583 etiam
738 1548 794 1583 sic
814 1547 870 1583 ef-

156 1602 255 1639 feras
276 1600 440 1655 :fidgor
456 1604 703 1641 macularum
729 1617 870 1641 aurea·

155 1673 241 1697 rum
259 1660 323 1697 vel
334 1659 475 1713 fitlgor
489 1663 737 1699 macularum
756 1661 847 1699 auri
856 1691 866 1707 ‚

153 1727 191 1756 et
211 1731 309 1755 auro
322 1733 337 1764 ;
356 1728 395 1756 et
409 1719 503 1757 hinc
524 1722 759 1770 exquisitius
776 1734 872 1772 poe-

156 1785 223 1814 ta:
250 1777 475 1814 maculosus
505 1791 604 1814 auro
610 1777 767 1832 ficlgor.
792 1781 871 1817 Ha-

157 1834 245 1872 buit
276 1843 365 1872 ante
396 1836 534 1874 oculos
562 1836 691 1874 illud:
714 1832 871 1890 δράκων

159 1890 223 1929 ἐπῖ
241 1895 348 1930 νῶτα.
374 1888 554 1944 δαφοινὸς
578 1894 606 1933 l.
634 1908 667 1933 c.
689 1895 800 1933 Iliad.
822 1893 872 1944 β,

161 1950 257 1990 308.
275 1951 522 1989 Incendebat
536 1965 747 2002 squamam
759 1967 875 1995 orna-

160 2017 196 2045 te
214 2021 310 2059 pro,
333 2010 458 2046 iuerat
474 2011 656 2059 squamis,
674 2011 792 2048 Silius
805 2013 874 2061 qui

159 2075 288 2104 totum
317 2065 453 2104 locum
493 2069 666 2105 imitatus
699 2076 778 2112 est,
802 2068 872 2106 lib.

162 2125 222 2173 II,
251 2125 330 2162 585
351 2138 359 2164 :
379 2124 549 2162 Excicus
587 2126 680 2163 sede
715 2125 875 2163 horren-

159 2182 280 2219 dum!
291 2183 518 2233 prorumpit
541 2184 591 2220 ab
621 2184 704 2220 ima
742 2185 874 2222 Caeru-

159 2240 243 2278 leus
278 2241 445 2279 maculis
475 2255 573 2279 auro
607 2242 875 2292 squalentibus

160 2298 317 2350 anguis.
329 2323 386 2329 --
399 2300 464 2349 89.
480 2300 588 2338 lacit
600 2300 750 2337 colores
761 2329 771 2344 ,
792 2299 874 2337 dic-

161 2365 244 2393 tum
276 2368 342 2407 ut,
372 2360 501 2407 jacere
535 2357 685 2405 radios,
719 2358 872 2405 lucem,

160 2412 276 2461 ἱέναι,
296 2414 450 2464 βάλλειν
466 2444 476 2462 ,
494 2418 669 2463 mittere,
683 2418 874 2454 emittere.

159 2495 216 2503 -—
246 2474 362 2512 Mille
391 2474 500 2526 jacit
539 2474 688 2513 Medic.
743 2474 873 2512 Colot.

161 2540 198 2569 et
217 2531 283 2568 alii
301 2535 591 2583 praestantiores
604 2562 614 2577 ,
633 2531 742 2582 quod
758 2532 877 2570 diser-

163 2599 200 2627 te
217 2588 384 2627 adstruit
414 2593 550 2629 Heius.
586 2592 820 2628 auctoritate
838 2599 877 2627 et

163 2650 339 2695 ratioue3
362 2647 486 2686 trahit
510 2652 712 2688 Romanus
735 2650 878 2686 tenuis-

937 978 1070 1006 tamen
1087 964 1170 1003 huc
1196 970 1428 1001 revocatum
1454 958 1581 997 videri
1603 960 1657 997 al-

938 1035 1067 1064 terum
1106 1023 1184 1061 hoc
1221 1035 1271 1059 ex
1308 1024 1365 1058 IV
1380 1049 1389 1066 ‚
1426 1031 1504 1067 701
1544 1017 1658 1055 Mille

938 1082 1098 1121 trahens
1109 1080 1250 1118 varios
1272 1079 1437 1116 adverso
1453 1077 1536 1114 sole
1556 1076 1658 1113 colo-

939 1154 1013 1178 res.
1030 1142 1162 1178 Novas
1186 1139 1426 1175 mutationes
1449 1137 1491 1172 in
1519 1133 1657 1171 editio-

939 1212 1009 1236 nes
1032 1197 1179 1234 inferre
1209 1195 1356 1239 nolim,
1386 1193 1457 1230 ubi
1488 1201 1657 1242 utraque

937 1256 1057 1293 lectio
1090 1255 1196 1292 bona
1225 1261 1306 1298 est,
1343 1264 1418 1288 nec
1448 1250 1575 1286 ullum
1596 1263 1656 1287 res

938 1314 1114 1350 fructum
1134 1311 1279 1356 habet,
1306 1310 1383 1345 nisi
1413 1307 1524 1358 quod
1542 1320 1658 1344 novae

940 1371 1068 1409 turbae
1092 1368 1227 1414 fiunt3
1261 1374 1299 1404 at
1333 1365 1443 1417 quod
1468 1365 1508 1403 h.
1536 1364 1564 1402 l.
1595 1378 1658 1402 me

939 1430 1090 1474 movit,
1112 1435 1159 1465 ut
1179 1425 1287 1479 jacit
1313 1438 1388 1475 pro
1417 1422 1541 1460 trahit
1557 1425 1658 1460 reci-

935 1500 1071 1539 perem
1085 1514 1095 1532 ,
1118 1494 1200 1531 est,
1227 1482 1339 1534 quod
1362 1490 1497 1519 noster
1523 1482 1659 1531 Virgi-

937 1547 981 1583 lii
1021 1552 1234 1582 contextus
1264 1541 1503 1592 plerumque
1521 1539 1659 1576 lectio-

937 1617 1030 1641 nem
1068 1601 1343 1652 Apronianam
1382 1611 1433 1635 ex
1473 1596 1658 1634 Mediceo

938 1660 1148 1706 redhibet3
1172 1667 1219 1695 ut
1247 1658 1369 1709 igitur
1394 1669 1437 1693 ea
1466 1655 1543 1692 sibi
1562 1668 1658 1692 con-

939 1728 1038 1766 stet,
1064 1715 1278 1756 deserenda
1301 1723 1383 1752 erat
1401 1713 1522 1751 altera
1549 1712 1658 1751 codi-

940 1791 1034 1815 cum
1050 1785 1167 1815 secta.

999 1849 1053 1887 90
1074 1857 1132 1864 --
1151 1835 1221 1886 93.
1245 1835 1414 1883 Serpens
1440 1829 1660 1882 degustavit

940 1891 1009 1938 τὰς
1026 1892 1122 1944 χοάς
1145 1890 1310 1945 agmine
1325 1890 1374 1927 de
1392 1890 1507 1939 spiris
1530 1901 1575 1924 ac
1594 1901 1660 1925 vo-

939 1953 1161 1990 luminibus
1177 1951 1381 1999 longoque
1396 1959 1535 1983 eorum
1559 1954 1659 1982 trac-

942 2019 999 2048 tu.
1026 2013 1122 2060 Snp.
1142 2010 1202 2054 11,
1234 2019 1338 2051 212,
1365 2004 1414 2041 de
1445 2003 1551 2039 binis
1577 2016 1656 2039 ser-

940 2068 1152 2119 pentibus:
1172 2064 1244 2102 Illi
1260 2062 1427 2115 agmine
1442 2068 1548 2098 certo
1561 2062 1660 2097 Lao-

942 2135 1088 2163 coonta
1101 2132 1258 2175 petunt.
1280 2124 1380 2172 Quae
1403 2120 1436 2156 si
1457 2131 1549 2155 cum
1568 2118 1608 2156 h.
1631 2118 1657 2154 l.

943 2196 1165 2235 compares,
1199 2179 1339 2218 eodem
1372 2176 1492 2215 modo
1534 2177 1660 2227 possis

943 2244 1134 2292 accipere.
1171 2237 1293 2277 Levia
1329 2235 1503 2286 pocula,
1546 2233 1632 2272 λεῖα
1647 2262 1657 2275 ,

942 2299 1119 2350 adeoque
1148 2297 1336 2341 nitentia,
1365 2302 1462 2344 puta
1499 2305 1550 2329 ex
1585 2304 1660 2328 aere

942 2371 1036 2396 esse.
1059 2355 1246 2400 Altaria,
1281 2365 1356 2404 pro
1392 2350 1562 2402 dapibus
1595 2363 1660 2400 ap-

940 2416 1080 2467 positis
1101 2414 1217 2452 dixit.

999 2481 1185 2525 94—99.
1205 2473 1410 2509 Instaurat
1423 2466 1464 2506 h.
1489 2467 1516 2505 l.
1543 2467 1658 2516 simp.

941 2533 1104 2584 peragit.
1131 2533 1262 2570 Notus
1281 2536 1339 2566 est
1366 2526 1432 2563 hic
1452 2537 1548 2562 usus
1571 2537 1659 2561 ver-

942 2590 986 2628 hi
1024 2602 1241 2628 sacrorum.
1265 2608 1323 2617 ——
1343 2586 1413 2635 95.
1446 2581 1661 2619 Gem'umve

944 2657 983 2687 et
989 2647 1244 2700 famulumve
1267 2646 1443 2695 quinque
1471 2643 1658 2692 Burman.

163 2719 203 2743 se
220 2706 404 2754 videtur,
425 2706 597 2745 ut··adeo
621 2707 741 2745 altera
761 2705 876 2745 codd.
932 2705 1170 2760 famulosne
1199 2698 1658 2743 Oudart.—Famulwn

167 2764 307 2801 familia
339 2763 389 2802 ab
411 2764 487 2802 hoc
513 2764 630 2816 ducta
657 2767 720 2804 sit.
750 2769 880 2804 Potest
940 2765 1147 2816 parentis,
1165 2761 1275 2815 quod
1289 2773 1428 2812 parum
1445 2756 1663 2809 expediunt
