1767 3054
679 108 834 146 LIBER
863 108 936 145 VI.

1489 109 1566 157 ¹59

60 184 352 247 Obloquitur
375 179 584 228 numeris
606 191 787 242 septem
814 179 1088 226 discrimina
1112 194 1308 238 vocum;

59 267 260 323 Jamque
284 258 449 305 eadem
472 255 653 318 digitis,
675 257 773 318 jam
797 256 984 319 pectine
1010 255 1165 317 pulsat
1189 255 1388 301 eburno.

61 336 152 381 Hie
176 349 322 397 genus
347 332 595 392 antiquum
618 332 815 388 Teucri,
837 331 1159 393 pulcherrima
1184 330 1365 393 proles,

60 407 350 472 Magn-‘mimi
370 406 566 464 heroes,
590 406 689 452 nati
713 405 990 453 melioribus
1014 405 1168 463 annis,

57 565 172 610 latus,
186 563 264 602 hoe
284 572 356 610 est,
374 571 505 600 vetere
521 564 779 616 philosopho-

57 635 147 660 rum
168 635 278 660 more
303 635 348 658 ac
367 634 548 659 sermone
565 636 635 673 per
655 624 781 674 poeti-

58 693 102 718 ca
112 679 384 731 phantasmata
396 689 632 730 exposuerat
645 681 661 716 ?
679 683 781 718 Lon-

55 752 114 790 ga
153 751 241 774 cum
282 747 419 781 veste,
463 737 776 776 citharoedorum

59 795 286 846 aliquando,
305 796 528 845 antiquiore
546 804 678 833 autem
691 810 776 834 aevo

60 849 204 890 ἀοιδῶν
219 882 229 900 ,
250 862 383 890 vatum
397 880 407 898 ‚
427 852 586 890 habitus
603 850 776 906 ποδήρης

58 911 159 963 palla
173 939 184 957 ‚
205 920 251 948 ut
274 919 368 948 nota
390 923 449 946 res
468 920 537 948 est.
564 925 602 948 v.
635 911 773 950 Cerda.

58 969 140 1008 Adi
161 969 223 1006 vel
239 968 388 1006 Tibull.
408 970 493 1014 111,
523 975 545 1012 4
561 997 571 1015 ,
606 970 657 1006 35
673 997 683 1015 ,
707 970 774 1008 36.

58 1029 163 1067 Nota
182 1040 243 1063 res
263 1039 284 1063 e
307 1027 427 1077 signis
450 1027 591 1076 priscae
611 1028 704 1063 artis
723 1029 776 1065 A·

58 1085 221 1136 pollinis
252 1083 482 1129 citharoedi,
512 1093 550 1121 et
580 1098 600 1121 e
629 1086 773 1123 numis.

55 1156 96 1181 v.
130 1156 164 1179 e.
197 1141 349 1179 Eckhel
377 1142 456 1178 vol.
481 1144 539 1178 VI
553 1169 563 1188 ‚
599 1156 638 1192 p.
677 1144 774 1190 275.

60 1200 256 1237 Sacerdos
279 1207 410 1236 autem
422 1198 462 1236 h.
476 1199 504 1245 l,
518 1208 638 1245 vates,
657 1214 778 1251 prop-

57 1266 118 1295 ter
140 1259 321 1294 instituta
340 1259 449 1307 orgia
466 1265 504 1293 et
521 1259 668 1298 teletas.
689 1261 776 1295 Ma-

58 1316 94 1353 le
127 1317 260 1364 itaque
283 1315 465 1351 Barthius
490 1316 696 1352 contendit
715 1328 774 1352 sa-

59 1372 302 1410 cerdotalem
319 1371 500 1408 habitum
519 1374 680 1423 respici3
703 1374 776 1410 etsi

58 1443 199 1468 verum
221 1438 303 1476 est,
334 1429 554 1466 sacerdotes
588 1440 634 1468 ut
662 1443 775 1481 seep-

58 1497 121 1526 tro
135 1516 146 1533 ,
182 1488 236 1524 ita
274 1489 391 1524 etiam
421 1487 522 1538 palla
538 1516 549 1533 ‚
584 1501 698 1535 usos,
730 1497 776 1525 ut

55 1546 133 1596 ipsi
156 1544 211 1581 dii
234 1558 276 1582 ea
298 1554 404 1582 veste
433 1555 678 1593 occurrunt,
707 1545 776 1583 sed

55 1612 95 1641 et
113 1615 222 1655 reges
240 1615 249 1641 :
269 1615 362 1639 nam
380 1605 546 1641 omnino
566 1605 684 1641 vestis
706 1603 774 1642 de-
794 1599 797 1602 ’

57 1662 174 1698 missa
196 1674 240 1698 ae
265 1660 393 1698 fluens
422 1660 470 1697 ad
489 1661 719 1712 dignitatem
737 1670 776 1700 et

58 1718 294 1770 religionum
322 1719 562 1767 majestatem
580 1719 674 1757 facit
695 1732 704 1758 τ
729 1727 775 1757 ut

56 1788 385 1825 unumquemque
393 1790 490 1814 suus
499 1790 634 1815 sensus
643 1778 771 1816 docet.

59 1832 243 1882 Orpheus
269 1833 347 1869 illis
369 1834 603 1871 saltantibus
623 1844 663 1873 et
685 1849 772 1873 can-

58 1890 236 1926 tantibus
273 1889 499 1940 obloquitur
530 1890 773 1941 (transitive

56 1946 97 1983 h.
119 1947 146 1984 l.
172 1947 322 1984 dictum
337 1975 347 1993 ‚
375 1947 467 1984 facit
487 1948 622 1998 loqui,
657 1948 773 2004 φθέγ-

57 2006 218 2058 γεσθαι,
241 2018 406 2051 sonare,
428 2005 610 2056 pulsat),
635 2020 772 2044 nume-

57 2062 133 2107 ris,
158 2075 366 2100 numerose
381 2091 390 2109 ‚
410 2072 555 2113 septem
577 2064 773 2101 discrimi-

53 2132 108 2156 na
121 2134 288 2165 vocum,
307 2119 418 2167 sides,
437 2121 563 2172 lyram
584 2120 775 2176 ἑπτσίχορ-

55 2172 121 2214 δον
146 2176 356 2228 (Jortinus
376 2192 416 2228 p.
441 2191 520 2228 292
542 2189 693 2231 septem
709 2193 772 2218 so-

54 2248 126 2273 nos
156 2237 329 2272 musicos
353 2236 559 2285 Orpheum
591 2239 772 2274 accinere

54 2306 154 2331 voce
175 2292 386 2343 volebat),
408 2292 629 2343 eademque
651 2293 772 2332 modo

53 2349 209 2402 digitis,
254 2349 374 2387 modo
412 2352 570 2400 pectine
610 2352 741 2401 pulsat
759 2365 769 2399 ;

53 2408 164 2458 quod
194 2408 246 2444 ab
275 2407 454 2445 doctiore
482 2409 561 2455 jam
593 2418 674 2446 arte
705 2423 772 2460 pe·

53 2466 159 2503 tiisse
187 2465 372 2513 videtur,
409 2465 504 2502 dum
531 2475 772 2516 temperatur

53 2532 194 2561 cantus
212 2523 336 2561 modo
363 2523 516 2574 plectro
531 2552 541 2570 ‚
570 2523 691 2562 modo
712 2524 771 2561 di-

51 2581 147 2632 gito,
185 2581 256 2618 Illa
272 2610 282 2628 ,
315 2595 422 2618 nunc
459 2595 589 2627 nunc,
634 2582 773 2620 exclu-

51 2636 154 2676 dunt
191 2639 538 2690 interpretationes
582 2640 766 2678 aliorum.

51 2696 191 2745 Neque
215 2696 312 2734 adeo
338 2696 387 2734 de
411 2706 531 2735 cantu
554 2698 678 2748 ipsius
694 2701 769 2737 Or-

844 572 969 612 ratur,
981 577 1100 601 nemo
1117 563 1242 610 facile,
1256 564 1327 613 qui
1343 564 1564 600 Homerum

846 623 965 674 legit,
1008 622 1189 667 dubitet,
1228 620 1398 658 fueritne
1434 620 1533 657 alius
1551 649 1562 666 ‚

848 682 918 732 qui
929 679 1106 730 Orpheo,
1120 680 1246 730 lyram
1260 678 1450 729 pulsanti,
1469 680 1566 715 acci-

842 739 946 776 nuit.
969 739 1143 775 Heroieo
1165 750 1250 774 aevo
1271 745 1490 785 utrumque
1515 736 1566 772 fa-

843 798 898 834 cit
922 805 1041 834 vates.
1063 794 1251 833 Numeris
1269 794 1352 839 646
1367 793 1415 830 ad
1432 795 1563 843 ipsum

842 863 971 891 vatem
996 853 1139 900 retuli,
1169 850 1362 905 εὐρύθμως
1389 864 1398 890 :
1423 851 1564 888 melius

843 920 943 962 puto
959 939 968 957 ,
992 924 1112 961 quam
1136 910 1184 948 ad
1203 911 1385 947 saltantes
1409 918 1448 946 et
1469 921 1562 945 can-

843 977 968 1006 tantes
993 982 1030 1006 v.
1057 969 1140 1014 644
1155 997 1165 1015 ,
1190 977 1235 1004 ut
1259 980 1400 1004 eorum
1421 979 1562 1003 nume-

842 1028 895 1063 ris
923 1025 1190 1077 obloquatur,
1217 1038 1287 1062 seu
1313 1023 1562 1075 respondeat.

842 1106 901 1112 —
918 1084 1016 1131 647.
1048 1086 1222 1133 Jamque
1236 1081 1394 1134 fidem,
1426 1094 1561 1119 emen-

842 1141 948 1179 datio
983 1150 1040 1178 est
1068 1139 1295 1179 Marklandi
1315 1138 1364 1175 ad
1395 1140 1561 1176 Statium

843 1212 884 1250 p.
928 1199 1002 1235 181
1040 1199 1353 1249 elegantissima,
1381 1209 1501 1246 quam
1524 1204 1564 1232 et

843 1258 927 1306 ipse
949 1269 968 1292 a
989 1265 1108 1307 poeta
1135 1256 1354 1306 profectam
1385 1267 1467 1290 esse
1484 1266 1563 1290 ma-

842 1314 926 1351 lim.
947 1316 1016 1351 Est
1034 1322 1224 1364 praeterea
1244 1312 1378 1362 lapsus
1401 1323 1452 1348 ex
1471 1311 1560 1348 lite-

843 1385 978 1408 rarum
1003 1380 1119 1408 certae
1144 1370 1267 1407 aetatis
1298 1368 1424 1405 ductu
1453 1368 1562 1405 facil-

841 1429 960 1466 limus
986 1442 1037 1466 ex
1053 1428 1186 1482 fidem
1206 1429 1250 1464 in
1270 1427 1426 1464 eadem.
1458 1426 1562 1464 Cum

842 1495 975 1524 tamen
1002 1486 1161 1538 vulgata
1188 1494 1227 1523 et
1251 1487 1335 1536 ipsa
1356 1484 1462 1521 bona
1486 1484 1561 1530 sit,

842 1545 938 1582 nolo
961 1545 1122 1596 pessimi
1143 1543 1316 1593 exempli
1340 1550 1478 1579 auctor
1501 1554 1561 1578 es-

842 1615 883 1639 se
897 1630 908 1650 ,
930 1611 977 1639 ut
995 1615 1080 1639 non
1098 1601 1248 1638 librarii
1268 1612 1442 1637 errorem
1455 1627 1465 1645 ‚
1493 1598 1562 1636 sed

839 1662 973 1710 ipsum
999 1668 1158 1710 poetam
1193 1656 1446 1696 emendatum
1469 1656 1562 1693 dare

840 1718 961 1755 velim
979 1730 988 1756 :
1007 1717 1128 1769 idque
1156 1730 1228 1768 per
1253 1725 1380 1754 totum
1402 1722 1561 1766 poetam

839 1788 992 1827 sequar.

899 1834 982 1877 648
1007 1845 1093 1884 sqq.
1118 1834 1264 1870 Partim
1280 1829 1446 1870 Hesiodi
1465 1829 1560 1867 duc-

839 1898 885 1927 tu
915 1882 1012 1944 Ῑῖργ.
1053 1891 1209 1939 159—-
1233 1890 1307 1936 167
1344 1901 1430 1937 sqq.
1462 1887 1557 1924 Pul-

840 1946 1038 1984 cherrima
1066 1948 1226 1997 proles,
1267 1945 1557 1996 pulcherrimi,

839 2003 880 2043 h.
911 2005 939 2042 l.
962 2005 1010 2042 de
1034 2005 1214 2055 corporis
1243 2003 1446 2053 dignitate.
1479 1999 1557 2039 Sed

840 2062 1036 2100 insederat
1062 2062 1234 2113 Virgilio
1256 2061 1333 2098 hoc
1352 2058 1558 2110 epitheton

840 2133 892 2157 ex
911 2120 1001 2158 loco
1025 2121 1214 2166 Homeri,
1248 2131 1367 2169 quem
1397 2128 1557 2175 expres—

839 2178 890 2214 sit
909 2177 1020 2217 Iliad.
1046 2190 1066 2214 u
1082 2206 1092 2225 ,
1130 2178 1207 2214 231
1232 2190 1318 2226 sqq.
1340 2166 1421 2218 ἴλας
1446 2177 1556 2212 τἈσ-

839 2232 1011 2287 σάρακός
1034 2249 1076 2272 τε
1101 2231 1169 2273 καὶ
1194 2231 1361 2276 ἀντίθεος
1382 2229 1558 2285 Fet-augmi-

841 2287 908 2335 3⁷33
923 2321 934 2339 ,
958 2283 1010 2337 ὃς
1031 2288 1079 2334 δη
1101 2290 1304 2334 κάλλιστος
1322 2289 1455 2345 ’γένετο
1474 2291 1557 2331 627.-

839 2352 914 2386 τῶν
937 2347 1147 2404 ἀνθρώπων
1168 2358 1242 2387 etc.
1262 2347 1366 2387 Nati
1384 2347 1558 2385 meliori-

838 2407 907 2444 bus
923 2408 1040 2445 annis
1051 2436 1063 2453 ,
1095 2407 1319 2446 secundum
1338 2405 1559 2443 Hesiodum

839 2464 918 2502 hoe
933 2493 944 2512 ‚
978 2466 1005 2504 l.
1028 2479 1063 2504 c.
1083 2474 1122 2504 et
1141 2467 1198 2503 sic
1222 2465 1287 2502 alii
1319 2464 1367 2501 de
1391 2462 1559 2501 heroum

840 2531 958 2573 atque
1007 2525 1125 2562 etiam
1174 2522 1223 2560 de
1269 2535 1387 2560 aurea
1432 2529 1556 2559 aetate.

839 2580 1038 2618 Laudatur
1073 2581 1217 2622 Catull.
1251 2582 1363 2626 LXI,
1397 2591 1449 2616 22
1482 2591 1492 2617 ε
1523 2579 1557 2616 Ο

839 2638 956 2676 nimis
988 2649 1124 2690 optato
1150 2638 1357 2677 saeclorum
1381 2647 1556 2687 tempore

839 2696 950 2742 naci,
994 2699 1168 2743 Heroes,
1214 2697 1385 2743 salvete,
1437 2695 1552 2734 deum

48 2750 143 2802 phei
170 2751 236 2791 hic
266 2756 485 2807 quaeritnr;
519 2755 588 2794 sed
614 2757 648 2794 si
664 2769 768 2809 quae-
832 2767 970 2806 genus.
