1767 3054
182 148 264 191 406
773 151 1045 191 EXCURSUS
1076 152 1095 188 1

179 235 244 259 cos
268 223 309 258 in
329 234 468 260 vocem
498 224 721 276 Τυρσηνῶν,
751 221 950 277 Τυςῖῥηνῶν
965 253 975 271 ,
1001 223 1110 275 quod
1129 223 1250 262 modo
1276 237 1294 261 a
1315 223 1465 278 τύρσεσι
1492 224 1670 263 turribus

180 289 401 338 ducebant,
424 291 544 329 modo
574 304 594 328 a
630 291 840 342 Tyrrheno
873 292 1025 343 aliquo,
1059 293 1129 343 qui
1160 293 1327 330 coloniae
1358 300 1497 330 auctor
1525 292 1674 330 fuisset.

178 360 205 397 J
207 372 268 395 am
287 360 331 396 in
351 360 490 410 priscis
506 359 710 410 Lydorum
731 359 872 397 fabulis
893 360 1129 397 occurrebat
1146 360 1379 412 Tyrrhenus
1398 362 1527 412 Atyos
1545 357 1674 406 filius,

178 435 218 464 et
233 428 362 464 Manis
382 440 528 477 nepos:
544 427 653 463 hunc
673 427 806 477 itaque
826 427 1064 478 Tyrrhenis,
1082 441 1152 465 seu
1170 430 1346 467 Etruscis
1364 441 1512 466 nomen
1531 430 1675 479 imper-

177 495 283 533 tiisse
305 495 476 532 deducta
504 508 554 531 ex
586 493 709 546 Lydia
739 494 897 532 colonia
918 503 1070 533 mature
1099 494 1287 533 traditum
1308 495 1383 534 fuit
1411 510 1430 534 a
1450 497 1673 542 nonnullis,

177 577 279 614 qnos
308 563 536 601 Herodotus
561 563 742 613 sequitur
760 562 831 600 lib.
855 564 893 611 I,
923 570 1003 613 943
1027 571 1065 601 et
1094 577 1144 601 ex
1173 577 1220 601 eo
1243 564 1384 602 Strabo
1400 566 1461 612 V,
1487 579 1529 616 p.
1564 566 1645 603 335
1662 594 1671 612 ,

115 649 118 651 ·
180 631 285 676 3363
308 638 346 666 et
372 631 541 680 Dionys.
563 631 603 677 1,
628 642 676 677 27
695 643 705 675 ;
721 629 861 667 Vellei.
889 631 930 677 I,
959 643 994 677 1,
1016 638 1063 677 43
1086 630 1210 669 Tacit.
1228 631 1338 669 Anu.
1357 632 1430 677 IV,
1455 631 1672 683 553inpri-

177 699 250 735 mis
268 697 468 749 Lycophr.
504 697 609 735 1351
624 725 634 744 ,
666 698 788 747 1359.
810 698 1029 749 Dionysius
1057 707 1096 737 et
1124 697 1225 737 illud
1244 698 1373 746 addit,
1393 700 1559 737 variasse
1577 700 1672 737 alios
1729 696 1733 699 ¹

176 773 216 804 et
239 774 420 818 tempora
448 774 488 803 et
509 765 710 813 homines,
731 775 770 803 et
798 779 893 804 vero
923 767 1039 804 etiam
1068 768 1267 818 sapienter
1284 775 1420 805 monet
1439 779 1450 805 ;
1471 780 1493 805 a
1511 768 1672 806 Xantho

177 834 312 886 Lydo,
334 835 403 885 qm‘
430 834 599 886 patriam
628 833 833 872 historiam
863 836 1171 886 conscripserat,
1191 849 1212 873 a
1235 849 1315 886 quo
1334 835 1431 873 adeo
1453 836 1572 873 unice
1598 835 1673 873 hac

175 906 219 942 in
236 917 279 940 re
298 902 479 940 standum
499 912 600 950 erat,
628 916 702 940 nec
730 903 986 955 Tyrrhenum
1006 917 1174 954 usquam
1199 905 1430 951 memorari,
1458 917 1532 941 nec
1550 905 1674 941 Μεθο-

177 983 274 1008 num
299 970 495 1008 coloniam
514 971 557 1007 in
585 971 736 1007 Italiam
760 970 971 1008 deductam
996 984 1007 1010 ε
1038 972 1168 1022 Atyos
1194 984 1290 1009 vero
1319 969 1424 1010 filios
1451 970 1607 1022 Lydum
1635 979 1676 1008 et

180 1037 442 1083 Torrlzebum,
467 1038 531 1075 vel
551 1037 653 1075 forte
681 1037 919 1087 Tj77¹lzebum
931 1067 943 1084 ,
969 1036 1177 1090 depravata
1196 1038 1299 1076 forte
1321 1039 1537 1089 scriptura,
1553 1051 1673 1089 quam

172 1105 315 1156 aliquis
333 1107 377 1142 in
398 1112 529 1143 vetere
555 1104 706 1144 Xanthi
726 1104 862 1142 codice
884 1104 1126 1152 offenderat,
1147 1101 1344 1158 Τὺῥρῃῧον
1367 1105 1432 1143 vel
1451 1100 1645 1159 Τόῤῥηὲον
1659 1133 1670 1152 ‚

170 1184 246 1222 pro
265 1169 468 1225 Τὺῤῥηνον.
489 1174 552 1210 Ex
571 1173 700 1223 prisca
724 1172 976 1225 Pelasgorum
998 1175 1119 1224 stirpe
1138 1172 1335 1224 populum
1361 1171 1481 1209 fuisse
1498 1171 1673 1222 Tyrrhe·

171 1253 266 1287 nOS,
288 1241 358 1291 qui
376 1254 503 1291 usque
533 1240 583 1278 ad
603 1241 750 1278 seriora
770 1250 950 1291 tempora
969 1244 1185 1288 Lemnum,
1206 1241 1389 1278 Imbrum
1402 1269 1412 1287 ‚
1441 1240 1591 1290 aliaque
1613 1242 1670 1277 vi-

171 1309 261 1345 cina
281 1309 521 1346 continentis
541 1322 702 1360 quoque
719 1309 806 1346 loca
825 1309 1050 1347 insederant
1062 1337 1072 1357 ,
1091 1308 1266 1347 dubitari
1282 1310 1434 1359 nequit.
1452 1310 1581 1347 Etiam
1599 1307 1673 1346 hos

170 1373 221 1412 ad
244 1374 474 1426 Tyrrhenos
497 1376 621 1413 Italiae
640 1376 863 1414 retulerunt
881 1378 1112 1427 scriptores,
1128 1377 1302 1416 nominis
1327 1376 1584 1414 similitudine
1605 1374 1671 1411 de-

172 1444 299 1492 cepti,
323 1442 392 1480 sed
414 1445 583 1494 Dionys.
603 1446 642 1491 1,
673 1445 727 1482 25
748 1458 831 1482 eam
850 1447 1044 1484 rationem
1062 1446 1170 1493 iniit,
1196 1454 1244 1483 ut
1261 1458 1328 1483 eos
1350 1459 1400 1483 ex
1422 1445 1470 1482 iis
1487 1445 1582 1496 ipsis
1601 1447 1671 1483 Pe-

171 1505 290 1558 lasgis
320 1509 439 1547 fuisse
461 1509 628 1557 diceret,
658 1511 728 1561 qui
755 1513 908 1549 Italiam
928 1512 1154 1550 insederant
1172 1513 1391 1564 antiquitus
1403 1541 1414 1560 ,
1434 1524 1609 1563 moxque
1627 1513 1671 1548 in

174 1577 378 1612 communi
400 1577 528 1627 gentis
549 1577 658 1614 clade
674 1576 767 1614 inde
786 1577 1065 1625 discesserant,
1089 1582 1283 1630 accepisse
1310 1593 1480 1627 nomen,
1499 1579 1608 1629 quod
1626 1580 1670 1616 in

174 1643 477 1693 Tyrrhenorum
494 1642 642 1682 finibus
659 1641 930 1684 consederant.
950 1648 1102 1683 Verum
1117 1647 1201 1685 haec
1219 1649 1406 1699 Dionysii
1421 1648 1669 1696 conjectatio,
1717 1636 1722 1637 ⁷

174 1722 258 1747 non
274 1712 448 1748 narratio
464 1712 617 1761 antiqui
631 1713 835 1762 scriptoris
850 1711 928 1749 fide
945 1722 1118 1763 accepta,
1137 1721 1215 1760 est,
1232 1726 1322 1763 quae
1339 1713 1436 1750 adeo
1452 1726 1527 1764 pro
1544 1712 1671 1751 fundo

173 1776 349 1815 historiae
369 1791 389 1814 a
415 1779 511 1816 viris
531 1778 656 1816 doctis
678 1779 818 1816 haberi
843 1793 927 1817 non
950 1780 1138 1827 debebat,
1165 1782 1227 1818 uti
1245 1779 1371 1818 multa
1397 1781 1490 1827 alia,
1518 1795 1606 1832 quae
1627 1783 1672 1819 in

173 1844 251 1883 hoc
272 1847 402 1896 primo
425 1846 531 1884 libro
560 1848 780 1898 Dionysius
806 1847 1010 1886 manifeste
1033 1862 1114 1885 non
1133 1857 1177 1886 uc
1203 1857 1392 1893 narrata,
1426 1862 1567 1886 verum
1588 1849 1671 1900 opi-

176 1923 277 1950 nata
300 1916 478 1965 apponit.
502 1915 696 1966 Myrsilus
726 1915 887 1953 Lesbius
915 1924 954 1953 et
980 1917 1063 1967 ipse
1091 1909 1477 1970 Tyrrhenos‚-Italia
1507 1916 1666 1962 relicta,

174 1982 378 2019 erroribus
404 1983 568 2030 jactatos
597 1983 807 2022 tradiderat
835 1983 971 2035 (apud
999 1985 1168 2035 Dionys,
1202 1986 1242 2032 Ι,
1268 1983 1372 2036 28),
1397 1984 1466 2022 sed
1494 1985 1670 2035 ineptam

173 2051 441 2088 narrationem
460 2050 507 2088 de
523 2064 594 2090 suo
612 2053 754 2099 assuit,
771 2053 820 2090 ab
839 2052 898 2090 his
916 2053 1011 2103 ipsis
1028 2051 1229 2090 erroribus
1245 2065 1311 2090 eos
1327 2061 1413 2090 tum
1429 2050 1669 2108 Πελαργοὺς,

173 2117 365 2163 ciconias,
401 2118 480 2155 dici
504 2121 681 2170 coepisse.
706 2121 853 2158 Contra
875 2120 1118 2167 Anticlides,
1148 2133 1234 2158 non
1260 2120 1446 2172 ignobilis
1477 2123 1669 2173 scriptor,

172 2184 371 2236 Pelasgos,
395 2187 545 2223 Lemno
577 2195 615 2223 et
633 2186 769 2224 Imbro
792 2188 902 2237 prius
924 2189 1156 2235 constituta,
1179 2201 1267 2226 cnm
1297 2188 1532 2239 Tyrrheno,
1551 2191 1668 2242 Atyis

171 2249 274 2298 filio,
294 2253 338 2289 iu
364 2252 517 2290 Italiam
544 2253 790 2291 contendisse
819 2254 1031 2292 tradiderat
1055 2269 1118 2306 ap.
1146 2254 1274 2293 Strab.
1292 2255 1361 2294 lib.
1379 2257 1432 2302 V,
1449 2269 1488 2307 p.
1515 2257 1596 2307 339
1615 2259 1666 2304 Α,

171 2330 260 2367 quae
288 2320 407 2357 variae
436 2330 529 2358 sunt
549 2330 728 2358 veterum
750 2323 992 2373 scriptorum
1014 2321 1325 2373 periclitationes
1350 2322 1394 2359 in
1413 2331 1545 2360 vetere
1567 2322 1667 2360 fama

172 2396 265 2421 cum
284 2399 418 2424 rerum
442 2389 605 2425 aliarum
634 2390 856 2426 rationibus
887 2389 1173 2440 componenda.
1206 2389 1437 2427 Hellanicus
1456 2390 1499 2427 in
1517 2388 1666 2427 Phoro-

172 2453 284 2498 nide,
317 2457 609 2506 antiquissimus
629 2459 817 2507 scriptor,
837 2458 1039 2508 Pelasgos,
1067 2465 1277 2507 postquam
1298 2458 1342 2495 in
1371 2457 1501 2494 sinum
1523 2455 1666 2493 Adria-

172 2520 296 2556 ticum
319 2523 473 2572 appulsi
495 2525 539 2560 in
567 2525 757 2562 interiora
783 2525 904 2562 Italiae
926 2526 1214 2575 immigrarant,
1238 2530 1464 2560 narraverat
1491 2522 1666 2572 Tyrrhe-

173 2588 279 2626 niam
299 2588 518 2626 condidisse
537 2590 730 2643 (Dionys,
751 2594 790 2639 I,
816 2593 865 2629 28
882 2592 919 2644 );
936 2594 1006 2643 qui
1033 2606 1083 2629 ex
1099 2600 1210 2642 parte
1227 2603 1366 2627 verum
1385 2588 1590 2628 tradidisse
1608 2592 1665 2629 vi-

172 2655 259 2693 deri
279 2655 397 2692 debet
418 2668 427 2693 :
451 2658 545 2693 item
573 2660 769 2709 Scymnus
799 2659 921 2697 Chius
947 2661 990 2696 in
1010 2659 1158 2709 Perieg.
1182 2657 1262 2694 218
1293 2653 1429 2697 Κοινῆν
1455 2651 1498 2693 δὲ
1522 2656 1666 2712 Tugien-

172 2720 266 2760 νοῖσι
294 2719 425 2774 χώραν
460 2721 680 2776 νεμόμενοι,
716 2739 770 2763 se.
802 2726 970 2777 Pelasgi,
993 2726 1064 2775 qui
1099 2733 1230 2761 tamen
1260 2723 1419 2772 subjicit
1452 2724 1544 2772 alia,
1575 2739 1663 2776 quae

173 2801 337 2828 erronea
355 2798 459 2828 sunt.
477 2791 561 2828 Etsi
577 2793 680 2829 enim
691 2819 701 2839 ,
717 2794 978 2831 Etruscorum
993 2793 1163 2844 origines
1179 2790 1283 2830 ultra
1299 2791 1420 2844 Alpes
1436 2792 1664 2844 quaerendas
