1767 3054
144 110 222 145 312

776 106 1023 143 AENEIDOS

137 180 299 226 *Dona
324 180 503 236 ferunt,
530 180 869 241 cumulantque
895 179 1102 225 oneratis
1125 177 1339 226 lancibus
1366 194 1486 226 aras.

138 259 259 301 Tum
288 256 401 302 Salii
427 254 486 301 ad
509 266 699 312 cantus,
724 255 914 300 incensa
941 255 1108 300 altaria
1133 255 1336 312 circum,

1593 265 1654 295 285

139 332 360 393 Populeis
386 331 556 378 adsunt
583 331 758 376 evincti
788 343 1006 392 tempora
1028 330 1195 387 ramis3

139 406 228 452 Hic
244 406 475 469 juvenum
501 406 698 462 chorus,
726 404 801 449 ille
827 420 990 449 senum
1005 420 1017 460 3
1043 405 1125 465 qui
1151 402 1360 450 carmine
1381 402 1545 450 laudes

139 483 397 528 Herculeas
423 492 467 526 ct
492 481 613 526 facta
639 481 796 525 ferunt
817 498 826 524 :
854 489 905 524 ut
927 479 1081 540 prima
1100 495 1320 525 novercae

138 561 355 603 Monstra
380 573 518 602 manu
549 556 856 618 geminosque
882 571 1101 616 premens
1127 555 1304 601 eliserit
1330 555 1522 618 anguis,

139 636 204 679 Ut
230 632 355 678 bello
382 632 595 693 egregias
619 632 746 677 idem
770 631 1008 693 disjecerit
1034 629 1192 688 urbis,

1594 651 1655 682 ²90

139 707 454 768 Trojamquc,
480 705 885 767 OEchaliamque3
911 715 965 751 ut
991 705 1137 751 duros
1162 705 1288 751 mille
1311 704 1498 753 labores

140 875 282 914 gruere
304 873 313 899 :
335 863 487 899 etiamsi
515 862 663 899 dixeris
679 890 689 908 ,
710 863 865 911 antiqui

138 922 238 957 sacri
250 915 403 957 inorem
416 934 437 956 a
456 930 571 970 poeta
589 920 774 965 describi,
793 921 865 969 qui

140 978 334 1015 nonnulla
380 979 596 1029 singularia
644 977 830 1014 habuerit
851 989 861 1013 2

139 1036 192 1072 ita
205 1035 379 1086 pellibus
401 1035 440 1071 in
466 1049 614 1072 morem
637 1035 767 1073 cincti.
790 1037 861 1072 Er·

139 1105 190 1142 go
212 1108 261 1130 ex
283 1095 364 1130 vita
387 1095 547 1143 antiqua
563 1123 573 1139 ,
596 1107 673 1142 qua
691 1093 862 1142 pellibus

139 1152 306 1188 incincti
334 1165 414 1188 esse
446 1152 628 1189 solebant
655 1151 861 1199 homines,

138 1211 282 1246 mansit
310 1209 375 1246 hic
403 1223 490 1246 mos
519 1210 617 1245 sacri
644 1211 686 1246 in
713 1211 863 1259 Luper-

139 1269 219 1313 cis3
249 1268 309 1304 uti
339 1268 422 1304 285
445 1268 537 1306 Salii
557 1267 648 1304 huic
667 1281 777 1304 sacro
798 1268 864 1305 ad-

137 1324 257 1361 hibiti
285 1335 390 1364 sunt.
428 1347 486 1354 —-
523 1325 713 1362 Oneracis
745 1326 867 1363 lanci-

138 1382 206 1419 bus
237 1382 286 1419 ad
316 1386 414 1420 turis
439 1385 593 1433 copiam
621 1384 741 1420 refert
771 1385 863 1423 Cer-

138 1439 185 1476 da
209 1453 328 1478 :sane
349 1451 413 1478 tus
437 1443 554 1478 etiam
578 1442 693 1478 lance
718 1455 861 1492 appor-

137 1497 296 1534 tabatur
310 1527 320 1543 ,
342 1512 425 1535 non
444 1499 565 1536 modo
586 1512 730 1537 acerra.
752 1502 860 1539 conf.

137 1555 255 1593 ovid.
279 1558 352 1601 IV,
384 1559 501 1594 Pont.
523 1570 572 1605 9,
606 1558 671 1593 33.
701 1559 861 1595 Servius

135 1620 225 1649 exta
253 1613 293 1650 h.
323 1613 350 1650 l.
382 1613 564 1649 lancibus
592 1617 740 1663 apponi
772 1616 849 1652 ait:

133 1669 255 1720 idque
274 1671 388 1720 sequi
406 1680 576 1720 praestat.
600 1673 656 1706 Ita
673 1671 767 1708 dum
792 1685 856 1708 ex-

135 1737 173 1763 ta
201 1737 429 1765 cremantur
458 1730 501 1765 iu
524 1742 615 1774 ara,
641 1730 769 1779 epulae
793 1731 855 1766 in-

136 1793 241 1822 terea
274 1787 562 1823 instaurantur.
603 1788 857 1823 Instauratas

136 1843 274 1892 epulas
294 1857 413 1894 supra
435 1843 607 1880 vidimus
627 1843 653 1881 l.
671 1846 764 1890 VII,
785 1845 857 1881 ubi

136 1901 278 1937 crustis
294 1902 376 1948 jam
404 1902 569 1938 comesis
588 1904 728 1938 AEneas
756 1915 857 1940 vers,

142 1959 219 1995 133
240 1960 358 1996 IVunc
368 1968 536 2008 pateras
554 1958 675 1996 libate
695 1959 794 2004 lovi,
821 1968 860 1997 et

141 2029 158 2052 1
168 2016 220 2060 46
243 2016 434 2054 Certatim
454 2016 684 2053 instaurant
695 2017 833 2068 epulas
845 2031 858 2055 .·

135 2073 245 2124 quod
271 2074 321 2111 ad
340 2074 463 2112 solam
490 2075 722 2112 libationem
746 2089 857 2126 spec-

136 2140 218 2169 tare
247 2132 438 2171 videtur:
460 2136 597 2182 sicque
627 2133 772 2184 Odyss.
812 2147 852 2179 ε,

138 2190 219 2226 388
238 2203 295 2240 sq.
313 2218 323 2236 ,
346 2191 419 2227 ubi
437 2194 579 2228 Nestor
597 2189 646 2228 de
661 2205 771 2229 sacro
789 2192 858 2229 do-

135 2261 246 2284 mum
276 2247 406 2285 redux
431 2248 573 2286 assidet
595 2261 687 2285 cum
708 2251 789 2286 suis
818 2258 858 2287 et

132 2305 369 2343 libationem
389 2307 484 2345 facit
501 2319 511 2345 ε
531 2305 600 2343 sed
614 2307 744 2344 nullas
763 2321 856 2358 epu-

136 2362 191 2399 las
210 2363 414 2402 secundas.

213 2421 309 2457 285.
357 2420 461 2458 Salii
505 2421 613 2470 apud
651 2424 855 2460 Romanos

134 2477 275 2514 Martis
306 2486 417 2514 erant
443 2478 664 2516 sacerdotes
688 2493 738 2516 ex
767 2482 853 2518 Nu-

134 2546 209 2572 mae
227 2535 434 2580 instituto,
464 2543 510 2571 ut
540 2537 736 2573 creditum
762 2538 852 2575 fuit.

133 2592 190 2630 At
211 2590 253 2630 h.
282 2591 309 2629 l.
330 2601 447 2641 poeta
469 2594 634 2630 Herculi
653 2595 776 2632 Salios
796 2607 854 2632 as-

134 2649 282 2700 signat,
308 2648 632 2698 quandoquidem
660 2652 703 2687 in
722 2661 854 2689 vetere

133 2707 244 2743 Latio
275 2706 471 2745 Saliorum
500 2719 647 2744 nomen
677 2721 854 2746 commu-

134 2776 186 2801 ne
209 2763 457 2803 sacerdotum
476 2761 596 2801 fuisse
628 2764 811 2813 videtur,
835 2779 856 2803 a

932 860 1136 907 saliendo;
1173 861 1304 897 omnis
1336 861 1442 898 enim
1477 861 1574 899 olim
1594 875 1656 900 res

931 932 1040 955 sacra
1057 931 1149 955 cum
1167 918 1345 969 tripudio
1363 927 1401 956 et
1421 929 1542 957 cantu
1562 934 1654 958 con-

926 978 1068 1024 juncta
1096 985 1191 1014 erat.
1228 977 1333 1014 conf.
1375 980 1485 1015 Serv.
1517 979 1652 1016 Haese-

930 1044 1019 1071 rant
1046 1037 1087 1072 in
1116 1034 1193 1072 hoc
1216 1035 1297 1082 jam
1314 1044 1480 1074 veteres.
1503 1050 1542 1074 v.
1564 1039 1650 1075 Ma-

931 1092 1043 1130 crob.
1071 1095 1138 1131 Sat
1169 1095 1252 1139 III,
1289 1106 1354 1131 12.
1377 1093 1534 1131 Chorus
1560 1094 1601 1132 h.
1623 1095 1650 1131 l.

931 1160 988 1188 est
1018 1146 1255 1204 περιὲώμιος
1284 1160 1323 1188 et
1353 1149 1578 1206 ἐγκύκλιος,
1608 1160 1655 1189 ut

933 1209 1048 1246 docte
1086 1209 1271 1246 observat
1316 1211 1495 1260 Bottiger
1531 1222 1652 1260 supra

930 1267 1138 1314 laudatu53
1162 1276 1200 1304 et
1224 1281 1383 1305 carmen
1407 1267 1554 1305 dixeris
1571 1281 1654 1305 esse

935 1323 1269 1379 ὑπορχηματικόν.
1302 1328 1363 1363 De
1390 1325 1562 1376 populea
1586 1339 1652 1363 co-

930 1397 1028 1421 rona
1046 1399 1086 1422 v.
1106 1383 1155 1421 ad
1173 1398 1275 1423 vers.
1298 1385 1396 1432 276.
1424 1382 1532 1421 Illud
1550 1396 1650 1434 quo-

929 1455 1007 1491 que
1031 1442 1230 1487 notabile,
1260 1443 1372 1493 quod
1403 1442 1498 1480 Sah‘i
1520 1442 1651 1479 senio·

929 1514 990 1536 res
1014 1509 1052 1537 et
1069 1501 1248 1547 juniores
1270 1508 1556 1538 memorantur.

991 1559 1086 1595 288.
1110 1561 1215 1595 Fata
1240 1557 1323 1595 duo
1345 1560 1482 1595 Burm.
1501 1559 1653 1594 Ferant

927 1614 1085 1651 illatum
1109 1624 1191 1652 erat
1209 1615 1258 1652 ab
1279 1616 1445 1652 Heinsio
1469 1628 1490 1650 e
1509 1614 1645 1661 libris;

924 1672 989 1709 alii
1007 1685 1099 1708 cum
1118 1672 1362 1724 edd.f‡erunt
1374 1671 1508 1708 :haud
1525 1671 1649 1710 dubie

924 1730 1078 1775 verius3
1096 1739 1152 1767 est
1172 1732 1277 1767 enim
1292 1743 1367 1780 pro
1389 1741 1397 1767 :
1407 1729 1552 1781 fierunt
1569 1729 1646 1776 illi,

922 1787 964 1825 h.
979 1801 1012 1824 e.
1028 1788 1199 1824 efferunt
1210 1815 1220 1833 ‚
1236 1787 1451 1824 celebrant.
1466 1788 1648 1825 Retinuit

924 1858 1084 1895 quoque
1107 1845 1184 1882 hoc
1201 1845 1466 1895 Cuningham.
1489 1865 1549 1873 —-
1566 1845 1646 1882 Ob-

925 1902 1166 1939 servandum
1219 1901 1434 1939 artificium
1485 1911 1613 1952 poetae
1635 1931 1649 1950 ,

926 1973 1008 2010 quo
1040 1962 1167 1997 oratio
1205 1961 1381 1997 variatur
1412 1967 1451 1997 et
1481 1961 1645 1998 inverti-

925 2027 1016 2064 tur,
1047 2031 1129 2054 una
1161 2019 1328 2056 notione
1363 2018 1570 2065 subjecta:
1600 2025 1645 2055 tu

925 2075 1130 2122 occidisti,
1150 2085 1194 2112 tu
1210 2076 1457 2126 prostravisti
1484 2074 1643 2112 OEcha-

925 2133 1024 2170 liam
1043 2147 1057 2170 .·
1076 2147 1158 2183 quo
1184 2135 1348 2171 nomine
1377 2133 1497 2170 urbes
1534 2133 1643 2170 suere

923 2193 1131 2229 Messeniae
1141 2219 1157 2237 ‚,
1171 2191 1381 2230 Thessaliae
1397 2199 1436 2228 et
1450 2190 1614 2228 Euboeae
1630 2201 1640 2228 ε

922 2249 971 2286 ad
987 2249 1088 2286 hanc
1105 2249 1267 2286 Euboeae
1287 2248 1517 2288 oEchaliam
1535 2248 1638 2285 refe-

921 2316 1019 2344 runt
1050 2307 1132 2344 fere
1161 2308 1340 2359 Tragici,
1366 2305 1476 2357 quod
1495 2304 1546 2342 de
1573 2318 1640 2342 ex-

920 2366 1165 2416 pugnatione
1183 2365 1233 2402 ab
1254 2364 1426 2402 Hercule
1441 2363 1542 2400 facta
1556 2375 1642 2399 nar-

921 2424 1000 2459 rari
1030 2422 1131 2460 solet
1144 2450 1154 2469 ‚
1176 2421 1364 2473 denegata
1382 2433 1405 2457 a
1421 2428 1532 2470 patre
1560 2421 1639 2457 Eu-

920 2489 1014 2530 ryto
1039 2480 1135 2518 Iole.
1164 2494 1204 2518 v.
1225 2479 1273 2516 de
1297 2479 1358 2515 his
1377 2477 1426 2514 ad
1445 2476 1636 2527 Apollod.

919 2539 1014 2575 Not.
1035 2550 1123 2588 pag.
1144 2538 1225 2586 439
1240 2564 1251 2583 ,
1271 2536 1354 2580 480
1375 2543 1414 2571 et
1431 2533 1480 2571 ad
1499 2537 1639 2572 Home-

920 2608 1034 2640 rum,
1065 2594 1112 2631 ΙΙ.
1130 2591 1154 2640 β
1169 2620 1180 2639 ,
1198 2593 1284 2642 ’596
1299 2620 1309 2638 ,
1345 2593 1441 2639 730.
1458 2612 1517 2621 ——-
1538 2604 1636 2642 291.

924 2651 1182 2696 OEtlzaIiam,
1233 2648 1466 2694 OEcaliam,
1511 2649 1638 2686 Etha-

921 2708 1019 2746 liam
1032 2736 1044 2754 ‚
1094 2706 1320 2745 AEchaliam
1331 2735 1344 2752 ,
1391 2705 1606 2744 Echaliam
1619 2735 1632 2752 ,

925 2765 1098 2811 OEiam,
1127 2772 1304 2802 monstra
1327 2764 1547 2803 lectionum
1567 2776 1577 2803 :
1599 2771 1638 2802 et
