1767 3054
636 149 790 187 LIBER
819 148 934 186 vm.

39 218 223 277 Adtulit
246 229 291 265 et
315 218 450 265 uobis
473 218 726 281 aliquando
749 218 1024 282 optantibus
1047 230 1156 266 aetas

37 296 280 342 Auxilium
302 294 652 356 adventumque
677 295 754 341 dei
780 314 789 341 :

1461 150 1538 187 305

1476 241 1539 261 200

816 311 923 342 nam
947 311 1194 342 maxumus
1219 295 1346 342 ultor
1356 330 1369 355 ,

36 371 305 434 Tergemini
324 387 438 417 nece
465 375 698 432 Geryonae
724 371 980 434 spoliisque
1005 370 1263 434 superbus,

34 445 222 492 Alcides
243 445 429 503 aderat,
454 456 709 509 taurosque
731 448 820 493 hac
840 448 995 493 victor
1020 447 1189 510 agebat

32 519 265 581 Ingentis;
290 520 555 582 vallemque
576 520 723 568 boves
746 537 1026 583 amnemque
1053 521 1290 568 tenebant.

31 596 95 640 At
117 593 251 641 furiis
275 596 386 641 Caci
410 612 540 642 mens
565 597 732 655 effera,
757 612 816 642 ne
839 596 955 658 quid
978 596 1198 642 inausum
1474 608 1532 638 205

31 671 130 715 Aut
152 671 454 717 intractatum
479 672 728 718 scelerisve
753 671 909 718 dolive
931 670 1116 730 fuisset,

32 744 253 800 Quatuor
276 761 303 790 a
323 744 518 791 stabulis
540 746 783 809 praestanti
806 762 1009 809 corpore
1029 757 1190 793 tauros

30 819 241 875 Avertit,
267 820 461 867 totidem
488 822 639 867 forma
663 833 915 884 superante
931 825 1179 885 juvencas;

28 897 187 955 Atque
210 893 320 952 hos,
346 912 405 941 ne
429 912 523 958 qua
546 896 701 942 forent
725 896 926 959 pedibus
949 897 1145 980 vestigia
1164 898 1327 956 rectis,

28 968 222 1015 Cauda
211 986 259 1015 1n
284 973 555 1050 speluncam
582 982 778 1028 tractos,
803 988 888 1017 κει
891 988 1047 1033 sisque
1070 973 1254 1017 viarum

1466 994 1524 1013 210

25 1042 219 1091 Indiciis
241 1055 432 1107 raptos,
449 1061 563 1090 saxo
586 1044 855 1089 occultabat
878 1059 1042 1104 opaco

27 1237 187 1292 vIllagmz
214 1255 256 1279 se
286 1241 390 1279 mole
401 1240 586 1293 serebat,
613 1241 743 1293 simpl.

27 1297 78 1335 ad
105 1298 285 1336 habitum
315 1301 492 1350 corporis
520 1309 745 1350 vastamque

27 1358 199 1406 speciem
218 1358 346 1394 refero
361 1386 371 1403 ,
389 1370 462 1407 pro
476 1386 487 1404 ‚
509 1358 717 1395 incedebat
729 1374 747 1404 ‚-

26 1413 95 1451 sed
114 1416 293 1452 assumsit
314 1416 520 1452 notionem
540 1416 640 1452 vasti
658 1429 744 1453 cor-

22 1473 135 1521 poris
150 1486 161 1518 ;
183 1471 224 1509 id
236 1472 346 1523 quod
358 1472 406 1509 ad
420 1470 621 1527 ἐνάργειαν
634 1473 741 1512 facit.

89 1542 185 1568 202.
218 1531 278 1569 Cf.
300 1543 388 1581 sup.
408 1532 487 1567 VII
502 1559 512 1577 ‚
539 1530 618 1567 661
654 1543 738 1582 sqq.

25 1587 209 1624 Herculis
230 1600 378 1625 nomen
407 1589 524 1625 variis
550 1587 740 1626 Italorum

25 1643 170 1682 fabulis
184 1645 381 1695 implicuit
399 1646 637 1695 antiquitas;
654 1659 740 1696 per-

23 1711 165 1753 agratae
185 1703 234 1740 ab
252 1703 418 1740 Hercule
436 1703 558 1741 Italiae
574 1704 738 1754 vestigia

22 1759 174 1811 ubique
189 1760 452 1798 ostentabant.
472 1760 608 1810 Quid?
626 1761 737 1810 quod

23 1816 121 1854 adeo
144 1818 219 1855 via
242 1818 441 1855 Herculea
463 1818 557 1855 inde
583 1817 631 1854 ab
660 1819 737 1855 Ita-

21 1873 74 1911 lia
97 1886 221 1926 usque
238 1875 289 1912 ad
307 1875 495 1913 celticam
513 1875 631 1911 fuisse
646 1887 736 1911 nar-

22 1940 162 1969 ratur:
180 1931 325 1970 Mirab.
346 1931 486 1969 Audit.
507 1932 560 1968 86
579 1938 617 1968 et
640 1944 733 1970 100.

20 2009 78 2018 -—-·
97 1988 322 2026 205.F11ns
338 1990 502 2025 retraxit
518 1990 733 2028 Burmann.

18 2059 94 2097 pro
98 2046 235 2097 fitriis,
264 2045 373 2096 quod
396 2047 581 2083 Heinsius
601 2044 735 2083 defen-

19 2103 141 2141 derat.
169 2102 360 2142 Codicum
383 2103 543 2153 quidem
560 2104 732 2141 auctori-

18 2168 76 2198 tas
100 2169 307 2211 utramque
336 2160 546 2198 lectionem
571 2168 730 2208 tuetur,

18 2219 194 2269 priorem
219 2212 401 2268 inprimis
427 2219 608 2262 Servius,
629 2230 731 2255 eam-

17 2287 96 2325 que
110 2275 331 2327 probarunt
348 2274 588 2324 Stephanus,
609 2277 730 2312 Brou-

17 2330 133 2378 khus,
161 2341 200 2369 et
225 2331 486 2370 Marklandus
513 2345 604 2369 cum
627 2334 728 2369 Bur-

17 2401 187 2437 manno3
220 2403 311 2441 quae
342 2398 471 2426 tamen
494 2389 560 2426 hic
590 2389 725 2436 affert,

13 2445 115 2485 levia
136 2456 243 2494 ¹amnt.
265 2448 467 2485 Dicuntur
477 2445 593 2498 jerus
611 2456 649 2484 et
671 2445 729 2498 ef

2 2501 119 2555 serus
133 2506 355 2555 promiscue
383 2517 475 2540 cum
498 2513 536 2541 et
555 2506 641 2542 sine
663 2503 727 2540 ad-

12 2560 115 2608 jecto
143 2574 249 2600 casu.
273 2561 467 2612 Equidem
481 2561 608 2614 fiat-iis
632 2561 727 2613 effi-

15 2629 80 2654 rus
93 2619 258 2668 praefero
270 2632 280 2658 :
293 2620 466 2670 primum
478 2646 489 2665 ,
509 2618 619 2669 quod
633 2632 726 2669 poe-

12 2673 94 2712 tioo
117 2677 276 2713 ornatui
291 2676 370 2714 hoc
390 2686 721 2723 consentaneum;

2 2729 112 2782 fieris
132 2744 226 2770 vero
246 2733 487 2772 vocabulum
511 2735 623 2785 epica
642 2746 724 2785 gra-

13 2787 134 2826 vitato
165 2788 374 2843 indignum
401 2799 441 2830 et
468 2791 584 2831 exile.
617 2792 722 2831 Tum

799 1238 923 1294 fhn'is
941 1240 1100 1294 infin-is
1115 1243 1280 1280 mutatio
1296 1255 1421 1293 prona
1437 1243 1529 1290 fuit,

811 1314 832 1337 e
854 1308 986 1338 vetere
1003 1301 1199 1351 scriptura
1215 1314 1226 1347 ;
1247 1313 1330 1337 non
1349 1302 1445 1338 item
1464 1303 1526 1339 in-

810 1371 920 1395 versa
948 1359 1114 1395 ratione.
1137 1357 1314 1395 Tandem
1341 1359 1384 1395 in
1400 1358 1527 1409 ficriis

810 1415 1042 1465 conspirant
1070 1418 1239 1453 Roman.
1276 1424 1315 1452 et
1349 1416 1524 1462 Medic„

807 1474 1006 1522 principes
1031 1471 1278 1509 diversarum
1302 1481 1523 1511 sectarum:

794 1528 905 1582 fiaeris
923 1531 967 1566 in
989 1529 1276 1568 recentioribus
1294 1539 1452 1582 regnat,
1477 1540 1525 1567 ut

806 1589 849 1624 in
870 1587 997 1625 tribus
1015 1587 1188 1625 Gothan.
1213 1609 1270 1616 —-
1292 1589 1389 1626 206.
1413 1589 1522 1627 Ante

804 1646 936 1683 Heius.
971 1653 1054 1682 erat
1084 1644 1318 1695 vulgatum:
1341 1645 1519 1683 intenta-

803 1712 884 1740 tum
903 1716 916 1739 .·
931 1702 1009 1740 hoc
1025 1702 1144 1739 habet
1159 1703 1309 1741 Medic.
1328 1716 1347 1740 a
1368 1717 1421 1742 m.
1442 1717 1518 1744 sec.

803 1768 842 1797 et
866 1773 956 1810 pars
982 1759 1126 1806 codd.;
1165 1761 1198 1797 si
1227 1761 1466 1798 intentatum
1497 1775 1516 1798 a

802 1826 920 1867 poeta
956 1817 1181 1867 profectum
1210 1831 1294 1855 non
1323 1826 1405 1863 est,
1443 1819 1518 1855 sal-

802 1882 881 1910 tem
909 1874 1075 1911 alterum
1103 1886 1150 1910 eo
1179 1887 1298 1911 sensu
1328 1883 1387 1911 est
1415 1877 1515 1912 acci-

800 1930 1005 1980 piendum.
1059 1930 1238 1968 Fuissene
1286 1931 1434 1969 Medic.
1475 1942 1515 1969 et

802 1987 908 2026 Gud.
940 2001 961 2025 a
990 2001 1095 2026 man.
1130 2002 1192 2038 pr.
1225 1988 1378 2025 tulisset
1417 1989 1513 2027 alter

800 2045 940 2083 Hamb.
961 2048 1060 2083 Sane
1065 2044 1217 2096 sitisset
1237 2045 1390 2083 dictum
1412 2059 1487 2096 pro
1501 2075 1511 2092 ‚

800 2111 911 2140 esset.
943 2101 1188 2148 Wakefield,
1218 2104 1291 2152 qui
1338 2103 1511 2140 intenta-

799 2169 881 2196 tum
926 2162 1098 2210 recepit,
1131 2159 1288 2197 dubitat
1322 2173 1507 2210 quoque,

797 2229 849 2254 an
883 2229 966 2254 non
1002 2217 1207 2267 relinquat
1234 2217 1507 2268 reponendum

795 2275 858 2312 sit.
875 2295 932 2304 —
953 2275 1049 2312 208.
1079 2274 1255 2318 Avertit,
1287 2275 1431 2324 abigit,
1460 2283 1506 2312 ut

796 2333 838 2377 1,
864 2333 942 2379 527
966 2340 1102 2382 raptas
1125 2332 1184 2368 ad
1202 2331 1323 2369 litora
1355 2340 1504 2370 vertere

786 2389 952 2439 praedas
966 2404 983 2434 ;
1023 2397 1109 2426 tum
1139 2388 1392 2426 intractatum
1429 2401 1503 2438 pro

793 2446 947 2496 vulgari
972 2447 1234 2492 intentatum3
1266 2458 1353 2482 nam
1384 2445 1500 2492 junc-

793 2510 878 2540 tum
893 2518 948 2558 τῳ
970 2503 1162 2541 inausum.
1186 2506 1227 2540 A
1248 2502 1408 2539 stabulis
1430 2515 1499 2540 au-

791 2569 891 2606 tem,
910 2574 931 2598 a
951 2562 1118 2612 pascuis,
1136 2561 1180 2598 in
1195 2558 1338 2611 quibus
1353 2573 1499 2610 procu·

791 2617 960 2656 buerant
973 2647 984 2666 ‚
1007 2626 1053 2655 ut
1072 2616 1185 2660 αὐλὴ.
1213 2620 1357 2653 ltemm
1373 2618 1429 2653 sic
1456 2631 1495 2655 v.

792 2677 888 2714 213.
908 2697 967 2705 —-
986 2688 1090 2726 209,
1110 2688 1201 2714 210.
1228 2674 1317 2710 Hoc
1339 2687 1360 2710 a
1386 2675 1494 2712 Mer-

788 2734 890 2774 curii
921 2733 1037 2771 furtis
1054 2732 1341 2771 adumbratum.
1360 2743 1398 2768 v.
1415 2734 1493 2768 Ho-

787 2802 884 2831 mer.
911 2792 1063 2846 Hymn.
1094 2792 1131 2830 iu
1163 2789 1340 2827 Mercur.
1373 2800 1491 2826 versS.

1253 2864 1332 2908 26*
