<?xml version="1.0" encoding="UTF-8"?>
<!DOCTYPE html PUBLIC "-//W3C//DTD XHTML 1.0 Transitional//EN"
    "http://www.w3.org/TR/xhtml1/DTD/xhtml1-transitional.dtd">
<html xmlns="http://www.w3.org/1999/xhtml" xml:lang="en" lang="en">
 <head>
  <title>
</title>
<meta http-equiv="Content-Type" content="text/html;charset=utf-8" />
  <meta name='ocr-system' content='tesseract 3.04.00' />
  <meta name='ocr-capabilities' content='ocr_page ocr_carea ocr_par ocr_line ocrx_word'/>
</head>
<body>
  <div class='ocr_page' id='page_1' title='image "./operahey03virguoft_0147.png"; bbox 0 0 1767 3054; ppageno 0'>
   <div class='ocr_carea' id='block_1_1' title="bbox 66 178 1574 839">
    <p class='ocr_par' dir='ltr' id='par_1_1' title="bbox 694 178 1574 228">
     <span class='ocr_line' id='line_1_1' title="bbox 694 178 1574 228; baseline 0 -12"><span class='ocrx_word' id='word_1_1' title='bbox 694 178 848 216; x_wconf 68' lang='lat' dir='ltr'><strong>mmm</strong></span> <span class='ocrx_word' id='word_1_2' title='bbox 878 178 951 215; x_wconf 72' lang='lat' dir='ltr'><strong>w.</strong></span> <span class='ocrx_word' id='word_1_3' title='bbox 1502 183 1574 228; x_wconf 55' lang='grc' dir='ltr'><strong>ως</strong></span> 
     </span>
    </p>

    <p class='ocr_par' dir='ltr' id='par_1_2' title="bbox 69 247 1570 615">
     <span class='ocr_line' id='line_1_2' title="bbox 71 247 1265 314; baseline -0.006 -13"><span class='ocrx_word' id='word_1_4' title='bbox 71 254 283 301; x_wconf 85' lang='lat' dir='ltr'>Tandem</span> <span class='ocrx_word' id='word_1_5' title='bbox 306 250 545 314; x_wconf 88' lang='lat' dir='ltr'><strong>conripuit</strong></span> <span class='ocrx_word' id='word_1_6' title='bbox 569 263 690 307; x_wconf 84' lang='lat' dir='ltr'><strong>sese,</strong></span> <span class='ocrx_word' id='word_1_7' title='bbox 717 260 858 310; x_wconf 88' lang='lat' dir='ltr'><strong>atque</strong></span> <span class='ocrx_word' id='word_1_8' title='bbox 879 247 1070 293; x_wconf 88' lang='lat' dir='ltr'><strong>inimica</strong></span> <span class='ocrx_word' id='word_1_9' title='bbox 1093 247 1265 311; x_wconf 80' lang='lat' dir='ltr'><strong>refugit</strong></span> 
     </span>
     <span class='ocr_line' id='line_1_3' title="bbox 72 322 1324 386; baseline -0.004 -12"><span class='ocrx_word' id='word_1_10' title='bbox 72 332 129 374; x_wconf 91' lang='lat' dir='ltr'><strong>Iu</strong></span> <span class='ocrx_word' id='word_1_11' title='bbox 154 344 316 376; x_wconf 89' lang='lat' dir='ltr'><strong>nemus</strong></span> <span class='ocrx_word' id='word_1_12' title='bbox 339 325 677 382; x_wconf 80' lang='lat' dir='ltr'>umbriferum,</span> <span class='ocrx_word' id='word_1_13' title='bbox 702 324 876 386; x_wconf 81' lang='lat' dir='ltr'><strong>conjux</strong></span> <span class='ocrx_word' id='word_1_14' title='bbox 901 322 984 369; x_wconf 89' lang='lat' dir='ltr'><strong>ubi</strong></span> <span class='ocrx_word' id='word_1_15' title='bbox 1009 323 1236 386; x_wconf 85' lang='lat' dir='ltr'><strong>pristinus</strong></span> <span class='ocrx_word' id='word_1_16' title='bbox 1258 324 1324 369; x_wconf 90' lang='lat' dir='ltr'><strong>illi</strong></span> 
     </span>
     <span class='ocr_line' id='line_1_4' title="bbox 71 399 1290 467; baseline -0.005 -16"><span class='ocrx_word' id='word_1_17' title='bbox 71 403 342 467; x_wconf 79' lang='lat' dir='ltr'>Respondet</span> <span class='ocrx_word' id='word_1_18' title='bbox 367 403 518 459; x_wconf 86' lang='lat' dir='ltr'><strong>curis,</strong></span> <span class='ocrx_word' id='word_1_19' title='bbox 542 412 792 463; x_wconf 83' lang='lat' dir='ltr'><strong>aequatque</strong></span> <span class='ocrx_word' id='word_1_20' title='bbox 815 399 1040 462; x_wconf 86' lang='lat' dir='ltr'><strong>Sychaeus</strong></span> <span class='ocrx_word' id='word_1_21' title='bbox 1066 416 1290 447; x_wconf 85' lang='lat' dir='ltr'><strong>amorem.</strong></span> 
     </span>
     <span class='ocr_line' id='line_1_5' title="bbox 69 474 1570 538; baseline -0.007 -13"><span class='ocrx_word' id='word_1_22' title='bbox 69 481 169 525; x_wconf 89' lang='lat' dir='ltr'><strong>Nec</strong></span> <span class='ocrx_word' id='word_1_23' title='bbox 186 477 340 523; x_wconf 90' lang='lat' dir='ltr'><strong>minus</strong></span> <span class='ocrx_word' id='word_1_24' title='bbox 362 480 555 534; x_wconf 86' lang='lat' dir='ltr'><strong>AEneas,</strong></span> <span class='ocrx_word' id='word_1_25' title='bbox 580 493 691 522; x_wconf 88' lang='lat' dir='ltr'><strong>casu</strong></span> <span class='ocrx_word' id='word_1_26' title='bbox 717 491 967 538; x_wconf 84' lang='lat' dir='ltr'><strong>percussus</strong></span> <span class='ocrx_word' id='word_1_27' title='bbox 987 474 1176 536; x_wconf 90' lang='lat' dir='ltr'><strong>iniquo,</strong></span> <span class='ocrx_word' id='word_1_28' title='bbox 1513 489 1570 528; x_wconf 60' lang='lat'><strong>453</strong></span> 
     </span>
     <span class='ocr_line' id='line_1_6' title="bbox 70 550 1404 615; baseline -0.001 -17"><span class='ocrx_word' id='word_1_29' title='bbox 70 553 377 615; x_wconf 80' lang='lat' dir='ltr'>Prosequitur</span> <span class='ocrx_word' id='word_1_30' title='bbox 396 552 644 598; x_wconf 86' lang='lat' dir='ltr'><strong>lacrimans</strong></span> <span class='ocrx_word' id='word_1_31' title='bbox 667 551 829 614; x_wconf 83' lang='lat' dir='ltr'><strong>longe,</strong></span> <span class='ocrx_word' id='word_1_32' title='bbox 856 560 902 596; x_wconf 91' lang='lat' dir='ltr'><strong>et</strong></span> <span class='ocrx_word' id='word_1_33' title='bbox 925 550 1177 596; x_wconf 81' lang='lat' dir='ltr'>miseratur</span> <span class='ocrx_word' id='word_1_34' title='bbox 1201 559 1404 596; x_wconf 86' lang='lat' dir='ltr'><strong>euntem.</strong></span> 
     </span>
    </p>

    <p class='ocr_par' dir='ltr' id='par_1_3' title="bbox 66 624 1389 839">
     <span class='ocr_line' id='line_1_7' title="bbox 134 624 1389 689; baseline -0.002 -15"><span class='ocrx_word' id='word_1_35' title='bbox 134 627 252 674; x_wconf 91' lang='lat' dir='ltr'><strong>Inde</strong></span> <span class='ocrx_word' id='word_1_36' title='bbox 273 628 435 674; x_wconf 86' lang='lat' dir='ltr'><strong>datum</strong></span> <span class='ocrx_word' id='word_1_37' title='bbox 457 627 650 673; x_wconf 87' lang='lat' dir='ltr'><strong>molitur</strong></span> <span class='ocrx_word' id='word_1_38' title='bbox 674 627 790 685; x_wconf 87' lang='lat' dir='ltr'><strong>iter;</strong></span> <span class='ocrx_word' id='word_1_39' title='bbox 810 627 1003 689; x_wconf 88' lang='lat' dir='ltr'><strong>jamque</strong></span> <span class='ocrx_word' id='word_1_40' title='bbox 1028 641 1141 671; x_wconf 78' lang='lat' dir='ltr'><strong>arva</strong></span> <span class='ocrx_word' id='word_1_41' title='bbox 1166 624 1389 672; x_wconf 89' lang='lat' dir='ltr'><strong>tenebant</strong></span> 
     </span>
     <span class='ocr_line' id='line_1_8' title="bbox 68 701 1227 784; baseline -0.001 -37"><span class='ocrx_word' id='word_1_42' title='bbox 68 702 268 760; x_wconf 87' lang='lat' dir='ltr'><strong>Ultima,</strong></span> <span class='ocrx_word' id='word_1_43' title='bbox 293 719 398 764; x_wconf 86' lang='lat' dir='ltr'><strong>quae</strong></span> <span class='ocrx_word' id='word_1_44' title='bbox 422 701 548 748; x_wconf 91' lang='lat' dir='ltr'><strong>bello</strong></span> <span class='ocrx_word' id='word_1_45' title='bbox 573 702 687 748; x_wconf 86' lang='lat' dir='ltr'><strong>clari</strong></span> <span class='ocrx_word' id='word_1_46' title='bbox 711 712 891 748; x_wconf 83' lang='lat' dir='ltr'><strong>secreta</strong></span> <span class='ocrx_word' id='word_1_47' title='bbox 913 702 1227 784; x_wconf 82' lang='lat' dir='ltr'><strong>frequentant.</strong></span> 
     </span>
     <span class='ocr_line' id='line_1_9' title="bbox 66 776 1208 839; baseline 0 -17"><span class='ocrx_word' id='word_1_48' title='bbox 66 776 157 822; x_wconf 83' lang='lat' dir='ltr'><strong>Hic</strong></span> <span class='ocrx_word' id='word_1_49' title='bbox 182 777 248 822; x_wconf 93' lang='lat' dir='ltr'><strong>illi</strong></span> <span class='ocrx_word' id='word_1_50' title='bbox 271 777 480 823; x_wconf 79' lang='lat' dir='ltr'><strong>occuirit</strong></span> <span class='ocrx_word' id='word_1_51' title='bbox 502 777 715 839; x_wconf 85' lang='lat' dir='ltr'><strong>Tydeus,</strong></span> <span class='ocrx_word' id='word_1_52' title='bbox 736 776 814 822; x_wconf 90' lang='lat' dir='ltr'><strong>hic</strong></span> <span class='ocrx_word' id='word_1_53' title='bbox 838 777 1041 823; x_wconf 85' lang='lat' dir='ltr'><strong>inclutus</strong></span> <span class='ocrx_word' id='word_1_54' title='bbox 1067 777 1208 822; x_wconf 75' lang='lat' dir='ltr'><strong>almis</strong></span> 
     </span>
    </p>
   </div>
   <div class='ocr_carea' id='block_1_2' title="bbox 67 853 1173 936">
    <p class='ocr_par' dir='ltr' id='par_1_4' title="bbox 67 853 1173 936">
     <span class='ocr_line' id='line_1_10' title="bbox 67 853 1173 936; baseline 0.001 -39"><span class='ocrx_word' id='word_1_55' title='bbox 67 853 458 916; x_wconf 64' lang='lat' dir='ltr'><strong>Parthenopaeus,</strong></span> <span class='ocrx_word' id='word_1_56' title='bbox 485 863 530 898; x_wconf 91' lang='lat' dir='ltr'><strong>et</strong></span> <span class='ocrx_word' id='word_1_57' title='bbox 551 853 742 900; x_wconf 82' lang='lat' dir='ltr'>Adrasti</span> <span class='ocrx_word' id='word_1_58' title='bbox 762 853 1013 936; x_wconf 84' lang='lat' dir='ltr'><strong>pallentis</strong></span> <span class='ocrx_word' id='word_1_59' title='bbox 1002 868 1173 915; x_wconf 82' lang='lat' dir='ltr'><strong>imago.</strong></span> 
     </span>
    </p>
   </div>
   <div class='ocr_carea' id='block_1_3' title="bbox 1508 864 1568 899">
    <p class='ocr_par' dir='ltr' id='par_1_5' title="bbox 1508 864 1568 899">
     <span class='ocr_line' id='line_1_11' title="bbox 1508 864 1568 899; baseline -0.033 -6"><span class='ocrx_word' id='word_1_60' title='bbox 1508 864 1568 899; x_wconf 63' lang='lat'><strong>430</strong></span> 
     </span>
    </p>
   </div>
   <div class='ocr_carea' id='block_1_4' title="bbox 31 915 1568 1141">
    <p class='ocr_par' dir='ltr' id='par_1_6' title="bbox 31 915 1568 1141">
     <span class='ocr_line' id='line_1_12' title="bbox 68 915 1260 1012; baseline -0.001 -38"><span class='ocrx_word' id='word_1_61' title='bbox 68 929 158 974; x_wconf 88' lang='lat' dir='ltr'><strong>Hic</strong></span> <span class='ocrx_word' id='word_1_62' title='bbox 179 929 378 975; x_wconf 85' lang='lat' dir='ltr'><strong>multum</strong></span> <span class='ocrx_word' id='word_1_63' title='bbox 401 928 498 974; x_wconf 88' lang='lat' dir='ltr'><strong>fleti</strong></span> <span class='ocrx_word' id='word_1_64' title='bbox 524 928 583 974; x_wconf 88' lang='lat' dir='ltr'><strong>ad</strong></span> <span class='ocrx_word' id='word_1_65' title='bbox 604 945 825 1012; x_wconf 83' lang='lat' dir='ltr'><strong>superos,</strong></span> <span class='ocrx_word' id='word_1_66' title='bbox 848 915 1068 991; x_wconf 88' lang='lat' dir='ltr'><strong>belloque</strong></span> <span class='ocrx_word' id='word_1_67' title='bbox 1093 926 1260 974; x_wconf 83' lang='lat' dir='ltr'>caduci</span> 
     </span>
     <span class='ocr_line' id='line_1_13' title="bbox 66 1003 1370 1066; baseline -0.001 -17"><span class='ocrx_word' id='word_1_68' title='bbox 66 1003 383 1050; x_wconf 84' lang='lat' dir='ltr'><strong>Dardanidae:</strong></span> <span class='ocrx_word' id='word_1_69' title='bbox 407 1019 526 1065; x_wconf 87' lang='lat' dir='ltr'><strong>quos</strong></span> <span class='ocrx_word' id='word_1_70' title='bbox 545 1003 623 1050; x_wconf 92' lang='lat' dir='ltr'><strong>ille</strong></span> <span class='ocrx_word' id='word_1_71' title='bbox 647 1005 797 1050; x_wconf 85' lang='lat' dir='ltr'><strong>omnis</strong></span> <span class='ocrx_word' id='word_1_72' title='bbox 821 1005 912 1049; x_wconf 93' lang='lat' dir='ltr'><strong>lon</strong></span> <span class='ocrx_word' id='word_1_73' title='bbox 903 1020 962 1066; x_wconf 81' lang='lat' dir='ltr'><strong>go</strong></span> <span class='ocrx_word' id='word_1_74' title='bbox 986 1020 1042 1049; x_wconf 91' lang='grc' dir='ltr'><strong>οι</strong></span> <span class='ocrx_word' id='word_1_75' title='bbox 1045 1004 1153 1050; x_wconf 80' lang='lat' dir='ltr'><strong>dine</strong></span> <span class='ocrx_word' id='word_1_76' title='bbox 1175 1020 1370 1050; x_wconf 79' lang='lat' dir='ltr'><strong>ceinens</strong></span> 
     </span>
     <span class='ocr_line' id='line_1_14' title="bbox 31 1077 1568 1141; baseline -0.001 -15"><span class='ocrx_word' id='word_1_77' title='bbox 31 1086 39 1091; x_wconf 65' lang='lat'><strong><em>⁴</em></strong></span> <span class='ocrx_word' id='word_1_78' title='bbox 66 1079 324 1141; x_wconf 82' lang='lat' dir='ltr'><strong>Ingemuit,</strong></span> <span class='ocrx_word' id='word_1_79' title='bbox 350 1080 700 1141; x_wconf 83' lang='lat' dir='ltr'><strong>Glaucumque,</strong></span> <span class='ocrx_word' id='word_1_80' title='bbox 720 1079 1066 1141; x_wconf 83' lang='lat' dir='ltr'><strong>Medontaque,</strong></span> <span class='ocrx_word' id='word_1_81' title='bbox 1087 1077 1568 1140; x_wconf 84' lang='lat' dir='ltr'><strong>Thersilochumque,</strong></span> 
     </span>
    </p>
   </div>
   <div class='ocr_carea' id='block_1_5' title="bbox 24 1266 789 2876">
    <p class='ocr_par' dir='ltr' id='par_1_7' title="bbox 24 1266 789 2347">
     <span class='ocr_line' id='line_1_15' title="bbox 68 1266 787 1336; baseline 0.003 -30"><span class='ocrx_word' id='word_1_82' title='bbox 68 1267 131 1321; x_wconf 63' lang='grc' dir='ltr'><strong>ἄρα</strong></span> <span class='ocrx_word' id='word_1_83' title='bbox 137 1267 325 1321; x_wconf 66' lang='lat' dir='ltr'><strong>;Hip0‚u</strong></span> <span class='ocrx_word' id='word_1_84' title='bbox 333 1266 417 1336; x_wconf 64' lang='lat' dir='ltr'><strong>&amp;Q&#39;</strong></span> <span class='ocrx_word' id='word_1_85' title='bbox 442 1268 787 1310; x_wconf 64' lang='grc' dir='ltr'><strong>,ιοιὶθιεα</strong></span> 
     </span>
     <span class='ocr_line' id='line_1_16' title="bbox 69 1325 750 1380; baseline 0.002 -17"><span class='ocrx_word' id='word_1_86' title='bbox 69 1339 109 1380; x_wconf 56' lang='grc' dir='ltr'><strong>ρ’.</strong></span> <span class='ocrx_word' id='word_1_87' title='bbox 97 1339 212 1364; x_wconf 75' lang='grc' dir='ltr'><strong>νται.</strong></span> <span class='ocrx_word' id='word_1_88' title='bbox 254 1325 271 1363; x_wconf 77' lang='grc' dir='ltr'><em>ὁ</em></span> <span class='ocrx_word' id='word_1_89' title='bbox 307 1325 472 1380; x_wconf 61' lang='lat' dir='ltr'><strong>cin-Arm?</strong></span> <span class='ocrx_word' id='word_1_90' title='bbox 518 1325 750 1380; x_wconf 64' lang='grc' dir='ltr'>Μπρπῃσσιο</span> 
     </span>
     <span class='ocr_line' id='line_1_17' title="bbox 66 1357 786 1436; baseline 0 -14"><span class='ocrx_word' id='word_1_91' title='bbox 66 1385 158 1423; x_wconf 81' lang='lat' dir='ltr'><strong>Alia</strong></span> <span class='ocrx_word' id='word_1_92' title='bbox 190 1387 337 1422; x_wconf 89' lang='lat' dir='ltr'><strong>montis</strong></span> <span class='ocrx_word' id='word_1_93' title='bbox 358 1398 447 1435; x_wconf 84' lang='lat' dir='ltr'><strong>pars</strong></span> <span class='ocrx_word' id='word_1_94' title='bbox 481 1385 642 1436; x_wconf 73' lang='lat' dir='ltr'><strong>Lrgdus</strong></span> <span class='ocrx_word' id='word_1_95' title='bbox 667 1399 681 1422; x_wconf 93' lang='lat'><strong>.·</strong></span> <span class='ocrx_word' id='word_1_96' title='bbox 705 1357 786 1424; x_wconf 75' lang='lat' dir='ltr'><strong>vid.</strong></span> 
     </span>
     <span class='ocr_line' id='line_1_18' title="bbox 66 1443 788 1488; baseline 0 -8"><span class='ocrx_word' id='word_1_97' title='bbox 66 1443 169 1481; x_wconf 89' lang='lat' dir='ltr'><strong>Plin.</strong></span> <span class='ocrx_word' id='word_1_98' title='bbox 191 1444 371 1480; x_wconf 81' lang='lat' dir='ltr'>XXXVI</span> <span class='ocrx_word' id='word_1_99' title='bbox 385 1471 395 1488; x_wconf 92' lang='lat'>‚</span> <span class='ocrx_word' id='word_1_100' title='bbox 414 1456 445 1479; x_wconf 79' lang='lat' dir='ltr'><strong>s·</strong></span> <span class='ocrx_word' id='word_1_101' title='bbox 472 1444 536 1480; x_wconf 86' lang='lat'><strong>13.</strong></span> <span class='ocrx_word' id='word_1_102' title='bbox 555 1445 623 1480; x_wconf 85' lang='lat' dir='ltr'><strong>Est</strong></span> <span class='ocrx_word' id='word_1_103' title='bbox 635 1452 673 1480; x_wconf 91' lang='lat' dir='ltr'><strong>et</strong></span> <span class='ocrx_word' id='word_1_104' title='bbox 691 1444 788 1481; x_wconf 87' lang='lat' dir='ltr'><strong>urbs</strong></span> 
     </span>
     <span class='ocr_line' id='line_1_19' title="bbox 65 1499 788 1550; baseline 0.003 -13"><span class='ocrx_word' id='word_1_105' title='bbox 65 1501 292 1550; x_wconf 83' lang='lat' dir='ltr'><strong>Marpessus</strong></span> <span class='ocrx_word' id='word_1_106' title='bbox 309 1502 352 1537; x_wconf 87' lang='lat' dir='ltr'><strong>in</strong></span> <span class='ocrx_word' id='word_1_107' title='bbox 371 1499 525 1538; x_wconf 82' lang='lat' dir='ltr'><strong>Troade</strong></span> <span class='ocrx_word' id='word_1_108' title='bbox 541 1512 551 1538; x_wconf 91' lang='lat'><strong>:</strong></span> <span class='ocrx_word' id='word_1_109' title='bbox 575 1500 655 1539; x_wconf 65' lang='lat' dir='ltr'><strong>vid.</strong></span> <span class='ocrx_word' id='word_1_110' title='bbox 675 1504 788 1539; x_wconf 88' lang='lat' dir='ltr'><strong>Paus.</strong></span> 
     </span>
     <span class='ocr_line' id='line_1_20' title="bbox 67 1558 786 1608; baseline 0 -12"><span class='ocrx_word' id='word_1_111' title='bbox 67 1560 132 1604; x_wconf 85' lang='lat' dir='ltr'><strong>X,</strong></span> <span class='ocrx_word' id='word_1_112' title='bbox 171 1570 217 1594; x_wconf 84' lang='lat'><strong>12</strong></span> <span class='ocrx_word' id='word_1_113' title='bbox 238 1585 249 1604; x_wconf 93' lang='lat'><strong>,</strong></span> <span class='ocrx_word' id='word_1_114' title='bbox 280 1571 322 1608; x_wconf 89' lang='lat' dir='ltr'><strong>p.</strong></span> <span class='ocrx_word' id='word_1_115' title='bbox 356 1558 464 1605; x_wconf 86' lang='lat'><strong>826,</strong></span> <span class='ocrx_word' id='word_1_116' title='bbox 499 1559 671 1606; x_wconf 81' lang='lat'><strong>827.—-</strong></span> <span class='ocrx_word' id='word_1_117' title='bbox 691 1567 786 1607; x_wconf 78' lang='lat'><strong>472.</strong></span> 
     </span>
     <span class='ocr_line' id='line_1_21' title="bbox 71 1615 788 1667; baseline 0.001 -14"><span class='ocrx_word' id='word_1_118' title='bbox 71 1615 268 1665; x_wconf 79' lang='lat' dir='ltr'><strong>Corripuit</strong></span> <span class='ocrx_word' id='word_1_119' title='bbox 285 1617 422 1654; x_wconf 85' lang='lat' dir='ltr'><strong>Heins.</strong></span> <span class='ocrx_word' id='word_1_120' title='bbox 442 1619 643 1654; x_wconf 80' lang='lat' dir='ltr'><strong>revocavit</strong></span> <span class='ocrx_word' id='word_1_121' title='bbox 654 1646 665 1664; x_wconf 97' lang='lat'><strong>,</strong></span> <span class='ocrx_word' id='word_1_122' title='bbox 677 1616 788 1667; x_wconf 89' lang='lat' dir='ltr'><strong>quod</strong></span> 
     </span>
     <span class='ocr_line' id='line_1_22' title="bbox 66 1673 788 1726; baseline 0.003 -16"><span class='ocrx_word' id='word_1_123' title='bbox 66 1673 188 1711; x_wconf 87' lang='lat' dir='ltr'><strong>habet</strong></span> <span class='ocrx_word' id='word_1_124' title='bbox 232 1675 577 1724; x_wconf 83' lang='lat' dir='ltr'><strong>praestantissimus</strong></span> <span class='ocrx_word' id='word_1_125' title='bbox 619 1676 788 1726; x_wconf 85' lang='lat' dir='ltr'><strong>quisque</strong></span> 
     </span>
     <span class='ocr_line' id='line_1_23' title="bbox 68 1731 787 1784; baseline 0.004 -16"><span class='ocrx_word' id='word_1_126' title='bbox 68 1731 211 1770; x_wconf 85' lang='lat' dir='ltr'><strong>codex.</strong></span> <span class='ocrx_word' id='word_1_127' title='bbox 230 1732 314 1769; x_wconf 86' lang='lat' dir='ltr'><strong>Alii</strong></span> <span class='ocrx_word' id='word_1_128' title='bbox 326 1732 550 1783; x_wconf 80' lang='lat' dir='ltr'><strong>proripuit,</strong></span> <span class='ocrx_word' id='word_1_129' title='bbox 573 1732 682 1784; x_wconf 90' lang='lat' dir='ltr'><strong>quod</strong></span> <span class='ocrx_word' id='word_1_130' title='bbox 698 1734 787 1771; x_wconf 82' lang='lat' dir='ltr'><strong>vul-</strong></span> 
     </span>
     <span class='ocr_line' id='line_1_24' title="bbox 68 1789 789 1841; baseline 0.003 -15"><span class='ocrx_word' id='word_1_131' title='bbox 68 1802 158 1840; x_wconf 84' lang='lat' dir='ltr'><strong>gare</strong></span> <span class='ocrx_word' id='word_1_132' title='bbox 169 1798 227 1827; x_wconf 82' lang='lat' dir='ltr'><strong>est</strong></span> <span class='ocrx_word' id='word_1_133' title='bbox 236 1789 412 1840; x_wconf 80' lang='lat' dir='ltr'><strong>adeoque</strong></span> <span class='ocrx_word' id='word_1_134' title='bbox 428 1790 588 1828; x_wconf 85' lang='lat' dir='ltr'><strong>alterius</strong></span> <span class='ocrx_word' id='word_1_135' title='bbox 599 1793 789 1841; x_wconf 89' lang='lat' dir='ltr'><strong>interpre-</strong></span> 
     </span>
     <span class='ocr_line' id='line_1_25' title="bbox 69 1848 783 1899; baseline 0.001 -15"><span class='ocrx_word' id='word_1_136' title='bbox 69 1855 301 1885; x_wconf 83' lang='lat' dir='ltr'><strong>tamentum.</strong></span> <span class='ocrx_word' id='word_1_137' title='bbox 314 1869 372 1876; x_wconf 87' lang='grc'><strong>--</strong></span> <span class='ocrx_word' id='word_1_138' title='bbox 391 1850 486 1895; x_wconf 80' lang='grc'><strong>473.</strong></span> <span class='ocrx_word' id='word_1_139' title='bbox 509 1848 665 1899; x_wconf 74' lang='lat' dir='ltr'><strong>Conjux</strong></span> <span class='ocrx_word' id='word_1_140' title='bbox 692 1849 759 1885; x_wconf 78' lang='lat' dir='ltr'><strong>ubi</strong></span> <span class='ocrx_word' id='word_1_141' title='bbox 772 1877 783 1894; x_wconf 92' lang='lat'><strong>,</strong></span> 
     </span>
     <span class='ocr_line' id='line_1_26' title="bbox 70 1904 787 1957; baseline 0.006 -17"><span class='ocrx_word' id='word_1_142' title='bbox 70 1918 119 1941; x_wconf 85' lang='lat' dir='ltr'><strong>an</strong></span> <span class='ocrx_word' id='word_1_143' title='bbox 144 1904 193 1941; x_wconf 90' lang='lat' dir='ltr'><strong>de</strong></span> <span class='ocrx_word' id='word_1_144' title='bbox 213 1907 333 1942; x_wconf 81' lang='lat' dir='ltr'><strong>AEnea</strong></span> <span class='ocrx_word' id='word_1_145' title='bbox 351 1907 565 1942; x_wconf 78' lang='lat' dir='ltr'><strong>narraverit</strong></span> <span class='ocrx_word' id='word_1_146' title='bbox 583 1906 691 1944; x_wconf 88' lang='lat' dir='ltr'><strong>Dido</strong></span> <span class='ocrx_word' id='word_1_147' title='bbox 714 1909 787 1957; x_wconf 72' lang='lat' dir='ltr'><strong>Sy-</strong></span> 
     </span>
     <span class='ocr_line' id='line_1_27' title="bbox 69 1961 787 2010; baseline 0.004 -12"><span class='ocrx_word' id='word_1_148' title='bbox 69 1962 199 2007; x_wconf 82' lang='lat' dir='ltr'><strong>chaeo,</strong></span> <span class='ocrx_word' id='word_1_149' title='bbox 233 1961 357 1999; x_wconf 86' lang='lat' dir='ltr'><strong>nolim</strong></span> <span class='ocrx_word' id='word_1_150' title='bbox 384 1961 666 2001; x_wconf 82' lang='lat' dir='ltr'><strong>affirmare.—-</strong></span> <span class='ocrx_word' id='word_1_151' title='bbox 691 1965 787 2010; x_wconf 79' lang='lat'><strong>475.</strong></span> 
     </span>
     <span class='ocr_line' id='line_1_28' title="bbox 69 2018 789 2070; baseline 0.001 -14"><span class='ocrx_word' id='word_1_152' title='bbox 69 2020 231 2070; x_wconf 81' lang='lat' dir='ltr'><strong>Duplex</strong></span> <span class='ocrx_word' id='word_1_153' title='bbox 241 2018 362 2057; x_wconf 79' lang='lat' dir='ltr'><strong>codd.</strong></span> <span class='ocrx_word' id='word_1_154' title='bbox 375 2020 519 2056; x_wconf 84' lang='lat' dir='ltr'><strong>familia</strong></span> <span class='ocrx_word' id='word_1_155' title='bbox 534 2031 544 2057; x_wconf 76' lang='grc' dir='ltr'>ε</span> <span class='ocrx_word' id='word_1_156' title='bbox 561 2023 677 2059; x_wconf 89' lang='lat' dir='ltr'><strong>Rom.</strong></span> <span class='ocrx_word' id='word_1_157' title='bbox 696 2034 789 2057; x_wconf 89' lang='lat' dir='ltr'><strong>cum</strong></span> 
     </span>
     <span class='ocr_line' id='line_1_29' title="bbox 69 2077 788 2128; baseline 0 -13"><span class='ocrx_word' id='word_1_158' title='bbox 69 2078 153 2115; x_wconf 86' lang='lat' dir='ltr'><strong>aliis</strong></span> <span class='ocrx_word' id='word_1_159' title='bbox 172 2091 398 2128; x_wconf 83' lang='lat' dir='ltr'><strong>percussus,</strong></span> <span class='ocrx_word' id='word_1_160' title='bbox 430 2077 578 2115; x_wconf 88' lang='lat' dir='ltr'><strong>Medic.</strong></span> <span class='ocrx_word' id='word_1_161' title='bbox 605 2091 695 2115; x_wconf 89' lang='lat' dir='ltr'><strong>cum</strong></span> <span class='ocrx_word' id='word_1_162' title='bbox 718 2091 788 2115; x_wconf 90' lang='lat' dir='ltr'><strong>sua</strong></span> 
     </span>
     <span class='ocr_line' id='line_1_30' title="bbox 24 2133 785 2185; baseline 0.003 -13"><span class='ocrx_word' id='word_1_163' title='bbox 24 2133 32 2141; x_wconf 82' lang='grc'><strong><em>’</em></strong></span> <span class='ocrx_word' id='word_1_164' title='bbox 67 2144 172 2172; x_wconf 84' lang='lat' dir='ltr'><strong>secta</strong></span> <span class='ocrx_word' id='word_1_165' title='bbox 184 2148 390 2173; x_wconf 80' lang='lat' dir='ltr'><strong>concussus</strong></span> <span class='ocrx_word' id='word_1_166' title='bbox 402 2164 412 2180; x_wconf 89' lang='lat'><strong>,</strong></span> <span class='ocrx_word' id='word_1_167' title='bbox 424 2149 545 2185; x_wconf 89' lang='lat' dir='ltr'><strong>quem</strong></span> <span class='ocrx_word' id='word_1_168' title='bbox 557 2134 597 2173; x_wconf 90' lang='lat' dir='ltr'><strong>h.</strong></span> <span class='ocrx_word' id='word_1_169' title='bbox 610 2135 638 2174; x_wconf 91' lang='lat' dir='ltr'><strong>l.</strong></span> <span class='ocrx_word' id='word_1_170' title='bbox 649 2138 785 2175; x_wconf 78' lang='lat' dir='ltr'><strong>Heius.</strong></span> 
     </span>
     <span class='ocr_line' id='line_1_31' title="bbox 67 2192 786 2243; baseline 0.003 -13"><span class='ocrx_word' id='word_1_171' title='bbox 67 2192 254 2231; x_wconf 88' lang='lat' dir='ltr'><strong>deseruit.</strong></span> <span class='ocrx_word' id='word_1_172' title='bbox 282 2193 414 2243; x_wconf 66' lang='lat' dir='ltr'><strong>Vulgo</strong></span> <span class='ocrx_word' id='word_1_173' title='bbox 439 2193 657 2243; x_wconf 83' lang='lat' dir='ltr'><strong>perculsus.</strong></span> <span class='ocrx_word' id='word_1_174' title='bbox 690 2198 786 2232; x_wconf 88' lang='lat' dir='ltr'><strong>Per-</strong></span> 
     </span>
     <span class='ocr_line' id='line_1_32' title="bbox 65 2251 781 2302; baseline 0 -14"><span class='ocrx_word' id='word_1_175' title='bbox 65 2264 179 2288; x_wconf 83' lang='lat' dir='ltr'><strong>cusus</strong></span> <span class='ocrx_word' id='word_1_176' title='bbox 206 2251 376 2289; x_wconf 73' lang='lat' dir='ltr'><strong>Dorvill.</strong></span> <span class='ocrx_word' id='word_1_177' title='bbox 401 2264 421 2288; x_wconf 93' lang='lat' dir='ltr'><strong>a</strong></span> <span class='ocrx_word' id='word_1_178' title='bbox 448 2264 499 2289; x_wconf 87' lang='lat' dir='ltr'><strong>m.</strong></span> <span class='ocrx_word' id='word_1_179' title='bbox 524 2264 585 2302; x_wconf 88' lang='lat' dir='ltr'><strong>pr.</strong></span> <span class='ocrx_word' id='word_1_180' title='bbox 600 2265 645 2302; x_wconf 89' lang='lat' dir='ltr'><strong>p.</strong></span> <span class='ocrx_word' id='word_1_181' title='bbox 669 2265 781 2290; x_wconf 85' lang='lat' dir='ltr'><strong>acer-</strong></span> 
     </span>
     <span class='ocr_line' id='line_1_33' title="bbox 66 2308 300 2347; baseline 0.004 -2"><span class='ocrx_word' id='word_1_182' title='bbox 66 2308 115 2346; x_wconf 81' lang='lat' dir='ltr'><strong>bo</strong></span> <span class='ocrx_word' id='word_1_183' title='bbox 130 2308 300 2347; x_wconf 85' lang='lat' dir='ltr'><strong>Dorvill.</strong></span> 
     </span>
    </p>

    <p class='ocr_par' dir='ltr' id='par_1_8' title="bbox 60 2367 783 2876">
     <span class='ocr_line' id='line_1_34' title="bbox 126 2367 782 2417; baseline 0 -12"><span class='ocrx_word' id='word_1_184' title='bbox 126 2374 223 2415; x_wconf 78' lang='grc'><strong>477.</strong></span> <span class='ocrx_word' id='word_1_185' title='bbox 261 2367 439 2405; x_wconf 82' lang='lat' dir='ltr'><strong>Tenebat</strong></span> <span class='ocrx_word' id='word_1_186' title='bbox 471 2368 622 2417; x_wconf 87' lang='lat' dir='ltr'><strong>aliquot</strong></span> <span class='ocrx_word' id='word_1_187' title='bbox 659 2368 782 2405; x_wconf 86' lang='lat' dir='ltr'><strong>Hein-</strong></span> 
     </span>
     <span class='ocr_line' id='line_1_35' title="bbox 64 2423 783 2471; baseline 0 -9"><span class='ocrx_word' id='word_1_188' title='bbox 64 2426 186 2471; x_wconf 76' lang='lat' dir='ltr'><strong>siani,</strong></span> <span class='ocrx_word' id='word_1_189' title='bbox 205 2433 243 2462; x_wconf 82' lang='lat' dir='ltr'><strong>et</strong></span> <span class='ocrx_word' id='word_1_190' title='bbox 262 2423 437 2462; x_wconf 80' lang='lat' dir='ltr'><strong>defendit</strong></span> <span class='ocrx_word' id='word_1_191' title='bbox 454 2425 718 2463; x_wconf 81' lang='lat' dir='ltr'><strong>Marklandus</strong></span> <span class='ocrx_word' id='word_1_192' title='bbox 734 2425 783 2462; x_wconf 87' lang='lat' dir='ltr'><strong>ad</strong></span> 
     </span>
     <span class='ocr_line' id='line_1_36' title="bbox 64 2483 780 2533; baseline 0 -12"><span class='ocrx_word' id='word_1_193' title='bbox 64 2485 160 2522; x_wconf 87' lang='lat' dir='ltr'><strong>Stat.</strong></span> <span class='ocrx_word' id='word_1_194' title='bbox 190 2496 231 2533; x_wconf 91' lang='lat' dir='ltr'><strong>p.</strong></span> <span class='ocrx_word' id='word_1_195' title='bbox 257 2483 354 2527; x_wconf 75' lang='lat'><strong>264.</strong></span> <span class='ocrx_word' id='word_1_196' title='bbox 378 2485 505 2522; x_wconf 84' lang='lat' dir='ltr'><strong>Possit</strong></span> <span class='ocrx_word' id='word_1_197' title='bbox 523 2496 614 2520; x_wconf 87' lang='lat' dir='ltr'><strong>sane</strong></span> <span class='ocrx_word' id='word_1_198' title='bbox 642 2492 680 2520; x_wconf 90' lang='lat' dir='ltr'><strong>et</strong></span> <span class='ocrx_word' id='word_1_199' title='bbox 702 2483 780 2521; x_wconf 89' lang='lat' dir='ltr'><strong>hoc</strong></span> 
     </span>
     <span class='ocr_line' id='line_1_37' title="bbox 64 2539 779 2591; baseline 0.003 -15"><span class='ocrx_word' id='word_1_200' title='bbox 64 2539 158 2577; x_wconf 80' lang='lat' dir='ltr'><strong>ferri</strong></span> <span class='ocrx_word' id='word_1_201' title='bbox 199 2540 248 2577; x_wconf 91' lang='lat' dir='ltr'><strong>de</strong></span> <span class='ocrx_word' id='word_1_202' title='bbox 281 2540 369 2578; x_wconf 87' lang='lat' dir='ltr'><strong>solo</strong></span> <span class='ocrx_word' id='word_1_203' title='bbox 387 2545 524 2579; x_wconf 73' lang='lat' dir='ltr'><strong>,ffinea</strong></span> <span class='ocrx_word' id='word_1_204' title='bbox 547 2569 558 2587; x_wconf 95' lang='lat'><strong>,</strong></span> <span class='ocrx_word' id='word_1_205' title='bbox 597 2542 779 2591; x_wconf 88' lang='lat' dir='ltr'><strong>inprimis</strong></span> 
     </span>
     <span class='ocr_line' id='line_1_38' title="bbox 63 2597 779 2649; baseline 0.001 -15"><span class='ocrx_word' id='word_1_206' title='bbox 63 2606 228 2648; x_wconf 87' lang='lat' dir='ltr'><strong>propter</strong></span> <span class='ocrx_word' id='word_1_207' title='bbox 244 2597 309 2635; x_wconf 78' lang='lat' dir='ltr'><em>illi</em></span> <span class='ocrx_word' id='word_1_208' title='bbox 327 2599 372 2635; x_wconf 89' lang='lat' dir='ltr'><strong>in</strong></span> <span class='ocrx_word' id='word_1_209' title='bbox 395 2612 433 2636; x_wconf 72' lang='lat' dir='ltr'><strong>v.</strong></span> <span class='ocrx_word' id='word_1_210' title='bbox 455 2605 552 2649; x_wconf 76' lang='lat'><strong>479.</strong></span> <span class='ocrx_word' id='word_1_211' title='bbox 569 2598 646 2637; x_wconf 88' lang='lat' dir='ltr'><strong>Sed</strong></span> <span class='ocrx_word' id='word_1_212' title='bbox 667 2599 779 2649; x_wconf 89' lang='lat' dir='ltr'><strong>quid·</strong></span> 
     </span>
     <span class='ocr_line' id='line_1_39' title="bbox 63 2656 774 2707; baseline 0.001 -15"><span class='ocrx_word' id='word_1_213' title='bbox 63 2656 108 2692; x_wconf 85' lang='lat' dir='ltr'><strong>ni</strong></span> <span class='ocrx_word' id='word_1_214' title='bbox 140 2663 179 2693; x_wconf 86' lang='lat' dir='ltr'><strong>et</strong></span> <span class='ocrx_word' id='word_1_215' title='bbox 205 2657 290 2706; x_wconf 81' lang='lat' dir='ltr'><strong>ipsa</strong></span> <span class='ocrx_word' id='word_1_216' title='bbox 318 2656 470 2707; x_wconf 78' lang='lat' dir='ltr'><strong>Sibylla</strong></span> <span class='ocrx_word' id='word_1_217' title='bbox 500 2665 774 2705; x_wconf 81' lang='lat' dir='ltr'><strong>accenseatur,</strong></span> 
     </span>
     <span class='ocr_line' id='line_1_40' title="bbox 64 2713 774 2762; baseline 0.001 -13"><span class='ocrx_word' id='word_1_218' title='bbox 64 2719 111 2748; x_wconf 82' lang='lat' dir='ltr'><strong>ut</strong></span> <span class='ocrx_word' id='word_1_219' title='bbox 138 2714 265 2751; x_wconf 44' lang='lat' dir='ltr'><strong>toties*</strong></span> <span class='ocrx_word' id='word_1_220' title='bbox 283 2713 403 2752; x_wconf 82' lang='lat' dir='ltr'><strong>alibi?</strong></span> <span class='ocrx_word' id='word_1_221' title='bbox 424 2735 482 2742; x_wconf 92' lang='lat'>—</span> <span class='ocrx_word' id='word_1_222' title='bbox 503 2721 582 2762; x_wconf 75' lang='lat'><strong>477</strong></span> <span class='ocrx_word' id='word_1_223' title='bbox 602 2736 661 2744; x_wconf 90' lang='lat'><strong>—-</strong></span> <span class='ocrx_word' id='word_1_224' title='bbox 679 2715 774 2759; x_wconf 77' lang='lat'><strong>534.</strong></span> 
     </span>
     <span class='ocr_line' id='line_1_41' title="bbox 64 2769 775 2824; baseline 0.006 -19"><span class='ocrx_word' id='word_1_225' title='bbox 64 2769 202 2808; x_wconf 77' lang='lat' dir='ltr'><strong>AEneas</strong></span> <span class='ocrx_word' id='word_1_226' title='bbox 237 2783 346 2809; x_wconf 84' lang='lat' dir='ltr'><strong>nunc</strong></span> <span class='ocrx_word' id='word_1_227' title='bbox 380 2780 560 2824; x_wconf 79' lang='lat' dir='ltr'><strong>peragrat</strong></span> <span class='ocrx_word' id='word_1_228' title='bbox 592 2785 775 2823; x_wconf 89' lang='lat' dir='ltr'><strong>eampum</strong></span> 
     </span>
     <span class='ocr_line' id='line_1_42' title="bbox 60 2826 774 2876; baseline 0.006 -12"><span class='ocrx_word' id='word_1_229' title='bbox 60 2826 284 2876; x_wconf 81' lang='lat' dir='ltr'><strong>priscorum</strong></span> <span class='ocrx_word' id='word_1_230' title='bbox 308 2827 491 2869; x_wconf 84' lang='lat' dir='ltr'><strong>heroum.</strong></span> <span class='ocrx_word' id='word_1_231' title='bbox 517 2831 666 2869; x_wconf 84' lang='lat' dir='ltr'><strong>Datum</strong></span> <span class='ocrx_word' id='word_1_232' title='bbox 683 2831 774 2868; x_wconf 87' lang='lat' dir='ltr'><strong>sim-</strong></span> 
     </span>
    </p>
   </div>
   <div class='ocr_carea' id='block_1_6' title="bbox 841 1271 1604 2883">
    <p class='ocr_par' dir='ltr' id='par_1_9' title="bbox 851 1271 1604 2304">
     <span class='ocr_line' id='line_1_43' title="bbox 853 1271 1574 1321; baseline 0.001 -14"><span class='ocrx_word' id='word_1_233' title='bbox 853 1271 945 1320; x_wconf 89' lang='lat' dir='ltr'><strong>plic.</strong></span> <span class='ocrx_word' id='word_1_234' title='bbox 978 1272 1131 1320; x_wconf 87' lang='lat' dir='ltr'><strong>accipe,</strong></span> <span class='ocrx_word' id='word_1_235' title='bbox 1159 1284 1238 1320; x_wconf 88' lang='lat' dir='ltr'><strong>qua</strong></span> <span class='ocrx_word' id='word_1_236' title='bbox 1260 1272 1323 1307; x_wconf 75' lang='lat' dir='ltr'><strong>via</strong></span> <span class='ocrx_word' id='word_1_237' title='bbox 1350 1279 1476 1321; x_wconf 90' lang='lat' dir='ltr'><strong>patet,</strong></span> <span class='ocrx_word' id='word_1_238' title='bbox 1499 1271 1574 1308; x_wconf 84' lang='lat' dir='ltr'><strong>du-</strong></span> 
     </span>
     <span class='ocr_line' id='line_1_44' title="bbox 855 1328 1604 1380; baseline 0.001 -15"><span class='ocrx_word' id='word_1_239' title='bbox 855 1330 921 1366; x_wconf 88' lang='lat' dir='ltr'><strong>cit.</strong></span> <span class='ocrx_word' id='word_1_240' title='bbox 962 1328 1130 1364; x_wconf 79' lang='lat' dir='ltr'><strong>Molicur</strong></span> <span class='ocrx_word' id='word_1_241' title='bbox 1169 1329 1261 1372; x_wconf 84' lang='lat' dir='ltr'><strong>iter,</strong></span> <span class='ocrx_word' id='word_1_242' title='bbox 1304 1330 1477 1380; x_wconf 84' lang='lat' dir='ltr'><strong>peragit,</strong></span> <span class='ocrx_word' id='word_1_243' title='bbox 1522 1330 1575 1366; x_wconf 86' lang='lat' dir='ltr'><strong>ait</strong></span> <span class='ocrx_word' id='word_1_244' title='bbox 1599 1365 1604 1367; x_wconf 65' lang='grc'><em>,</em></span> 
     </span>
     <span class='ocr_line' id='line_1_45' title="bbox 853 1385 1577 1436; baseline -0.001 -12"><span class='ocrx_word' id='word_1_245' title='bbox 853 1389 962 1424; x_wconf 76' lang='lat' dir='ltr'><strong>Serv,</strong></span> <span class='ocrx_word' id='word_1_246' title='bbox 983 1385 1134 1422; x_wconf 88' lang='lat' dir='ltr'><strong>scilicet</strong></span> <span class='ocrx_word' id='word_1_247' title='bbox 1153 1395 1197 1422; x_wconf 88' lang='lat' dir='ltr'><strong>ut</strong></span> <span class='ocrx_word' id='word_1_248' title='bbox 1217 1386 1321 1436; x_wconf 89' lang='lat' dir='ltr'><strong>apud</strong></span> <span class='ocrx_word' id='word_1_249' title='bbox 1341 1395 1477 1436; x_wconf 88' lang='lat' dir='ltr'><strong>poetas</strong></span> <span class='ocrx_word' id='word_1_250' title='bbox 1495 1400 1577 1423; x_wconf 89' lang='lat' dir='ltr'><strong>mo-</strong></span> 
     </span>
     <span class='ocr_line' id='line_1_46' title="bbox 857 1443 1572 1495; baseline 0.003 -16"><span class='ocrx_word' id='word_1_251' title='bbox 857 1443 945 1487; x_wconf 80' lang='lat' dir='ltr'><strong>liri,</strong></span> <span class='ocrx_word' id='word_1_252' title='bbox 975 1456 1158 1489; x_wconf 76' lang='lat' dir='ltr'><strong>movere,</strong></span> <span class='ocrx_word' id='word_1_253' title='bbox 1186 1453 1225 1481; x_wconf 88' lang='lat' dir='ltr'><strong>et</strong></span> <span class='ocrx_word' id='word_1_254' title='bbox 1253 1457 1387 1495; x_wconf 81' lang='lat' dir='ltr'><strong>agere,</strong></span> <span class='ocrx_word' id='word_1_255' title='bbox 1421 1444 1572 1491; x_wconf 85' lang='lat' dir='ltr'><strong>facere,</strong></span> 
     </span>
     <span class='ocr_line' id='line_1_47' title="bbox 857 1501 1572 1554; baseline 0.004 -17"><span class='ocrx_word' id='word_1_256' title='bbox 857 1510 915 1538; x_wconf 90' lang='lat' dir='ltr'><strong>est</strong></span> <span class='ocrx_word' id='word_1_257' title='bbox 930 1502 1104 1551; x_wconf 88' lang='lat' dir='ltr'><strong>primum</strong></span> <span class='ocrx_word' id='word_1_258' title='bbox 1125 1501 1174 1538; x_wconf 89' lang='lat' dir='ltr'><strong>de</strong></span> <span class='ocrx_word' id='word_1_259' title='bbox 1197 1515 1240 1539; x_wconf 91' lang='lat' dir='ltr'><strong>re</strong></span> <span class='ocrx_word' id='word_1_260' title='bbox 1259 1515 1411 1554; x_wconf 68' lang='lat' dir='ltr'><strong>magnae</strong></span> <span class='ocrx_word' id='word_1_261' title='bbox 1432 1502 1548 1540; x_wconf 88' lang='lat' dir='ltr'><strong>molis</strong></span> <span class='ocrx_word' id='word_1_262' title='bbox 1563 1531 1572 1549; x_wconf 90' lang='lat'>‚</span> 
     </span>
     <span class='ocr_line' id='line_1_48' title="bbox 857 1558 1574 1610; baseline 0.003 -14"><span class='ocrx_word' id='word_1_263' title='bbox 857 1567 944 1596; x_wconf 85' lang='lat' dir='ltr'><strong>tum</strong></span> <span class='ocrx_word' id='word_1_264' title='bbox 967 1558 1015 1596; x_wconf 87' lang='lat' dir='ltr'><strong>de</strong></span> <span class='ocrx_word' id='word_1_265' title='bbox 1043 1573 1282 1610; x_wconf 89' lang='lat' dir='ltr'><strong>quacunque</strong></span> <span class='ocrx_word' id='word_1_266' title='bbox 1304 1574 1358 1599; x_wconf 90' lang='lat' dir='ltr'><strong>re.</strong></span> <span class='ocrx_word' id='word_1_267' title='bbox 1380 1564 1490 1597; x_wconf 73' lang='lat' dir='ltr'><strong>Arva</strong></span> <span class='ocrx_word' id='word_1_268' title='bbox 1515 1561 1574 1598; x_wconf 88' lang='lat' dir='ltr'><strong>ul-</strong></span> 
     </span>
     <span class='ocr_line' id='line_1_49' title="bbox 855 1617 1574 1670; baseline 0.001 -16"><span class='ocrx_word' id='word_1_269' title='bbox 855 1617 977 1661; x_wconf 83' lang='lat' dir='ltr'><strong>tima,</strong></span> <span class='ocrx_word' id='word_1_270' title='bbox 1019 1618 1063 1654; x_wconf 84' lang='lat' dir='ltr'><strong>in</strong></span> <span class='ocrx_word' id='word_1_271' title='bbox 1093 1617 1154 1654; x_wconf 87' lang='lat' dir='ltr'><strong>his</strong></span> <span class='ocrx_word' id='word_1_272' title='bbox 1183 1618 1305 1665; x_wconf 88' lang='lat' dir='ltr'><strong>loeis,</strong></span> <span class='ocrx_word' id='word_1_273' title='bbox 1340 1631 1430 1670; x_wconf 83' lang='lat' dir='ltr'><strong>quae</strong></span> <span class='ocrx_word' id='word_1_274' title='bbox 1475 1620 1574 1656; x_wconf 88' lang='lat' dir='ltr'><strong>citra</strong></span> 
     </span>
     <span class='ocr_line' id='line_1_50' title="bbox 854 1675 1576 1728; baseline 0 -15"><span class='ocrx_word' id='word_1_275' title='bbox 854 1675 1034 1713; x_wconf 84' lang='lat' dir='ltr'><strong>Plutonis</strong></span> <span class='ocrx_word' id='word_1_276' title='bbox 1050 1677 1194 1726; x_wconf 87' lang='lat' dir='ltr'><strong>regiam</strong></span> <span class='ocrx_word' id='word_1_277' title='bbox 1205 1705 1215 1720; x_wconf 86' lang='lat'>‚</span> <span class='ocrx_word' id='word_1_278' title='bbox 1229 1677 1411 1728; x_wconf 69' lang='lat' dir='ltr'><strong>Elysium</strong></span> <span class='ocrx_word' id='word_1_279' title='bbox 1428 1685 1467 1714; x_wconf 84' lang='lat' dir='ltr'><strong>et</strong></span> <span class='ocrx_word' id='word_1_280' title='bbox 1483 1679 1576 1715; x_wconf 85' lang='lat' dir='ltr'><strong>Tar·</strong></span> 
     </span>
     <span class='ocr_line' id='line_1_51' title="bbox 856 1733 1574 1786; baseline 0.004 -16"><span class='ocrx_word' id='word_1_281' title='bbox 856 1741 985 1770; x_wconf 87' lang='lat' dir='ltr'><strong>tarum</strong></span> <span class='ocrx_word' id='word_1_282' title='bbox 1019 1742 1112 1770; x_wconf 90' lang='lat' dir='ltr'><strong>sunt</strong></span> <span class='ocrx_word' id='word_1_283' title='bbox 1143 1733 1222 1785; x_wconf 85' lang='lat' dir='ltr'><strong>(cf.</strong></span> <span class='ocrx_word' id='word_1_284' title='bbox 1254 1736 1334 1780; x_wconf 69' lang='lat'><strong>540</strong></span> <span class='ocrx_word' id='word_1_285' title='bbox 1346 1734 1375 1786; x_wconf 82' lang='grc'><strong>).</strong></span> <span class='ocrx_word' id='word_1_286' title='bbox 1392 1756 1452 1763; x_wconf 88' lang='lat'><strong>—-</strong></span> <span class='ocrx_word' id='word_1_287' title='bbox 1467 1743 1549 1785; x_wconf 77' lang='lat'><strong>479</strong></span> <span class='ocrx_word' id='word_1_288' title='bbox 1564 1764 1574 1780; x_wconf 92' lang='lat'>‚</span> 
     </span>
     <span class='ocr_line' id='line_1_52' title="bbox 858 1791 1573 1835; baseline 0.004 -8"><span class='ocrx_word' id='word_1_289' title='bbox 858 1791 955 1835; x_wconf 80' lang='lat'><strong>480.</strong></span> <span class='ocrx_word' id='word_1_290' title='bbox 974 1794 1074 1829; x_wconf 88' lang='lat' dir='ltr'><strong>Sunt</strong></span> <span class='ocrx_word' id='word_1_291' title='bbox 1088 1791 1132 1827; x_wconf 88' lang='lat' dir='ltr'><strong>hi</strong></span> <span class='ocrx_word' id='word_1_292' title='bbox 1150 1805 1201 1828; x_wconf 82' lang='lat' dir='ltr'><strong>ex</strong></span> <span class='ocrx_word' id='word_1_293' title='bbox 1217 1806 1387 1830; x_wconf 88' lang='lat' dir='ltr'><strong>numero</strong></span> <span class='ocrx_word' id='word_1_294' title='bbox 1407 1795 1483 1830; x_wconf 82' lang='grc' dir='ltr'><strong>τῶν</strong></span> <span class='ocrx_word' id='word_1_295' title='bbox 1505 1791 1573 1830; x_wconf 81' lang='grc' dir='ltr'><strong>ἑπ-</strong></span> 
     </span>
     <span class='ocr_line' id='line_1_53' title="bbox 855 1844 1575 1900; baseline 0.003 -14"><span class='ocrx_word' id='word_1_296' title='bbox 855 1845 906 1886; x_wconf 82' lang='grc' dir='ltr'><strong>τὰ</strong></span> <span class='ocrx_word' id='word_1_297' title='bbox 926 1845 990 1886; x_wconf 83' lang='grc' dir='ltr'><strong>ἐπὶ</strong></span> <span class='ocrx_word' id='word_1_298' title='bbox 1005 1844 1169 1894; x_wconf 62' lang='grc' dir='ltr'>Θτζὲαις·</span> <span class='ocrx_word' id='word_1_299' title='bbox 1187 1850 1270 1888; x_wconf 87' lang='lat' dir='ltr'><strong>vid.</strong></span> <span class='ocrx_word' id='word_1_300' title='bbox 1290 1850 1481 1900; x_wconf 90' lang='lat' dir='ltr'><strong>Apollod.</strong></span> <span class='ocrx_word' id='word_1_301' title='bbox 1496 1852 1575 1895; x_wconf 94' lang='lat' dir='ltr'><strong>III,</strong></span> 
     </span>
     <span class='ocr_line' id='line_1_54' title="bbox 857 1906 1574 1957; baseline 0.003 -14"><span class='ocrx_word' id='word_1_302' title='bbox 857 1907 896 1943; x_wconf 88' lang='lat'><strong>6.</strong></span> <span class='ocrx_word' id='word_1_303' title='bbox 926 1906 1146 1952; x_wconf 82' lang='lat' dir='ltr'><strong>Pallentis,</strong></span> <span class='ocrx_word' id='word_1_304' title='bbox 1173 1917 1360 1957; x_wconf 88' lang='lat' dir='ltr'><strong>tanquam</strong></span> <span class='ocrx_word' id='word_1_305' title='bbox 1384 1909 1539 1945; x_wconf 86' lang='lat' dir='ltr'><strong>umbrae</strong></span> <span class='ocrx_word' id='word_1_306' title='bbox 1564 1920 1574 1945; x_wconf 85' lang='lat'>:</span> 
     </span>
     <span class='ocr_line' id='line_1_55' title="bbox 856 1963 1575 2014; baseline 0.003 -14"><span class='ocrx_word' id='word_1_307' title='bbox 856 1963 1033 2014; x_wconf 88' lang='lat' dir='ltr'><strong>adeoque</strong></span> <span class='ocrx_word' id='word_1_308' title='bbox 1059 1977 1134 2014; x_wconf 89' lang='lat' dir='ltr'><strong>pro</strong></span> <span class='ocrx_word' id='word_1_309' title='bbox 1165 1974 1204 2001; x_wconf 85' lang='lat' dir='ltr'><strong>et</strong></span> <span class='ocrx_word' id='word_1_310' title='bbox 1231 1965 1441 2002; x_wconf 79' lang='lat' dir='ltr'><strong>Adrastus.</strong></span> <span class='ocrx_word' id='word_1_311' title='bbox 1462 1965 1575 2003; x_wconf 74' lang='lat' dir='ltr'><strong>Nihil</strong></span> 
     </span>
     <span class='ocr_line' id='line_1_56' title="bbox 855 2021 1572 2073; baseline 0.003 -15"><span class='ocrx_word' id='word_1_312' title='bbox 855 2023 1040 2072; x_wconf 87' lang='lat' dir='ltr'><strong>amplius.</strong></span> <span class='ocrx_word' id='word_1_313' title='bbox 1068 2022 1176 2059; x_wconf 86' lang='lat' dir='ltr'><strong>Male</strong></span> <span class='ocrx_word' id='word_1_314' title='bbox 1195 2021 1244 2058; x_wconf 90' lang='lat' dir='ltr'><strong>de</strong></span> <span class='ocrx_word' id='word_1_315' title='bbox 1274 2023 1450 2073; x_wconf 87' lang='lat' dir='ltr'><strong>fugiente</strong></span> <span class='ocrx_word' id='word_1_316' title='bbox 1468 2024 1572 2060; x_wconf 85' lang='lat' dir='ltr'><strong>acci-</strong></span> 
     </span>
     <span class='ocr_line' id='line_1_57' title="bbox 854 2079 1570 2130; baseline 0.004 -15"><span class='ocrx_word' id='word_1_317' title='bbox 854 2093 967 2130; x_wconf 84' lang='lat' dir='ltr'><strong>peres</strong></span> <span class='ocrx_word' id='word_1_318' title='bbox 1003 2081 1045 2116; x_wconf 89' lang='lat' dir='ltr'><strong>in</strong></span> <span class='ocrx_word' id='word_1_319' title='bbox 1074 2079 1165 2116; x_wconf 90' lang='lat' dir='ltr'><strong>loco</strong></span> <span class='ocrx_word' id='word_1_320' title='bbox 1195 2079 1286 2117; x_wconf 90' lang='lat' dir='ltr'><strong>hoc.</strong></span> <span class='ocrx_word' id='word_1_321' title='bbox 1316 2081 1423 2118; x_wconf 83' lang='lat' dir='ltr'><strong>Male</strong></span> <span class='ocrx_word' id='word_1_322' title='bbox 1454 2082 1570 2118; x_wconf 78' lang='lat' dir='ltr'><strong>etiam</strong></span> 
     </span>
     <span class='ocr_line' id='line_1_58' title="bbox 853 2136 1573 2177; baseline 0.006 -4"><span class='ocrx_word' id='word_1_323' title='bbox 853 2150 946 2174; x_wconf 88' lang='lat' dir='ltr'><strong>eum</strong></span> <span class='ocrx_word' id='word_1_324' title='bbox 983 2136 1061 2174; x_wconf 89' lang='lat' dir='ltr'><strong>hoc</strong></span> <span class='ocrx_word' id='word_1_325' title='bbox 1100 2137 1274 2174; x_wconf 84' lang='lat' dir='ltr'><strong>Adrasto</strong></span> <span class='ocrx_word' id='word_1_326' title='bbox 1315 2138 1573 2177; x_wconf 84' lang='lat' dir='ltr'><strong>confundunt</strong></span> 
     </span>
     <span class='ocr_line' id='line_1_59' title="bbox 853 2194 1570 2246; baseline 0.006 -15"><span class='ocrx_word' id='word_1_327' title='bbox 853 2196 1021 2232; x_wconf 85' lang='lat' dir='ltr'><strong>inertem</strong></span> <span class='ocrx_word' id='word_1_328' title='bbox 1036 2195 1148 2232; x_wconf 87' lang='lat' dir='ltr'><strong>illum</strong></span> <span class='ocrx_word' id='word_1_329' title='bbox 1164 2196 1386 2243; x_wconf 75' lang='lat' dir='ltr'><strong>&#39;l‘rojanum</strong></span> <span class='ocrx_word' id='word_1_330' title='bbox 1402 2196 1515 2235; x_wconf 80' lang='lat' dir='ltr'><strong>Iliad.</strong></span> <span class='ocrx_word' id='word_1_331' title='bbox 1536 2194 1570 2246; x_wconf 80' lang='grc' dir='ltr'><strong>ξ,</strong></span> 
     </span>
     <span class='ocr_line' id='line_1_60' title="bbox 851 2254 1010 2304; baseline 0.013 -15"><span class='ocrx_word' id='word_1_332' title='bbox 851 2254 901 2300; x_wconf 89' lang='grc'><strong>37</strong></span> <span class='ocrx_word' id='word_1_333' title='bbox 923 2266 1010 2304; x_wconf 85' lang='lat' dir='ltr'><strong>sqq.</strong></span> 
     </span>
    </p>

    <p class='ocr_par' dir='ltr' id='par_1_10' title="bbox 841 2310 1570 2883">
     <span class='ocr_line' id='line_1_61' title="bbox 909 2310 1564 2364; baseline 0.005 -17"><span class='ocrx_word' id='word_1_334' title='bbox 909 2311 1006 2355; x_wconf 74' lang='lat'><strong>481.</strong></span> <span class='ocrx_word' id='word_1_335' title='bbox 1035 2310 1142 2348; x_wconf 84' lang='lat' dir='ltr'><strong>Fleti</strong></span> <span class='ocrx_word' id='word_1_336' title='bbox 1159 2312 1220 2348; x_wconf 86' lang='lat' dir='ltr'><strong>ad</strong></span> <span class='ocrx_word' id='word_1_337' title='bbox 1243 2323 1425 2361; x_wconf 83' lang='lat' dir='ltr'><strong>superos,</strong></span> <span class='ocrx_word' id='word_1_338' title='bbox 1459 2313 1564 2364; x_wconf 85' lang='lat' dir='ltr'><strong>apud</strong></span> 
     </span>
     <span class='ocr_line' id='line_1_62' title="bbox 848 2369 1558 2415; baseline 0.006 -11"><span class='ocrx_word' id='word_1_339' title='bbox 848 2370 986 2414; x_wconf 73' lang='lat' dir='ltr'><strong>vivos,</strong></span> <span class='ocrx_word' id='word_1_340' title='bbox 1015 2370 1121 2406; x_wconf 85' lang='lat' dir='ltr'><strong>inter</strong></span> <span class='ocrx_word' id='word_1_341' title='bbox 1151 2369 1345 2406; x_wconf 89' lang='lat' dir='ltr'><strong>homines.</strong></span> <span class='ocrx_word' id='word_1_342' title='bbox 1385 2370 1558 2415; x_wconf 80' lang='lat' dir='ltr'><strong>caduci,</strong></span> 
     </span>
     <span class='ocr_line' id='line_1_63' title="bbox 847 2424 1566 2477; baseline 0.003 -14"><span class='ocrx_word' id='word_1_343' title='bbox 847 2439 922 2476; x_wconf 88' lang='lat' dir='ltr'><strong>pro</strong></span> <span class='ocrx_word' id='word_1_344' title='bbox 944 2424 1144 2473; x_wconf 72' lang='grc' dir='ltr'><strong>πεσόντες;</strong></span> <span class='ocrx_word' id='word_1_345' title='bbox 1166 2428 1321 2472; x_wconf 86' lang='lat' dir='ltr'><strong>nescio,</strong></span> <span class='ocrx_word' id='word_1_346' title='bbox 1342 2439 1394 2463; x_wconf 87' lang='lat' dir='ltr'><strong>an</strong></span> <span class='ocrx_word' id='word_1_347' title='bbox 1412 2429 1566 2477; x_wconf 77' lang='lat' dir='ltr'><strong>primus</strong></span> 
     </span>
     <span class='ocr_line' id='line_1_64' title="bbox 848 2484 1570 2536; baseline 0.004 -15"><span class='ocrx_word' id='word_1_348' title='bbox 848 2486 1054 2522; x_wconf 83' lang='lat' dir='ltr'><strong>novaverit</strong></span> <span class='ocrx_word' id='word_1_349' title='bbox 1077 2485 1292 2536; x_wconf 77' lang='lat' dir='ltr'><strong>Virgilius3</strong></span> <span class='ocrx_word' id='word_1_350' title='bbox 1328 2484 1411 2532; x_wconf 87' lang='lat' dir='ltr'><strong>ejus</strong></span> <span class='ocrx_word' id='word_1_351' title='bbox 1435 2499 1570 2523; x_wconf 82' lang='lat' dir='ltr'><strong>exem-</strong></span> 
     </span>
     <span class='ocr_line' id='line_1_65' title="bbox 845 2541 1564 2596; baseline 0.003 -18"><span class='ocrx_word' id='word_1_352' title='bbox 845 2541 914 2591; x_wconf 91' lang='lat' dir='ltr'><strong>plo</strong></span> <span class='ocrx_word' id='word_1_353' title='bbox 931 2550 1035 2580; x_wconf 85' lang='lat' dir='ltr'><strong>certe</strong></span> <span class='ocrx_word' id='word_1_354' title='bbox 1054 2542 1185 2579; x_wconf 83' lang='lat' dir='ltr'><strong>multi.</strong></span> <span class='ocrx_word' id='word_1_355' title='bbox 1210 2543 1338 2580; x_wconf 88' lang='lat' dir='ltr'><strong>Etiam</strong></span> <span class='ocrx_word' id='word_1_356' title='bbox 1357 2542 1480 2596; x_wconf 79' lang='lat' dir='ltr'><strong>longo</strong></span> <span class='ocrx_word' id='word_1_357' title='bbox 1503 2557 1564 2580; x_wconf 87' lang='lat' dir='ltr'><strong>or-</strong></span> 
     </span>
     <span class='ocr_line' id='line_1_66' title="bbox 845 2599 1560 2650; baseline 0.004 -15"><span class='ocrx_word' id='word_1_358' title='bbox 845 2599 937 2636; x_wconf 82' lang='lat' dir='ltr'><strong>dine</strong></span> <span class='ocrx_word' id='word_1_359' title='bbox 958 2613 1033 2650; x_wconf 88' lang='lat' dir='ltr'><strong>pro</strong></span> <span class='ocrx_word' id='word_1_360' title='bbox 1055 2600 1233 2650; x_wconf 88' lang='lat' dir='ltr'><strong>vulgari,</strong></span> <span class='ocrx_word' id='word_1_361' title='bbox 1251 2600 1408 2649; x_wconf 80' lang='lat' dir='ltr'><strong>ingenti</strong></span> <span class='ocrx_word' id='word_1_362' title='bbox 1427 2601 1560 2638; x_wconf 85' lang='lat' dir='ltr'><strong>multi·</strong></span> 
     </span>
     <span class='ocr_line' id='line_1_67' title="bbox 845 2656 1560 2705; baseline 0.004 -11"><span class='ocrx_word' id='word_1_363' title='bbox 845 2656 1003 2704; x_wconf 87' lang='lat' dir='ltr'><strong>tudine,</strong></span> <span class='ocrx_word' id='word_1_364' title='bbox 1041 2666 1087 2695; x_wconf 82' lang='lat' dir='ltr'><strong>ut</strong></span> <span class='ocrx_word' id='word_1_365' title='bbox 1128 2660 1191 2704; x_wconf 93' lang='lat' dir='ltr'><strong>II,</strong></span> <span class='ocrx_word' id='word_1_366' title='bbox 1227 2657 1323 2705; x_wconf 88' lang='lat'><strong>766.</strong></span> <span class='ocrx_word' id='word_1_367' title='bbox 1358 2660 1467 2697; x_wconf 80' lang='lat' dir='ltr'><strong>Serv.</strong></span> <span class='ocrx_word' id='word_1_368' title='bbox 1503 2682 1560 2688; x_wconf 94' lang='grc'>-</span> 
     </span>
     <span class='ocr_line' id='line_1_68' title="bbox 846 2715 1559 2763; baseline 0.004 -12"><span class='ocrx_word' id='word_1_369' title='bbox 846 2715 942 2759; x_wconf 77' lang='grc'><strong>483.</strong></span> <span class='ocrx_word' id='word_1_370' title='bbox 973 2717 1076 2754; x_wconf 87' lang='lat' dir='ltr'><strong>Sunt</strong></span> <span class='ocrx_word' id='word_1_371' title='bbox 1097 2716 1365 2763; x_wconf 83' lang='lat' dir='ltr'><strong>Trojanorum</strong></span> <span class='ocrx_word' id='word_1_372' title='bbox 1383 2718 1559 2754; x_wconf 90' lang='lat' dir='ltr'><strong>nomina.</strong></span> 
     </span>
     <span class='ocr_line' id='line_1_69' title="bbox 842 2772 1563 2824; baseline -0.001 -14"><span class='ocrx_word' id='word_1_373' title='bbox 842 2794 899 2803; x_wconf 87' lang='lat'><strong>-—</strong></span> <span class='ocrx_word' id='word_1_374' title='bbox 913 2772 1148 2824; x_wconf 82' lang='lat' dir='ltr'><strong>Meduntaq.</strong></span> <span class='ocrx_word' id='word_1_375' title='bbox 1167 2772 1449 2824; x_wconf 80' lang='lat' dir='ltr'><strong>Torsilocumq.</strong></span> <span class='ocrx_word' id='word_1_376' title='bbox 1473 2776 1509 2811; x_wconf 91' lang='lat' dir='ltr'><strong>T</strong></span> <span class='ocrx_word' id='word_1_377' title='bbox 1506 2787 1563 2810; x_wconf 87' lang='lat' dir='ltr'><strong>er-</strong></span> 
     </span>
     <span class='ocr_line' id='line_1_70' title="bbox 841 2830 1561 2883; baseline 0 -16"><span class='ocrx_word' id='word_1_378' title='bbox 841 2830 1096 2883; x_wconf 81' lang='lat' dir='ltr'><strong>siloconque,</strong></span> <span class='ocrx_word' id='word_1_379' title='bbox 1123 2844 1243 2882; x_wconf 68' lang='lat' dir='ltr'><strong>prave</strong></span> <span class='ocrx_word' id='word_1_380' title='bbox 1258 2830 1374 2869; x_wconf 89' lang='lat' dir='ltr'><strong>codd.</strong></span> <span class='ocrx_word' id='word_1_381' title='bbox 1396 2830 1561 2868; x_wconf 80' lang='lat' dir='ltr'><strong>Medon-</strong></span> 
     </span>
    </p>
   </div>
   <div class='ocr_carea' id='block_1_7' title="bbox 1315 2908 1395 2953">
    <p class='ocr_par' dir='ltr' id='par_1_11' title="bbox 1315 2908 1395 2953">
     <span class='ocr_line' id='line_1_71' title="bbox 1315 2908 1395 2953; baseline -0.013 0"><span class='ocrx_word' id='word_1_382' title='bbox 1315 2908 1395 2953; x_wconf 75' lang='lat'><strong>12*</strong></span> 
     </span>
    </p>
   </div>
  </div>
 </body>
</html>
