1767 3054
146 122 224 159 144

768 114 1010 151 AENEIDOS

137 186 313 231 Moenia
333 186 426 231 lata
444 184 596 242 videt,
623 185 797 247 triplici
817 184 1109 230 circumdata
1133 200 1270 230 muro
1294 201 1304 227 ε

138 265 257 319 Quae
282 261 475 325 rapidus
495 261 694 307 flammis
717 260 864 306 ambit
888 259 1179 307 torrentibus
1202 259 1350 305 amnis

1572 270 1633 302 550

139 341 392 384 Tartareus
414 337 706 400 Phlegethon
720 373 732 394 ,
761 347 1046 395 torquetque
1070 334 1286 380 sonantia
1308 350 1435 380 saxa.

139 414 279 458 Porta
299 413 497 459 adversa
521 413 705 473 ingens,
732 408 978 468 solidoque
1002 407 1248 455 adamante
1274 410 1531 466 columnae,

138 487 219 534 Vis
245 498 296 533 ut
316 488 444 533 nulla
467 487 647 542 virum,
673 498 768 528 non
790 483 882 544 ipsi
905 482 1183 530 exscindere
1209 486 1337 537 ferro

138 562 370 608 Coelicolae
392 562 592 607 valeant.
616 562 717 605 Stat
742 559 895 603 ferrea
919 558 1063 604 turris
1085 558 1145 604 ad
1165 575 1324 617 auras,

137 638 486 699 Tisiphoneque
505 635 693 692 sedens,
715 633 837 696 palla
858 633 1096 680 succincta
1119 645 1338 692 cruenta,

1573 645 1632 676 555

138 711 434 758 Vestibulum
458 710 692 757 exsomnis
717 719 875 756 servat
897 718 1153 771 noctesque
1177 709 1388 772 diesque.

140 912 208 949 tho
227 925 264 949 v.
287 911 368 948 566
383 939 393 956 ,
414 922 487 961 pro
509 908 694 946 carnifice
711 917 768 947 est
785 911 850 948 Ti-

139 969 305 1019 siphone
339 970 415 1016 571
435 997 444 1015 ,
478 980 551 1018 pro
577 968 747 1015 janitore
770 970 854 1020 Hy-

141 1028 210 1064 dra
231 1028 277 1073 57
287 1027 326 1064 6.
349 1025 425 1062 Sub
448 1038 544 1075 rupe
573 1025 735 1063 sinistra
751 1039 765 1062 .·
789 1040 854 1063 ru-

140 1098 230 1135 pem
247 1098 297 1121 ex
315 1086 491 1121 Homero
512 1084 645 1130 traxit,
663 1083 734 1121 ubi
751 1085 855 1121 inter

138 1147 300 1193 Stygem
336 1150 374 1178 et
412 1142 611 1192 Cocytum
650 1141 723 1179 Π-’.
693 1155 851 1165 ”””””

141 1195 677 1252 {231;·r5{;--‘32'›t2›5‡0720.d)1
711 1156 855 1237 {2306-

144 1273 226 1297 ττων
246 1257 389 1310 Odys&
412 1271 449 1304 7.,
474 1258 568 1295 515.
593 1238 745 1295 illoema
764 1258 804 1296 h.
825 1259 852 1296 l.

140 1319 188 1355 de
227 1318 319 1356 loco
355 1318 427 1366 qui
458 1315 677 1354 includitur
709 1318 853 1363 muris,

134 1387 187 1413 ‘ut
203 1376 294 1412 alias
313 1388 386 1426 pro
410 1373 522 1413 urbe.
546 1374 752 1424 Triplicem
775 1388 854 1411 mu-

140 1447 224 1470 rum
243 1432 508 1484 suppeditavit
527 1432 688 1470 Hesiod.
703 1431 852 1484 Theog.

146 1492 251 1537 726,
282 1490 349 1528 sed
372 1490 430 1526 ibi
457 1490 667 1528 sublimior
686 1491 743 1526 rei
761 1491 854 1527 ima-

140 1545 368 1601 ςο,χα),7.εε
355 1561 423 1584 ·Ι;
431 1560 495 1584 37].
501 1557 588 1594 :‚et
610 1546 709 1584 ἀιιωι
699 1542 773 1584 3='
790 1562 851 1600 μιν

141 1604 205 1653 νύξ
229 1610 280 1659 T?
287 1619 363 1644 ’.στι
350 1618 428 1655 ’.γε
415 1602 513 1642 -ὶ7.·.’
500 1619 632 1656 -γυται
655 1619 703 1642 π
692 1601 745 1658 pi.
775 1602 852 1643 33⁹.-

144 1679 197 1717 ργ,
198 1682 207 1700 Ι
225 1664 265 1702 h.
286 1677 319 1702 e.
339 1666 470 1700 fauces
487 1666 653 1702 Tartari.
671 1666 732 1702 Ex
746 1673 853 1702 utro-

142 1735 220 1772 que
255 1722 425 1773 profecit
466 1722 662 1759 Miltonus
698 1722 850 1760 Parad.

143 1780 240 1824 lose,
275 1781 318 1817 B.
346 1783 408 1826 ΙΙ,
444 1780 524 1824 642
545 1792 653 1830 seqq.
673 1802 731 1809 ——
755 1781 851 1819 551.

147 1837 350 1874 Tonantia
382 1840 498 1875 Rom.
537 1837 643 1875 conf.
678 1851 766 1889 sup.
802 1838 852 1875 ad

142 1897 180 1929 V
195 1923 205 1941 ‚
243 1895 340 1932 866.
379 1897 626 1945 Torquetque
645 1909 742 1946 pro,
771 1904 852 1934 tor-

144 1965 281 2003 quens.
304 1954 373 1990 Est
394 1954 607 1990 Homerica
622 1954 722 1990 ratio
735 1982 746 2000 ‚
777 1966 854 2004 qua

144 2018 321 2047 mutatur
347 2011 602 2060 participium
615 2038 626 2056 ‚
653 2010 762 2060 quod
779 2024 854 2061 pro

145 2067 320 2118 epitheto
335 2077 458 2115 esset,
479 2068 523 2104 in
541 2080 687 2104 novam
711 2081 855 2118 propo-

143 2127 339 2163 sitionem.
377 2148 435 2154 —
477 2125 573 2162 552.
628 2124 856 2177 Solidaeque

144 2183 368 2220 emendasse
413 2184 599 2221 Vossium
637 2196 686 2220 ex
718 2184 854 2222 Burm.

145 2240 280 2286 disco;
299 2253 353 2278 se.
371 2242 475 2278 utin
490 2240 693 2292 vulgarem
710 2243 856 2279 oratio-

147 2310 238 2334 nem
273 2296 546 2335 deflecteretur
586 2299 739 2348 poetica
780 2300 853 2337 vis.

151 2356 236 2404 Que
266 2353 374 2391 deest
401 2355 514 2391 alteri
532 2355 676 2393 Hamb.
705 2357 856 2393 Aversa

148 2420 186 2447 et
202 2411 393 2448 columba·
413 2411 534 2449 Goth.
555 2421 643 2451 tert.
659 2441 669 2458 ‚
688 2414 790 2451 miro
807 2414 856 2451 li-

147 2469 270 2506 brarii
287 2477 462 2520 stupore.
494 2471 543 2507 Et
561 2469 706 2507 horum
728 2470 856 2508 homi-

148 2539 248 2563 num
264 2526 484 2564 barbariem
503 2536 688 2564 excutere
703 2541 787 2566 non
802 2530 858 2579 pi-

149 2585 235 2634 get!
273 2605 330 2612 —
359 2584 575 2621 Columnas
602 2585 649 2622 de
678 2586 858 2636 postibus

148 2642 314 2692 accipio.
336 2642 517 2678 Imitatur
535 2644 788 2680 Homericum
809 2643 856 2682 Π.

150 2700 195 2745 θ,
227 2699 278 2737 15
304 2689 405 2737 ἔνθα
424 2694 555 2751 σιδῆρε
560 2697 613 2736 ισιί
640 2712 682 2736 τε
708 2699 854 2746 πύλαι,

151 2752 219 2794 καὶ
235 2753 401 2807 χάλκεος
418 2750 526 2801 οὐδέ,
531 2758 641 2794 .Scat
655 2757 714 2794 ad
719 2770 859 2805 auras,

907 1256 1114 1306 doque-adj
1151 1256 1330 1294 redditur
1365 1269 1375 1295 :

919 908 1060 947 educta
1075 917 1154 956 est3
1182 911 1225 946 in
1245 921 1366 946 auras
1386 907 1451 946 hic
1470 917 1509 946 et
1531 922 1635 951 vers.

923 967 1000 1004 561
1040 969 1209 1018 argutati
1246 975 1340 1005 sunt
1375 976 1525 1005 veteres
1554 969 1634 1016 jam

919 1024 1013 1062 inde
1036 1039 1058 1061 a
1081 1025 1260 1063 Pollione
1278 1037 1287 1063 :
1307 1039 1345 1063 v.
1371 1025 1477 1076 apud
1496 1029 1604 1065 Serv.
1621 1040 1631 1072 ;

922 1084 1016 1133 quia
1043 1082 1138 1119 alibi
1161 1096 1233 1120 nec
1257 1096 1322 1120 aer
1338 1096 1411 1120 nec
1431 1086 1528 1120 aeris
1547 1097 1632 1121 mo-

922 1149 986 1177 tus
1008 1142 1172 1178 Tartaro
1192 1141 1395 1179 tribuitur.
1418 1144 1571 1178 Verum
1592 1141 1632 1178 h.

921 1198 948 1236 1.
979 1197 1147 1235 altitudo
1173 1207 1298 1248 portae
1319 1198 1490 1236 sollenni
1509 1197 1634 1236 forma

1422 1267 1504 1294 esse
1549 1269 1634 1293 eam

922 1313 1105 1351 eductam
1141 1314 1182 1351 in
1216 1327 1360 1361 auras,
1400 1313 1442 1352 in
1476 1313 1632 1352 coelum.

921 1373 1096 1409 Poetico·
1125 1373 1298 1410 sermoni
1337 1372 1415 1410 hoc
1451 1374 1506 1409 ita
1541 1385 1634 1422 pro-

919 1430 1054 1479 prium
1083 1429 1302 1480 putandum
1317 1458 1328 1477 ‚
1358 1438 1404 1467 ut
1424 1430 1491 1468 illa
1516 1429 1634 1478 plane

918 1486 1054 1523 locum
1074 1500 1156 1524 non
1179 1487 1324 1525 habeat
1344 1487 1562 1534 subtilitas,
1583 1501 1634 1525 an

918 1556 1020 1580 aura
1040 1545 1084 1580 in
1099 1544 1198 1582 locis
1215 1545 1352 1582 inferis
1370 1547 1433 1584 sit.
1453 1567 1512 1574 —-
1534 1545 1631 1583 553.

916 1601 1031 1639 Adeo
1059 1603 1195 1639 nullus
1211 1603 1307 1641 inde
1334 1603 1486 1641 reditus
1507 1602 1556 1640 ad
1572 1615 1635 1640 su-

916 1672 1046 1710 peros.
1061 1660 1183 1710 Quod
1200 1661 1338 1698 turrim
1356 1661 1538 1712 appellat,
1561 1674 1634 1712 pu·

918 1725 959 1754 ta
981 1730 1062 1754 esse
1090 1716 1301 1755 aedificium
1317 1720 1479 1770 ingens,
1511 1720 1555 1756 iu
1578 1719 1631 1756 al-

920 1782 1006 1811 tum
1023 1774 1210 1812 eductum
1224 1804 1234 1823 ‚
1266 1789 1341 1827 pro
1360 1789 1515 1814 carcere
1527 1805 1539 1822 ‚
1563 1784 1632 1812 aut

919 1833 1114 1883 ergastulo
1131 1862 1143 1879 ,
1184 1833 1253 1870 sed
1290 1833 1391 1872 illud
1427 1835 1550 1885 magis
1583 1832 1633 1870 ad

918 1902 1024 1934 rem,
1056 1890 1286 1928 habendum
1314 1903 1323 1930 :
1355 1887 1632 1945 δεσμωτήριον.

919 1949 1004 1985 -5
1010 1949 1061 1986 55
1067 1977 1076 1986 .
1089 1948 1326 2000 Tisiphones
1336 1958 1484 1988 vestem
1495 1961 1635 1987 cruen-

920 2014 999 2043 tam
1016 2019 1066 2043 ex
1085 2008 1262 2044 Homero
1278 2009 1394 2058 petiit
1412 2008 1460 2046 11.
1471 2021 1507 2053 σ,
1527 2007 1632 2054 538,

918 2063 991 2100 ubi
1010 2061 1091 2115 Κπρ
1114 2064 1161 2102 Εἴ
1149 2079 1218 2117 ἀα
1239 2059 1320 2101 3''‘
1299 2068 1358 2115 εχ]
1377 2061 1477 2118 ἀμφ’
1496 2060 1633 2116 ὤμοισι

921 2116 1024 2173 ὃαφο
1008 2118 1102 2160 ivea
1106 2135 1124 2158 ν
1146 2121 1284 2176 αἵματι
1303 2125 1455 2174 φωτῶν,
1475 2134 1632 2160 accom-

921 2180 1117 2218 modatius
1150 2194 1242 2219 sane
1266 2182 1311 2218 in
1341 2193 1489 2232 pugna.
1525 2179 1630 2218 conf.

920 2239 1066 2278 Statius
1086 2241 1104 2276 I
1144 2239 1270 2277 Theb.
1306 2251 1384 2289 109
1399 2266 1410 2286 ,
1443 2251 1536 2276 110.
1573 2258 1631 2266 -·

923 2298 947 2335 5
953 2298 977 2334 5
981 2297 1019 2335 6.
1039 2297 1256 2334 Exsomnis
1272 2295 1336 2333 vel
1348 2294 1530 2333 exomnis
1542 2295 1630 2332 Me-

924 2354 1003 2393 dic.
1034 2368 1127 2392 cum
1153 2355 1352 2406 plerisque
1368 2353 1505 2391 Heins.
1527 2352 1628 2388 Bur-

922 2425 1057 2452 mann.
1087 2420 1127 2450 et
1150 2414 1280 2458 Pier.;
1306 2412 1403 2448 item
1422 2409 1628 2458 fragment.

923 2472 1053 2509 Vatic.
1074 2479 1114 2508 et
1129 2469 1192 2507 ed.
1217 2467 1312 2507 Ald.
1333 2479 1395 2518 pr.
1416 2467 1522 2517 Ergo
1543 2479 1628 2503 rec·

922 2536 961 2565 te
985 2536 1190 2579 receptum
1208 2525 1258 2563 ab
1277 2524 1442 2562 Heinsio
1460 2531 1500 2560 et
1517 2523 1630 2561 iUus-

923 2593 1070 2622 tratum
1107 2582 1310 2634 exemplis.
1344 2580 1479 2618 Altera
1510 2580 1629 2618 lectio

923 2641 1118 2679 insomnis
1132 2653 1153 2677 e
1170 2643 1287 2678 Rom.
1306 2637 1424 2676 fluxit
1440 2637 1604 2689 aliisque
1616 2666 1629 2686 ‚

923 2697 991 2737 sed
1015 2697 1294 2750 paucioribus;
1329 2704 1368 2734 et
1386 2696 1442 2734 sic
1458 2694 1520 2734 ed.
1542 2697 1629 2733 Me-

923 2755 1019 2795 djol.
1041 2755 1139 2795 Ald.
1159 2754 1354 2804 secunda,
1386 2757 1502 2796 Junt.
1530 2754 1632 2792 aliae-
