1767 3054
658 119 809 156 LIBER
840 117 955 155 VIII.

60 190 365 237 Horrendum
387 190 538 235 dictu!
566 186 782 246 dederat,
811 199 942 234 terna
967 204 1094 234 arma
1117 191 1372 251 movenda3

1472 125 1552 173 339

1491 204 1551 233 565

60 267 155 310 Ter
179 265 271 310 leto
294 260 571 309 sternendus
596 273 696 307 erat
723 280 732 306 :
755 264 831 307 cui
857 273 968 307 tunc
994 273 1148 308 tamen
1174 266 1324 311 omnis

59 339 267 386 Abstulit
291 337 390 382 haec
414 335 590 382 animas
615 336 804 395 dextra,
830 347 876 382 et
898 338 1092 384 totidem
1115 340 1245 386 exuit
1271 340 1426 388 armis.

57 416 166 460 Non
190 426 277 474 ego
298 427 424 455 nunc
449 410 575 456 dulci
601 412 821 472 amplexu
842 412 1092 458 divellerer
1115 429 1336 475 usquam,

55 488 196 542 Nate,
221 494 329 543 tu0;
352 500 505 545 neque
531 484 755 529 finitimus
779 486 1041 531 Mezentius
1067 502 1289 548 usquam,

56 559 181 607 Huic
205 559 348 621 capiti
374 559 624 617 insultans,
653 570 720 605 tot
745 559 871 605 ferro
897 576 1019 606 saeva
1045 560 1248 608 dedisset
1493 573 1550 613 350

55 637 264 692 Funera,
292 645 386 680 tam
409 634 567 679 multis
592 633 829 680 viduasset
853 633 1036 680 civibus
1059 634 1240 681 urbem.

55 713 119 755 At
140 725 248 767 vos,
275 726 303 755 o
329 709 512 771 superi,
539 721 585 755 et
609 708 770 754 divum
798 721 848 755 tu
869 709 1072 755 maxime
1097 722 1276 768 rector,

54 783 296 844 Juppiter,
324 782 539 840 Arcadii,
563 799 745 845 quaeso,
768 783 1053 829 miserescite
1078 785 1224 847 regis,

53 859 114 903 Et
138 857 314 918 patrias
340 856 499 902 audite
524 873 686 918 preces
713 876 723 902 :
749 857 787 902 si
811 857 1004 903 numina
1028 869 1184 904 vestra

52 932 340 977 Incolumem
365 932 573 978 Pallanta
597 932 735 989 mihi,
764 932 801 977 si
823 933 918 978 fata
939 944 1210 990 reservant,

1490 945 1549 984 575

53 1006 104 1052 Si
128 1007 316 1053 visurus
338 1023 445 1053 eum
471 1008 603 1065 vivo,
631 1019 677 1053 et
702 1019 927 1054 venturus
952 1007 1000 1052 in
1024 1023 1193 1065 unum;

52 1083 209 1128 Vitam
234 1099 342 1141 oro3
369 1083 522 1145 patiar
545 1083 758 1145 quemvis
782 1083 954 1129 durare
979 1082 1204 1128 laborem.

22 1144 135 1202 ‘Sin
155 1157 357 1218 aliquem
383 1157 627 1204 infandum
651 1173 832 1215 casum,
858 1161 1088 1213 Fortuna,
1114 1157 1331 1212 minaris,

51 1234 210 1288 Nunc,
241 1247 269 1277 o
294 1249 417 1278 nunc
439 1233 576 1278 liceat
597 1233 836 1278 crudelem
862 1232 1146 1295 abrumpere
1170 1232 1342 1289 vitam,

51 1307 177 1351 Dum
202 1322 327 1352 curae
353 1306 608 1369 ambiguae,
631 1307 743 1353 dum
769 1323 873 1368 spes
894 1307 1073 1352 incerta
1098 1306 1268 1362 futuri,

50 1483 223 1519 Feronia
252 1496 289 1518 v.
326 1495 414 1532 sup.
445 1486 543 1528 Vll,
567 1484 673 1528 800,
699 1483 770 1518 ubi

51 1538 181 1574 viridi
194 1539 378 1587 gaudens
397 1539 569 1576 Feronia
590 1539 692 1576 luco.
713 1561 769 1567 —-

55 1595 153 1633 565.
184 1597 314 1632 Tema
338 1609 453 1632 arma
478 1596 695 1640 movenda,
723 1605 769 1634 ut

51 1661 112 1690 ter
144 1654 406 1699 reviviscens,
440 1663 498 1690 ter
531 1653 767 1701 rebellaret,

51 1709 228 1761 adeoque
246 1718 304 1747 ter
320 1719 418 1748 esset
434 1710 667 1749 vincendus.
682 1712 768 1749 Nisi

51 1768 153 1805 forte
170 1768 308 1805 melius
320 1770 376 1805 sic
387 1770 645 1819 interpungas
657 1777 696 1806 et
711 1781 767 1805 ac-

51 1827 178 1879 cipias
190 1838 199 1863 :
221 1825 419 1862 Nascenci
435 1826 502 1862 cui
518 1826 585 1862 tris
605 1825 767 1862 animas

52 1882 298 1926 —dederac;
322 1892 437 1919 terna
461 1895 575 1918 arma
598 1895 766 1919 moven-

53 1940 106 1976 da
116 1967 126 1983 ,
149 1941 225 1976 Ter
233 1939 466 1975 sternendus
479 1948 575 1976 erat.
593 1939 666 1976 Cui
677 1948 767 1976 tunc

53 2005 81 2034 t.
101 1999 193 2034 Erat
214 2004 272 2032 ter
291 2009 382 2032 cum
412 2009 459 2033 eo
488 1996 766 2047 pugnandum,

53 2063 113 2090 ter
137 2066 241 2089 arma
272 2055 312 2089 in
337 2066 427 2090 eum
459 2053 678 2099 movenda,
711 2062 769 2090 ter

54 2120 135 2148 erat
157 2109 389 2148 vincendus.
421 2113 557 2159 Itaque
588 2109 769 2148 Evander

52 2181 142 2205 eum
168 2175 226 2203 ter
251 2169 330 2204 vita
350 2175 388 2204 et
418 2169 535 2203 armis
559 2175 734 2204 exuerat.

113 2225 208 2273 569.
231 2225 356 2262 Abest
380 2237 514 2260 versus
534 2224 656 2262 Goth.
676 2233 764 2263 tert.

52 2281 241 2320 Finitima
279 2296 300 2318 e
332 2281 448 2319 codd.
478 2283 556 2318 suis
595 2290 633 2318 et
663 2283 763 2320 Pier.

52 2340 189 2377 Heius.
219 2338 464 2384 emendavit3
496 2352 550 2376 sc.
578 2338 665 2375 luu'c
694 2352 762 2376 ca-

48 2396 161 2447 piei:
183 2396 292 2447 quod
330 2398 400 2433 vix
435 2396 586 2446 placet3
627 2398 762 2434 Burm.

55 2466 146 2491 cum
187 2454 236 2491 al.
265 2453 442 2506 finitimo
466 2453 583 2503 ferro
616 2455 761 2504 jungit.

54 2511 196 2549 saltem
228 2510 396 2548 dixerim
425 2522 433 2548 :
449 2510 628 2564 finitimo
656 2511 763 2547 abso-

53 2566 138 2605 lute
156 2581 229 2619 pro
249 2567 332 2618 iuſs
354 2568 488 2618 Vulgo
507 2567 763 2621 lectumfitzi-

55 2623 172 2661 timus
196 2625 289 2662 inde
312 2625 361 2662 ab
390 2625 484 2662 Ald.
519 2627 624 2670 1514
650 2625 765 2663 adeo-

56 2694 134 2730 que
155 2694 176 2718 ει
190 2683 403 2733 Naugerio.
426 2685 584 2720 Servius
608 2682 766 2719 videtur

54 2736 191 2789 legisse
194 2738 414 2793 finitimos,
437 2741 572 2791 sicque
595 2739 764 2778 Dorvill.

1489 1317 1547 1346 580

837 1496 858 1518 a
882 1495 933 1520 m.
952 1495 1030 1521 sec.
1053 1491 1091 1520 et
1108 1482 1169 1520 ed.
1190 1485 1305 1521 Junt.
1333 1484 1454 1520 1520.
1479 1486 1549 1520 Us-

836 1552 958 1588 quam
976 1540 1082 1575 idem
1099 1541 1235 1576 Heius.
1251 1541 1446 1577 restituit:
1465 1541 1547 1577 vul-

835 1608 885 1645 go
917 1609 1091 1646 unquam
1102 1611 1118 1640 ;
1153 1605 1191 1632 at
1223 1598 1368 1634 Moret.
1398 1609 1475 1635 sec.
1508 1605 1548 1634 et

836 1651 942 1690 Gud.
962 1666 982 1690 a
995 1667 1048 1690 m.
1070 1666 1147 1690 sec.
1162 1654 1384 1691 Mezentius
1400 1653 1520 1691 hostis
1532 1668 1546 1690 .-

834 1722 923 1760 quae
947 1719 1013 1748 aut
1035 1724 1124 1747 vera
1144 1711 1264 1748 lectio
1286 1721 1366 1758 est,
1389 1721 1457 1749 aut
1472 1725 1546 1762 pro

833 1769 987 1804 veriore
1004 1767 1186 1804 habenda
1200 1796 1210 1813 ‚
1227 1769 1270 1804 in
1287 1770 1401 1816 cujus
1411 1768 1546 1805 locum

835 1826 1021 1861 successit
1049 1838 1240 1874 usquam,
1274 1825 1385 1874 quod
1407 1839 1456 1861 ex
1479 1837 1545 1861 sn-

833 1883 989 1931 periore
1008 1894 1125 1917 versu
1144 1895 1215 1932 per
1238 1895 1412 1919 errorem
1429 1884 1545 1919 itera-

835 1946 920 1974 tum
958 1939 1147 1988 suspicor.
1184 1941 1381 1977 Revocavi
1415 1948 1545 1976 autem

821 1994 1021 2047 finitimus
1042 2004 1225 2045 [anquam
1243 1998 1360 2032 unice
1379 2010 1518 2033 verum
1534 2009 1543 2033 :

835 2066 960 2101 quum
982 2054 1174 2102 scriptum
1200 2061 1298 2088 esset
1313 2053 1515 2106 finitimos
1534 2082 1544 2100 ‚

836 2109 1058 2145 aberratum
1069 2118 1125 2145 est
1138 2108 1545 2158 infim'cimo.—Fini-

835 2165 964 2212 timus,
975 2167 1015 2202 in
1030 2166 1220 2211 finitimo,
1238 2169 1306 2215 qui
1326 2177 1383 2204 est
1400 2169 1443 2204 in
1459 2166 1546 2204 fini-

835 2223 927 2258 tima
951 2222 1063 2260 urbe.
1085 2245 1143 2251 --
1165 2225 1260 2270 572.
1292 2225 1450 2262 Habent
1483 2225 1545 2261 hae

832 2292 968 2329 preces
986 2288 1094 2317 tanto
1107 2280 1195 2330 plus
1208 2283 1421 2328 suavitatis,
1436 2282 1545 2332 quod

832 2344 1018 2386 tanquam
1042 2339 1303 2387 praesensione
1331 2339 1462 2389 aliqua
1487 2348 1542 2376 ta-

831 2395 906 2431 cita
937 2395 1180 2432 imminentis
1214 2394 1299 2433 filio
1333 2397 1400 2433 sati
1432 2396 1542 2434 factae

831 2465 847 2487 x
858 2451 1030 2489 idemur.
1044 2453 1143 2490 Nam
1161 2454 1403 2490 interimitur
1419 2455 1543 2492 Pallas

830 2508 935 2545 libro
962 2512 1015 2546 X.
1039 2530 1097 2537 -——
1125 2510 1221 2557 5¹56.
1263 2513 1459 2547 Venturus
1499 2512 1540 2548 in

831 2579 971 2612 unum,
997 2567 1139 2604 iterum
1163 2580 1255 2605 enm
1277 2570 1476 2606 revisurus
1505 2577 1545 2607 et

831 2632 1113 2663 conventurus.
1129 2647 1188 2654 --
1207 2626 1231 2662 5
1238 2639 1256 2673 7
1266 2625 1304 2663 8.
1331 2626 1399 2662 Sin
1413 2640 1430 2670 ;
1451 2636 1543 2664 nota

836 2677 1017 2733 εὐφημία.
1042 2705 1100 2711 —
1125 2683 1221 2721 580.
1260 2684 1431 2720 Acutius
1459 2696 1546 2721 sen-

835 2740 995 2776 tentiam
1012 2740 1155 2779 extulit
1169 2740 1301 2779 valer.
1320 2740 1377 2780 Fl.
1393 2741 1430 2788 Ι,
1449 2741 1544 2785 326,
