1767 3054
706 107 860 146 LIBER
891 108 1008 146 vm.

1531 128 1610 166 299

114 184 246 238 Quos
267 178 334 226 illi
352 177 477 224 bello
501 176 728 240 profugos
753 193 891 240 cgere
916 178 1138 240 superbo.

111 255 382 302 Evandrum
402 252 604 314 petimus
631 271 640 297 :
668 252 786 298 ferte
812 252 935 311 haec,
959 264 1005 299 et
1033 253 1174 300 dicite
1199 253 1345 302 lectos

110 329 359 377 Dardaniae
377 328 560 375 venisse
586 328 752 385 duces,
773 330 900 375 socia
926 345 1056 375 arma
1075 331 1299 392 rogantis.
1326 351 1344 371 »

1549 358 1606 377 120

110 403 370 466 Obstupuit
391 413 522 449 tanto
545 419 793 465 percussus
817 404 1008 449 nomine
1026 404 1174 450 Pallas
1202 421 1212 448 :

108 500 128 521 α
149 477 385 540 Egredere
406 493 450 535 o,
470 479 758 540 quicumque
779 496 850 536 cs,
876 480 964 536 ait,
990 495 1245 542 coramque
1265 493 1507 542 parentem

103 552 400 615 Adloquere‚
425 568 479 598 ac
503 553 675 598 nostris
699 552 900 598 succede
920 553 1173 613 penatibus
1196 553 1385 616 hospes.
1410 575 1429 595 »

105 627 400 688 Excepitque
424 643 590 684 mauu,
616 626 925 686 dextramque
946 626 1190 687 amplexus
1212 627 1411 675 inhaesit.

104 693 344 764 Progressi
367 700 572 747 subeunt
599 700 730 757 luco,
756 700 1049 762 fluviumque
1069 701 1359 764 relinquunt.
1548 717 1606 745 125

172 778 294 821 Tum
318 773 670 836 regem’AEneas
696 774 832 820 dictis
854 774 1042 820 adfatur
1061 775 1221 822 amicis
1245 795 1254 821 ε

109 869 128 890 «
150 849 358 910 Optume
379 850 725 911 Grajugenum‚
750 849 827 894 cui
851 865 926 894 me
948 849 1137 896 fortuna
1157 851 1363 912 precari,

107 923 166 967 Et
191 921 309 968 vitta
332 934 512 969 comtos
535 923 687 969 voluit
710 923 1003 985 praetendere
1029 940 1184 970 ramos
1193 944 1206 984 ;

106 997 215 1041 Non
239 996 459 1057 equidem
489 996 710 1055 extimui,
735 1000 952 1044 Danaum
977 997 1107 1060 quod
1131 996 1327 1057 ductor,
1354 1009 1400 1045 et
1425 1003 1594 1057 Arcas,

108 1195 205 1233 quos
237 1182 301 1221 illi
331 1184 435 1222 bello
451 1185 646 1238 proficgos
677 1198 819 1237 egere,

107 1253 234 1290 quum
255 1242 383 1278 Latini
406 1251 559 1280 tantum
586 1243 739 1281 nollent
765 1256 824 1279 se-

107 1297 198 1334 dem
216 1299 397 1346 Trojanis
415 1302 458 1337 in
477 1313 549 1337 suo
573 1313 666 1350 agro
683 1312 823 1337 conce·

107 1354 224 1400 dere3
246 1355 404 1393 additur
425 1357 586 1394 invidiae
610 1370 743 1394 caussa
764 1371 825 1393 su-

102 1412 227 1462 perbo
238 1441 251 1458 ,
286 1414 361 1463 ipsi
409 1415 595 1464 superbi,
629 1414 820 1464 superbe,

109 1465 349 1522 ὑὲριστικῶς.
371 1493 430 1499 ——
458 1485 474 1508 1
489 1485 550 1521 19·
570 1475 686 1509 Ferte
711 1471 816 1516 lza’c,

106 1539 190 1564 non
202 1527 250 1564 ad
262 1541 415 1566 ramum
433 1542 522 1566 cum
539 1530 675 1567 Servio
687 1536 725 1566 et
741 1528 824 1565 aliis

104 1584 355 1623 referendum
378 1600 388 1632 ;
417 1586 484 1623 sed
505 1615 515 1632 ‚
549 1587 742 1623 nuntiate.
764 1607 823 1614 —-

110 1654 204 1680 120.
228 1642 454 1681 Dardaniae
476 1644 595 1680 duces
616 1643 713 1680 mihi
737 1644 823 1693 qui-

105 1697 194 1736 dem
217 1699 431 1738 admodum
464 1701 675 1752 displicent
706 1699 747 1738 h.
776 1701 819 1747 1.,

102 1757 298 1806 imprimis
315 1772 441 1810 quum
458 1767 667 1810 sequatur:
691 1759 821 1794 Tanto

98 1826 308 1863 percussus
321 1815 497 1853 nomine.
518 1815 738 1852 Dardania:
754 1814 819 1851 vi-

105 1883 169 1908 ros
201 1885 290 1922 pars
326 1872 442 1911 codd.
480 1881 518 1909 et
555 1871 644 1909 edd.
658 1900 669 1918 ‚
703 1873 819 1908 etiam

112 1928 200 1970 Ald.
223 1943 306 1979 pr.‚
334 1937 529 1966 mutatum
556 1928 633 1965 hoc
659 1930 701 1965 in
729 1928 818 1966 edd.

109 1999 184 2024 sec.
217 1987 259 2023 iu
290 1986 410 2023 duces
424 2001 439 2031 ;
472 1986 567 2023 hinc
603 1987 646 2022 iu
682 1987 820 2022 ceteris

107 2043 195 2082 edd.
217 2043 533 2093 obtinuit2qu0d
546 2044 681 2080 Heius.
702 2042 817 2080 codd.

107 2101 336 2139 auctoritate
358 2099 502 2138 firmat.
532 2103 631 2138 Sane
661 2100 821 2137 Darda-

107 2158 187 2196 m’ae
208 2158 326 2196 duces
356 2158 482 2195 dictos
509 2156 712 2208 praeferam
746 2170 820 2207 pro

110 2216 332 2253 Dardamae
350 2215 449 2252 viris
461 2230 476 2259 ;
497 2227 634 2251 verum
649 2242 659 2259 ‚
680 2215 711 2250 si
731 2213 824 2250 lecti

103 2282 222 2319 sunt,
245 2285 327 2310 nou
355 2281 430 2309 tam
461 2272 578 2308 duces
603 2284 721 2321 quam
738 2270 822 2307 viri

103 2329 263 2368 dicendi
296 2339 419 2367 erant.
459 2328 655 2366 Malebam
692 2341 785 2386 ergo
806 2339 815 2365 :

105 2386 337 2425 Dardanios
366 2386 526 2424 ‘venisse
556 2386 688 2431 viros,
722 2393 788 2422 aut
805 2413 815 2431 ‚

103 2446 198 2495 quia
220 2446 400 2494 sequitur
426 2453 540 2480 tanto
569 2442 820 2489 nomine,'le·

103 2514 194 2553 gere
215 2514 224 2540 ζ
242 2501 464 2538 Dardaniae
493 2501 651 2538 venisse
681 2501 819 2537 ducem

106 2581 165 2588 —
179 2568 401 2610 rogantem.
419 2562 570 2596 Verum
591 2557 705 2595 video
726 2571 821 2608 poe·

106 2624 185 2653 tam
201 2616 316 2654 docte
334 2618 510 2666 posuisse
534 2615 727 2666 pluralem
745 2628 818 2665 pro

106 2673 309 2724 singulari.
329 2694 387 2702 —
414 2680 507 2718 124.
545 2674 820 2722 Dextramque

109 2730 318 2780 amplexus
335 2729 512 2778 inlaaesit,
532 2743 625 2781 pro,
643 2730 819 2767 dextram

891 1187 1096 1237 amplexus
1118 1195 1175 1224 est
1207 1187 1320 1238 eique
1348 1186 1503 1224 inhaesit
1528 1188 1607 1238 (ex

891 1247 1128 1283 Homerico:
1151 1243 1187 1281 ἔν
1202 1249 1235 1282 τ’
1248 1242 1327 1297 ἄρα.
1345 1242 1378 1282 οἱ
1396 1247 1444 1296 φῦ
1459 1242 1557 1298 χειρὶ
1571 1246 1585 1296 )
1600 1273 1609 1290 ,

891 1310 929 1338 et
946 1302 1022 1338 hoc
1041 1316 1113 1352 pro
1126 1303 1296 1352 simplici
1314 1315 1323 1340 :
1346 1315 1507 1339 manum
1525 1316 1610 1352 pro-

889 1358 1041 1396 hendit.
1053 1359 1163 1397 Nihil
1181 1359 1348 1409 amplius
1364 1358 1412 1395 ad
1428 1372 1583 1397 sensum
1597 1389 1607 1406 ‚

888 1416 956 1452 sed
980 1425 1129 1453 ornate.
1146 1418 1201 1452 At
1217 1418 1351 1454 Burm.
1376 1418 1609 1454 Homerico-

889 1485 979 1509 rum
998 1481 1037 1510 et
1063 1474 1210 1510 Graecae
1228 1474 1392 1510 rationis
1409 1474 1453 1510 in
1472 1474 1606 1510 multis

889 1542 1027 1579 pamm
1068 1543 1220 1567 memor
1250 1543 1259 1568 :
1303 1530 1488 1567 dextram
1526 1544 1607 1566 am-

880 1587 1053 1637 plexus,
1077 1596 1116 1624 et
1137 1586 1312 1634 inhaesit,
1336 1600 1391 1625 sc.
1428 1590 1578 1626 cervice
1593 1619 1603 1636 ‚

888 1644 952 1681 vel
971 1644 1044 1681 alia
1065 1645 1244 1694 corporis
1258 1653 1383 1694 parte.

950 1715 966 1738 1
977 1715 997 1739 2
1007 1715 1025 1749 7
1034 1732 1042 1739 .
1056 1701 1214 1751 Optime
1223 1703 1352 1753 vulgg.
1367 1711 1455 1740 ante
1465 1705 1602 1741 Heim.

887 1761 934 1796 In
965 1759 1030 1796 cui
1056 1758 1218 1808 precari
1248 1760 1495 1808 antiquitatis
1526 1768 1606 1797 stu-

886 1815 996 1852 dium
1029 1814 1242 1852 declaravit
1288 1824 1403 1865 poeta
1420 1844 1429 1862 ,
1466 1816 1601 1854 saltem

887 1873 1122 1922 exquisitam
1158 1874 1378 1909 orationem
1417 1875 1600 1923 captavit.

886 1951 943 1957 —
968 1930 1060 1966 128.
1081 1929 1259 1974 comtos,
1282 1928 1411 1978 simpl.
1438 1943 1512 1980 pro
1538 1944 1601 1968 or-

886 1995 1012 2024 natos.
1033 1987 1180 2036 Ineptit
1200 1990 1308 2023 Serv.
1329 1994 1367 2022 et
1382 1987 1424 2022 iu
1443 1986 1521 2024 hoc
1535 2015 1546 2034 ,
1564 1997 1603 2025 et

885 2045 928 2080 in
963 2055 1094 2079 caussa
1125 2043 1354 2094 origiueque
1387 2040 1602 2096 ἱκετηρίας,

886 2113 975 2150 quae
999 2100 1077 2137 hoc
1108 2113 1223 2136 versu
1250 2099 1501 2150 designatur,
1535 2115 1602 2139 ex-

885 2156 1082 2207 ponenda.
1114 2158 1216 2194 Mira
1245 2159 1601 2197 comminiscuntur

886 2223 923 2251 et
944 2215 1008 2250 alii
1030 2226 1039 2251 :
1059 2222 1102 2250 ut
1119 2214 1340 2251 Paschalius
1355 2214 1403 2252 de
1420 2218 1597 2261 coronis,

885 2272 968 2316 VI,
994 2284 1056 2317 17.
1081 2273 1116 2307 Α
1137 2271 1327 2322 reQione
1351 2274 1472 2310 ritum
1501 2272 1599 2310 duc·

884 2337 968 2365 tum
995 2341 1076 2365 esse
1106 2329 1354 2365 manifestum
1371 2328 1418 2367 fit
1441 2342 1461 2366 e
1492 2332 1600 2368 vittis

883 2399 951 2422 seu
966 2385 1102 2423 infulis
1126 2386 1270 2432 laneis,
1292 2386 1601 2425 obvolventibue

884 2456 1036 2480 ramum
1065 2443 1334 2494 oleagineum,
1361 2445 1474 2491 cujus
1504 2457 1600 2481 usus

886 2509 966 2540 erat
989 2513 1080 2537 cum
1109 2501 1150 2537 iu
1170 2502 1312 2545 sacrss,
1344 2509 1429 2537 tum
1457 2502 1500 2537 in
1523 2501 1599 2538 lus-

887 2559 1055 2594 tratione
1081 2566 1118 2594 et
1145 2558 1383 2608 expiatione,
1404 2556 1598 2608 Adeoque

884 2615 939 2660 is,
960 2614 1029 2665 qui
1051 2614 1304 2664 praeferebat,
1335 2612 1459 2658 ἱκέτης
1473 2643 1483 2660 ,
1508 2627 1599 2665 sup-

884 2670 978 2723 plex
1006 2671 1152 2717 factus,
1178 2680 1246 2709 aut
1268 2673 1417 2708 crimen
1441 2672 1599 2722 expiare

886 2742 926 2766 se
942 2756 954 2777 ,
993 2736 1032 2767 et
1064 2729 1220 2780 culpam
1257 2729 1458 2780 deprecari
1499 2727 1599 2764 velle
