1767 3054
153 155 231 192 262

779 161 1021 202 AENEIDos

151 227 245 284 Qui
270 225 395 272 bello
419 227 561 275 exciti
587 245 740 292 reges,
766 248 870 293 quae
894 250 1129 296 quemque
1149 247 1320 283 secutae

148 303 422 366 Conplerint
443 320 633 367 campos
658 306 801 366 acies;
825 309 998 369 quibus
1022 310 1138 356 Itala
1159 310 1256 372 jam
1279 310 1388 358 tum'

148 377 384 424 Floruerit
406 389 533 426 terra
560 381 680 426 alma
701 382 838 441 viris,
861 383 1034 444 quibus
1060 386 1227 432 arserit
1250 387 1417 443 armis;

149 453 206 496 Et
230 453 505 501 meministis
531 456 678 513 enim,
707 455 848 514 divae,
874 469 920 503 et
939 474 1203 506 memorare
1222 460 1417 523 potestis
1438 478 1450 505 :

146 526 222 573 Ad
247 543 332 574 nos
355 529 437 575 vix
460 531 611 576 tenuis
633 532 768 577 samae
792 532 1057 594 perlabitur
1079 551 1208 582 aura.

213 604 397 651 Primus
418 605 504 650 init
529 605 705 652 bellum
728 607 988 668 Tyrrhenis
1013 624 1150 671 asper
1175 610 1234 656 ab
1256 612 1352 658 oris

147 682 422 728 Contemtor
446 681 609 728 divum
633 683 920 742 Mezentius,
949 684 1229 746 agminaque
1252 698 1416 734 armat.

146 760 180 802 F
184 757 290 803 ilius
312 757 425 803 huic
443 758 581 821 juxta
606 762 811 817 Lausus,
833 775 929 821 quo
950 760 1197 822 pulchrior
1218 761 1335 808 alter

143 835 253 878 Non
277 833 388 890 fuit,
411 845 611 896 excepto
631 835 879 881 Laurentis
900 852 1102 897 corpore
1129 836 1302 895 Turni3

1585 849 1645 879 650

143 907 348 964 Lausus,
374 923 551 968 equum
576 907 807 969 domitor,
833 909 1190 974 debellatorque
1214 911 1450 969 ferarum,

143 1088 191 1125 da
223 1091 414 1140 exponit3
451 1100 489 1129 et
521 1101 578 1129 est
600 1095 738 1144 utique
767 1108 861 1144 pro-

141 1149 274 1198 prium
304 1149 352 1185 de
384 1148 494 1186 aditu
523 1151 797 1200 patefaciendo
818 1152 859 1190 τὸ

139 1206 322 1255 pandere
333 1221 351 1251 ,·
371 1209 482 1257 atqui
500 1209 579 1255 jam
597 1218 688 1246 ante
709 1223 781 1259 per
802 1220 862 1248 to-

142 1273 227 1300 tum
252 1277 412 1302 carmen
437 1267 481 1302 in
507 1267 724 1313 Helicone,
757 1270 862 1305 inter

140 1323 275 1359 Musas
298 1325 445 1360 versari
475 1323 635 1371 debuit3
666 1334 705 1362 et
733 1328 862 1363 Musae

138 1380 217 1426 jam
253 1393 472 1418 memorare
507 1382 679 1420 debuere
708 1397 862 1421 caussas

139 1438 288 1473 irarum
311 1440 486 1476 Junom's
514 1453 605 1478 cum
636 1441 730 1492 ipsis
756 1442 857 1480 odiis

140 1507 360 1545 eorumque
381 1496 555 1536 effectis:
574 1512 624 1536 an
644 1508 690 1535 ut
708 1502 855 1546 Musae,

140 1565 212 1588 seu
234 1551 475 1590 descendant
488 1582 499 1601 ,
525 1568 593 1591 seu
612 1558 656 1593 in
673 1569 859 1607 conspec-

141 1617 228 1646 tum
261 1612 424 1648 veniant
442 1612 460 1647 Ξ)
509 1620 554 1648 ut
601 1615 645 1650 in
696 1615 857 1652 Hesiodi

141 1667 289 1718 Theog.
321 1681 382 1718 pr.
410 1669 661 1707 Probabilius
690 1671 855 1709 alterum

139 1724 216 1762 hoc
247 1736 256 1762 ε
283 1733 329 1762 ut
368 1739 452 1763 rem
483 1740 651 1775 novam,
690 1738 857 1766 vetustae

139 1784 364 1828 memoriae,
407 1783 483 1820 sibi
524 1794 740 1835 exponant.
787 1789 857 1824 Est

140 1849 266 1887 certe,
307 1840 441 1877 adeste
468 1850 508 1878 et
542 1842 684 1890 dicite3
718 1842 854 1881 ἔσπετε
907 1856 913 1859 ’

138 1899 199 1935 νῦν
241 1910 329 1950 μοι,
364 1900 532 1937 Μοῦσαι.
572 1901 640 1938 Ad
673 1901 856 1939 Claudia-

138 1968 237 1992 num
264 1958 345 2003 IV,
376 1969 393 1993 1
423 1957 646 1995 Gesnerum
673 1958 722 1995 de
750 1959 856 1996 Heli-

138 2024 238 2050 cone
253 2042 263 2060 ,
287 2023 475 2064 tanquam
500 2028 638 2062 scena,
665 2018 855 2068 cogitasse

137 2071 256 2108 video
278 2084 288 2110 ;
313 2073 422 2122 quod
455 2073 582 2110 nolim
615 2074 779 2113 factum.
798 2096 856 2106 --·

139 2128 238 2174 642.
277 2129 412 2167 Accici
457 2131 605 2170 Medic.
648 2133 778 2171 Colot.
817 2142 856 2170 et

137 2187 272 2226 Burm.
301 2189 511 2239 Excerpta.
545 2190 729 2228 Alterum
762 2190 856 2228 doc-

138 2245 236 2282 tius:
253 2244 402 2291 exciti,·
421 2255 460 2283 et
479 2246 582 2284 bello
596 2276 606 2295 ‚
626 2248 675 2285 ad
690 2248 852 2287 bellum.

142 2303 426 2353 Quemcunque
462 2305 569 2342 Gud.
608 2320 629 2343 a
657 2319 761 2345 man.
792 2321 852 2358 pr.

137 2371 425 2410 quemquaeque
459 2364 629 2401 Dorvill.
665 2387 723 2395 --—
754 2365 853 2409 643.

141 2416 399 2466 Complerunc
413 2423 529 2458 Rom.
555 2429 593 2457 et
622 2431 718 2460 vett.
748 2423 854 2472 apud

139 2475 239 2512 Pier.
263 2482 300 2510 et
321 2488 410 2524 pars
430 2478 646 2517 Burmann.
680 2493 770 2516 cum
795 2480 852 2518 hi-

139 2532 199 2568 nis
223 2531 344 2569 Goth.
361 2546 370 2576 3
386 2542 424 2569 et
441 2533 518 2571 hoc
539 2537 660 2586 magis
678 2539 849 2588 epicum.

145 2588 390 2638 Complerint
417 2591 564 2629 alicubi
595 2593 671 2644 legi
702 2597 853 2633 Pierius

141 2654 285 2684 narrat.
315 2647 435 2685 Acies
458 2662 619 2698 campos
640 2654 734 2690 Exc.
756 2655 853 2690 Bur-

140 2717 274 2742 mann.
301 2704 429 2750 acies,
462 2706 599 2755 quibus
620 2710 762 2747 arserit
787 2724 852 2747 ar-

142 2762 215 2799 mis
226 2762 341 2800 Witt.
354 2762 508 2799 librarii
527 2764 675 2803 fraude.
697 2781 734 2804 v.
753 2769 854 2804 Bur-

143 2833 276 2859 mann.
309 2821 357 2871 Q.
380 2822 413 2859 I.
442 2830 597 2860 tantum
618 2823 678 2862 Fl.
700 2825 855 2875 vulgata

931 1094 1060 1145 aliqua
1089 1103 1178 1132 ante
1209 1095 1309 1134 Pier.
1326 1095 1434 1145 legit.
1464 1116 1521 1123 -—
1543 1095 1646 1132 Sunt

928 1152 1012 1189 haec
1039 1154 1082 1190 in
1109 1153 1295 1190 laudibus
1319 1155 1463 1198 Itah'ae,
1485 1165 1580 1201 quas
1605 1166 1643 1190 v.

930 1211 1002 1247 Ge.
1036 1213 1101 1259 ΙΙ,
1125 1211 1199 1258 167
1235 1223 1315 1261 seq.
1331 1239 1342 1257 ‚
1362 1211 1435 1248 ubi
1463 1209 1529 1247 illa
1563 1218 1644 1258 174,

922 1281 1076 1318 parens
1120 1281 1274 1320 magna
1308 1268 1457 1306 virum.
1474 1290 1532 1297 -—
1548 1270 1643 1305 Jam

930 1334 1011 1362 tum
1027 1353 1038 1369 ,
1076 1326 1263 1375 praeclare
1305 1325 1409 1363 dixit
1426 1354 1436 1372 ‚
1473 1325 1522 1361 ad
1558 1325 1642 1363 lau-

931 1382 1021 1420 dem
1040 1385 1102 1420 sui
1122 1385 1209 1430 aevi,
1229 1385 1345 1421 tacita
1363 1382 1526 1434 quidem
1542 1396 1644 1420 com-

924 1442 1140 1492 paratione.
1161 1463 1219 1471 --
1239 1442 1338 1487 644.
1378 1444 1489 1492 Quos
1511 1455 1642 1493 popu-

924 1499 984 1536 los
1009 1499 1202 1536 bellantes
1226 1499 1426 1537 habuerit.
1444 1521 1503 1528 —
1532 1500 1614 1544 645
1630 1528 1640 1546 ‚

927 1557 1010 1601 646
1036 1570 1087 1593 ex
1107 1559 1283 1594 Homero
1306 1559 1511 1603 conversi,
1531 1557 1578 1595 11.
1593 1555 1638 1605 β,

927 1615 1008 1658 485
1043 1627 1102 1663 sq.
1139 1615 1305 1664 Sequuti
1340 1623 1435 1652 sunt
1470 1615 1557 1661 alii,
1595 1623 1641 1651 ut

924 1673 1069 1709 Statius
1090 1671 1217 1709 Theb.
1239 1674 1296 1708 IV
1310 1699 1321 1717 ‚
1341 1673 1392 1708 32
1414 1685 1499 1721 sqq.
1519 1671 1638 1710 Ovid.

924 1731 1002 1766 XV
1015 1730 1118 1765 Met.
1140 1729 1220 1765 622
1238 1757 1248 1775 ‚
1286 1729 1384 1766 623.
1405 1728 1549 1775 mim
1569 1728 1641 1781 fa-

924 1799 991 1822 ma
1004 1814 1014 1831 ‚
1033 1794 1072 1822 et
1087 1784 1385 1837 doctiusfamoe
1407 1800 1521 1825 aura.

982 1843 1182 1889 647—65
1189 1851 1226 1887 4.
1244 1843 1366 1893 Quod
1393 1844 1638 1882 Mezentium

923 1900 1080 1951 Agyllae
1099 1903 1373 1938 Lucumonem
1391 1902 1496 1938 inter
1511 1902 1639 1939 socios

922 1959 1155 1995 Latinorum
1190 1966 1406 2005 memorat,
1446 1958 1496 1996 ab
1536 1960 1638 1996 anti-

923 2029 1001 2065 qua
1020 2015 1120 2052 fama
1138 2022 1342 2053 mutuatus
1368 2024 1438 2053 est.
1459 2037 1517 2045 —-
1544 2018 1639 2065 Tyr-

922 2072 1053 2110 rhenis
1073 2074 1124 2110 ab
1140 2073 1217 2110 oris
1234 2073 1456 2110 Mezentius
1468 2102 1479 2121 ‚
1500 2075 1638 2112 oriun-

923 2130 996 2168 dus
1014 2146 1065 2168 ex
1080 2133 1250 2170 Etruria.
1271 2131 1412 2169 Pulsus
1428 2132 1536 2168 enim
1557 2132 1639 2169 Cae-

922 2202 964 2225 re
980 2189 1088 2239 apud
1104 2189 1276 2229 Rutulos
1298 2197 1397 2226 tnnc.
1425 2190 1575 2241 agebat.
1598 2202 1635 2227 v.

922 2246 993 2285 inf.
1018 2249 1142 2294 VIII,
1184 2255 1264 2297 492
1280 2261 1295 2294 ,*
1330 2249 1428 2297 493.
1460 2247 1637 2285 Contem-

922 2314 985 2342 tor
999 2304 1129 2342 divum
1142 2319 1192 2343 ex
1204 2305 1304 2342 fama
1316 2307 1478 2356 antiqua
1493 2316 1504 2341 :
1519 2317 1635 2354 quam

922 2377 942 2400 e
959 2363 1140 2402 Macrob.
1156 2365 1235 2412 ΙΙΙ,
1251 2365 1287 2401 5.
1302 2366 1536 2409 —Lausus,
1556 2376 1634 2412 quo

917 2420 1124 2472 pulchrior
1140 2421 1253 2460 alter.
1275 2421 1540 2460 Imitationem
1556 2422 1635 2458 Ho-

921 2480 1060 2516 merici
1088 2480 1199 2518 Nirei
1227 2479 1343 2516 multi
1375 2485 1568 2515 notarunt
1587 2479 1634 2518 ΙΙ.

920 2535 968 2584 β,
996 2551 1035 2575 v.
1058 2538 1138 2584 673
1155 2565 1165 2583 ,
1191 2537 1299 2584 6743
1320 2544 1360 2572 et
1380 2535 1549 2573 similem
1577 2537 1634 2574 lo-

921 2608 1011 2631 cum
1043 2594 1091 2631 de
1122 2594 1318 2644 Euryalo,
1347 2594 1392 2630 in
1423 2592 1565 2644 Odyss.
1591 2594 1631 2642 θ,

926 2652 1005 2688 116
1021 2679 1031 2698 ,
1056 2664 1072 2688 1
1086 2664 1130 2698 17
1149 2679 1158 2697 ,
1180 2660 1218 2688 et
1237 2650 1453 2688 deAloidis
1467 2654 1513 2698 λ,
1536 2652 1630 2702 309.

925 2709 1096 2758 Corpore
1116 2708 1241 2746 Turni
1259 2722 1334 2759 pro
1357 2711 1509 2756 Turno,
1537 2718 1631 2747 nota

922 2780 973 2804 ex
993 2767 1139 2803 Graecis
1161 2766 1302 2804 forma.
1323 2766 1427 2805 conf.
1442 2780 1529 2819 sup.
1547 2768 1607 2805 VI
1619 2796 1630 2815 ‚

927 2837 993 2863 22.
1023 2823 1133 2861 Idem
1156 2827 1304 2862 Lausus
1338 2837 1482 2875 equum
1505 2824 1627 2864 domi-
