1767 3054
188 131 264 176 128

1303 43 1412 114 a&

807 134 1047 172 AENEIDOS

182 207 460 250 Tartareum
482 203 558 250 ille
581 220 723 250 manu
746 206 987 251 custodem
1012 206 1059 250 in
1082 205 1235 251 vincla
1258 205 1444 268 petivit,
1613 216 1672 256 395

182 279 335 341 Ipsius
361 295 388 325 a
407 279 525 326 solio
551 279 672 342 regis
696 281 932 341 traxitque
956 292 1253 339 trementcm;

182 355 245 400 Hi
268 354 503 400 dominam
526 354 647 399 Ditis
670 354 873 400 thalamo
895 354 1128 400 deducere
1155 355 1320 401 adorti.
1350 376 1368 395 υ

183 433 301 487 Quae
321 441 485 476 contra
505 429 714 474 breviter
739 429 833 474 fata
852 439 920 474 est
943 428 1229 492 Amphrysia
1249 440 1377 476 vates
1399 448 1408 473 :

183 526 201 544 «
224 504 374 549 Nullae
400 503 476 548 hie
503 503 682 547 insidiae
707 503 840 560 tales;
868 502 1039 548 absiste
1059 505 1261 563 moveri3

181 582 278 624 Nee
303 578 400 622 vim
422 578 513 622 tela
538 577 717 635 serunt3
746 578 854 623 licet
875 578 1037 639 ingens
1056 579 1389 640 janitorantro

1608 593 1668 625 400

182 657 426 698 AEternum
444 654 617 698 latrans
639 654 887 715 exsanguis
909 664 1082 699 terreat
1106 654 1331 713 Umbras3

181 731 316 773 Casta
340 727 447 772 licet
472 727 631 788 patrui
655 737 808 772 servet
833 729 1116 789 Proserpina
1137 745 1325 775 numen.

179 801 348 847 Troius
371 803 564 857 AEneas,
586 799 760 860 pietate
785 798 979 861 insignis
1001 811 1047 845 ct
1067 800 1230 859 armis,

178 876 252 921 Ad
279 875 539 937 genitorem
559 874 676 919 imas
696 873 841 920 Erebi
862 874 1104 921 descendit
1125 875 1185 921 acl
1205 875 1409 924 umbras.

179 951 229 997 Si
254 962 297 996 te
328 950 454 996 nulla
479 959 637 994 movet
655 959 794 995 tantae
819 950 1005 1012 pietatis
1025 951 1202 1013 imago,

1608 967 1669 1002 405

179 1029 239 1070 At
262 1040 445 1070 ramum
465 1023 591 1070 hunc
612 1023 793 1085 (aperit
813 1040 994 1070 ramum
1016 1025 1098 1086 qui
1122 1037 1250 1073 veste
1270 1025 1472 1089 latebat)

178 1221 345 1246 mannus
371 1208 419 1246 de
444 1209 522 1247 hoe
544 1209 762 1249 dubitabat.
786 1209 888 1247 Vide

177 1280 216 1303 v.
248 1279 281 1305 c,
308 1267 354 1304 ΙΙ.
384 1264 425 1313 ξ,
465 1269 567 1316 317,
600 1270 679 1306 318
703 1278 739 1306 et
763 1269 810 1306 al.
833 1291 889 1297 —-

181 1325 262 1373 395
277 1353 287 1369 ‚
316 1325 409 1374 396.
432 1327 597 1363 Fundus
616 1327 759 1363 fabulae
779 1327 824 1364 Il.
844 1327 886 1373 θ,

182 1382 257 1429 367
289 1396 373 1432 sqq.
407 1385 525 1420 Varie
556 1393 686 1421 autem
715 1397 736 1420 a
762 1386 888 1435 poetis

179 1447 369 1476 tractatus
402 1441 477 1478 fuit
509 1442 692 1479 Herculis
720 1443 768 1479 ad
795 1442 890 1479 infe-

177 1511 242 1534 ros
261 1497 483 1538 descensus,
512 1501 626 1538 Conf.
652 1514 689 1538 ν.
716 1514 749 1538 e.
776 1501 821 1538 Il.
846 1513 883 1547 ε,

180 1556 260 1604 395
289 1569 395 1606 seqq.
427 1557 608 1607 Apollod
651 1560 712 1605 II,
740 1558 787 1604 5,
822 1572 885 1596 12.

176 1613 316 1650 Thesei
334 1614 546 1651 descensus
563 1617 611 1652 ad
630 1617 892 1653 imitationem

176 1673 360 1709 Herculis
379 1671 659 1719 adumbratus,
694 1682 738 1710 ut
766 1675 892 1723 plera·

176 1742 253 1778 que
272 1730 343 1767 alia
361 1730 501 1768 Thesei
524 1732 566 1767 in
587 1731 789 1769 Theseide.
811 1733 890 1769 Sci-

175 1786 266 1823 licet
296 1788 447 1836 ubique
488 1790 531 1824 in
547 1788 608 1823 his
638 1790 884 1825 imitatorum

174 1843 349 1881 studium
369 1844 641 1894 deprehendas
655 1874 664 1891 ,
685 1847 717 1881 si
734 1845 796 1882 vel
816 1859 857 1882 ea
873 1875 882 1892 ,

175 1914 262 1951 quae
287 1902 519 1939 Plutarchus
541 1901 634 1939 inde
654 1911 785 1939 narrat
798 1930 808 1948 ,
829 1905 885 1940 in-

174 1960 326 2009 spicias.
348 1962 407 1997 De
426 1960 599 1998 Cerbero
625 1974 663 1997 v.
689 1961 760 1998 inf.
782 1960 830 1997 ad
846 1975 883 1998 v.

178 2026 272 2065 417.
304 2040 362 2046 —-
391 2019 485 2067 397.
522 2017 736 2055 Thalamos
764 2017 884 2056 Goth.

175 2084 262 2113 tert.
304 2076 452 2112 Adorsi
489 2076 667 2126 plerique
705 2077 804 2114 Pier.
849 2084 888 2113 et

174 2135 350 2183 quinque
374 2135 509 2171 Heius.
534 2137 642 2184 Saepe
662 2133 710 2170 de
726 2133 798 2170 hac
822 2146 886 2170 va-

175 2192 339 2228 riatione
363 2204 476 2241 egere
493 2193 570 2228 viri
589 2191 709 2229 docti.
729 2214 785 2220 —
810 2193 887 2228 Do-

174 2248 347 2295 minam,
383 2246 613 2294 ὃέσποιναν,
647 2251 806 2300 proprie
837 2249 885 2286 de

174 2308 419 2356 Proserpina.
445 2307 554 2344 Alias
583 2307 732 2343 dictum
762 2315 884 2353 esset,

174 2372 218 2399 ut
237 2376 297 2414 ap.
320 2365 540 2402 Homerum
571 2365 712 2414 passim
744 2362 885 2415 ἄλοχος

175 2415 373 2461 δέσποινα..

233 2480 328 2527 398.
358 2479 599 2530 Amphrysia
618 2489 748 2518 vaces.
784 2481 883 2517 Lon-

174 2547 219 2584 ge
246 2537 414 2585 petitum
441 2536 644 2586 epitheton
675 2551 766 2574 cum
795 2540 882 2576 Ser-

174 2593 240 2628 vio
269 2602 386 2629 vocat
409 2595 543 2632 Burm.
572 2596 784 2632 Enimvero
811 2608 883 2631 cur

175 2658 254 2685 tam
271 2648 386 2700 longe
402 2659 556 2700 petunt,
578 2650 626 2687 ab
638 2651 881 2701 Amphryso,

175 2706 380 2744 Thessaliae
410 2706 476 2752 fl.,
506 2706 552 2743 ad
587 2721 706 2756 quem
733 2708 882 2757 Apollo

175 2764 283 2812 pavit
309 2776 442 2815 greges
473 2763 538 2813 (v.
571 2764 722 2802 Gallim.
757 2766 806 2801 H.
838 2765 882 2801 in

958 1211 1036 1259 Ap.
1060 1210 1110 1253 48
1127 1238 1137 1256 ,
1158 1218 1197 1246 et
1214 1223 1301 1260 sup.
1324 1210 1468 1261 Georg.
1487 1213 1545 1248 III
1559 1240 1569 1258 ‚
1593 1212 1666 1263 2),

958 1280 1082 1316 quum
1105 1267 1178 1304 alia
1201 1276 1300 1305 esset
1329 1269 1577 1320 Amphrysus
1601 1270 1664 1322 (v.

958 1325 1091 1374 Steph.
1110 1327 1205 1376 Byz.
1224 1325 1264 1362 h.
1285 1339 1324 1364 v,
1343 1325 1358 1378 )
1374 1354 1384 1372 ,
1405 1327 1466 1363 vel
1490 1327 1664 1378 Ambry-

958 1395 1043 1428 sus,
1068 1384 1111 1419 in
1136 1382 1331 1429 Phocide,
1352 1385 1396 1420 in
1419 1384 1667 1434 Delphorum

956 1440 1098 1476 vicinia
1112 1468 1122 1486 ,
1162 1449 1208 1478 ut
1244 1440 1340 1479 adeo
1377 1441 1482 1479 idem
1515 1444 1565 1479 sit
1597 1456 1642 1479 ac.
1655 1471 1665 1490 ,

955 1498 1147 1548 Delphica
1187 1507 1315 1545 vates,
1348 1499 1518 1537 Cirrhaea
1545 1508 1665 1539 vates.

1015 1563 1255 1600 Aoo—4402.
1273 1559 1359 1594 Nec
1371 1585 1382 1603 ,
1401 1570 1452 1594 ne
1474 1557 1669 1595 Cerberus

958 1613 1202 1659 abducatur,
1240 1623 1309 1651 aut
1343 1616 1577 1665 Proserpina
1606 1628 1666 1651 ra-

957 1672 1112 1720 piatur,
1134 1671 1354 1708 verendum
1383 1672 1458 1709 tibi
1484 1680 1552 1710 est.
1577 1673 1665 1709 Ser-

956 1737 1018 1764 vec
1042 1727 1180 1765 limen.
1221 1729 1324 1765 Mira
1352 1730 1665 1767 comminiscitur

956 1785 1093 1822 Cerda.
1129 1787 1265 1822 Servat
1290 1785 1474 1832 domum,
1513 1786 1659 1832 limen,

952 1841 1172 1878 thalamum
1186 1871 1195 1888 ,
1217 1856 1266 1879 ex
1282 1846 1407 1881 veteri
1428 1843 1590 1881 vivendi
1605 1858 1664 1881 ra-

953 1900 1060 1936 tione
1074 1929 1084 1947 ,
1104 1900 1246 1936 mulier
1265 1910 1368 1938 casta
1382 1931 1393 1949 ‚
1420 1901 1550 1952 frugi,
1570 1916 1662 1953 qua-

953 1965 1068 1994 tenus
1100 1966 1358 2008 conspectum
1392 1960 1573 1997 virorum
1602 1960 1664 1998 fu-

954 2017 1032 2066 git,
1066 2017 1168 2052 intra
1196 2015 1360 2053 domum
1390 2030 1431 2054 se
1462 2018 1661 2063 continet,

951 2074 994 2109 in
1011 2073 1218 2123 publicum
1242 2086 1326 2110 non
1350 2074 1497 2124 prodit.
1517 2075 1567 2112 cf.
1588 2075 1659 2113 inf.

953 2132 1033 2167 VII
1047 2159 1057 2176 ,
1083 2132 1104 2169 5
1112 2144 1132 2167 2
1149 2159 1158 2177 ,
1185 2131 1251 2169 53.
1271 2131 1381 2169 Licet
1398 2141 1544 2178 servet,
1564 2142 1662 2171 noto

952 2201 1061 2225 more
1081 2197 1288 2239 poetarum
1311 2203 1384 2240 pro
1403 2190 1581 2241 vulgari,
1612 2189 1661 2226 li-

952 2255 1014 2282 cet
1027 2259 1180 2284 servare
1191 2261 1208 2292 ;
1224 2261 1294 2298 per
1310 2250 1397 2294 nos,
1413 2261 1484 2298 per
1499 2250 1661 2285 AEneam

951 2304 1055 2342 licet.
1091 2318 1129 2342 v.
1168 2306 1452 2343 Burmannum.
1472 2325 1530 2333 —-
1561 2305 1657 2348 405.

957 2363 1176 2399 Tantarum
1190 2362 1324 2414 gloria
1347 2374 1473 2401 rerum
1489 2374 1551 2412 ap.
1572 2363 1657 2400 Ma-

953 2419 1062 2458 crob.
1081 2422 1140 2457 VI
1163 2421 1240 2458 Sat.
1263 2420 1311 2467 6,
1345 2417 1414 2455 sed
1432 2431 1482 2455 ex
1505 2418 1582 2456 alio
1604 2419 1659 2458 lo-

951 2490 999 2514 co
1014 2505 1024 2523 ,
1046 2490 1134 2528 sup.
1153 2479 1226 2521 IV,
1247 2488 1327 2522 272
1344 2503 1355 2521 ‚
1378 2477 1654 2515 tat-Burmann.

950 2534 1079 2572 docet.
1098 2555 1158 2562 —
1176 2531 1344 2570 Pietatis
1364 2531 1498 2584 imago
1511 2561 1522 2580 ,
1552 2534 1657 2585 apud

949 2593 1146 2636 animum,
1171 2590 1368 2640 cogitatio.
1391 2590 1492 2627 Cum
1516 2590 1578 2628 his
1596 2593 1654 2630 Si-

947 2648 1066 2698 hyllae
1086 2645 1215 2685 verbis
1240 2659 1390 2684 ramum
1410 2660 1571 2686 aureum
1590 2650 1656 2686 AE-

948 2717 1038 2742 neas
1069 2703 1144 2740 sub
1175 2712 1281 2741 veste
1315 2712 1464 2742 tectum
1497 2704 1621 2742 nudat
1641 2718 1651 2744 ε

947 2775 1031 2800 non
1058 2773 1152 2800 vero
1182 2769 1365 2813 tanquam
1389 2775 1535 2800 munus
1553 2762 1654 2801 Cha-
