1767 3054
747 182 899 219 LIBER
932 182 983 217 V.
1575 197 1587 218 1
1602 197 1619 207 ’-

115 261 222 305 Non
245 267 337 303 tam
360 252 625 318 praecipitcs
645 251 809 315 bijugo
830 251 1085 298 certamine
1107 268 1325 315 campum

117 332 430 394 Conripuerc,
457 340 695 390 ruuntque
719 328 858 373 effusi
881 343 1070 372 carcerc
1097 344 1287 386 currus;

1560 341 1617 376 1³¹5

115 412 158 456 N
161 425 214 454 ec
236 407 302 453 sic
326 404 527 451 inmissis
549 404 725 466 aurigae
755 402 981 449 undantia
1006 403 1108 449 lora

115 485 403 529 Concusscrc
419 480 566 542 jugis,
589 479 822 541 pronique
843 478 890 522 in
914 476 1116 523 verbera
1139 477 1360 540 pendent.

113 561 235 605 Tum
256 558 424 620 plausu
444 556 730 618 fremituque
749 555 906 600 virum
926 553 1188 616 studiisque
1214 555 1454 613 faventum

114 637 352 680 Consonat
372 648 510 678 omne
532 648 718 690 nemus,
739 646 1000 692 vocemque
1021 631 1202 678 inclusa
1226 631 1441 678 volutant

115 709 300 768 Litora;
322 709 494 772 pulsati
516 709 657 755 colles
682 708 886 754 clamore
911 707 1153 753 resultant.

1558 721 1615 750 150

180 785 360 846 Effugit
380 797 487 830 ante
514 784 652 840 alios,
672 782 930 846 primisque
954 782 1159 828 elabitur
1181 781 1321 829 undis

114 858 324 906 Turbam
344 860 466 905 inter
483 859 815 920 fremitumque
836 863 986 919 Gyas3
1003 874 1144 920 quem
1166 857 1335 905 deinde
1357 857 1615 905 Cloanthus

116 935 453 997 Consequitur,
478 935 644 980 melior
666 934 829 992 remis;
851 934 932 980 sed
951 934 1162 996 pondere
1182 935 1321 996 pinus

116 1009 270 1056 Tarda
292 1020 418 1056 tenet
439 1027 449 1054 τ
474 1022 579 1072 post
604 1009 690 1056 hos
717 1026 852 1071 aequo
879 1009 1151 1055 discrimine
1173 1009 1335 1056 Pristis

116 1087 474 1146 Centaurusque
496 1085 651 1130 locum
671 1082 871 1130 tendunt
891 1100 1115 1146 superare
1141 1085 1374 1145 priorem;

1556 1096 1614 1126 155

118 1163 176 1207 Et
195 1178 320 1208 nunc
339 1161 502 1207 Pristis
523 1159 689 1218 habet,
710 1176 835 1206 nime
859 1160 1031 1206 victam
1057 1160 1267 1222 praetcrit
1290 1160 1451 1222 ingens

182 1406 334 1443 144-—
358 1405 449 1446 147.
486 1400 647 1444 Sumta‚
681 1406 727 1435 ut
756 1399 835 1446 jam

119 1456 325 1496 Macrobio
345 1457 383 1492 V
396 1484 407 1502 ‚
432 1468 447 1492 1
461 1468 476 1492 1
500 1463 682 1493 notatum
697 1484 708 1502 ‚
730 1469 836 1493 com-

116 1516 267 1566 paratio
298 1513 348 1551 ab
386 1515 562 1551 Homero
589 1513 665 1552 Od.
700 1527 743 1560 ν,
782 1514 831 1551 81

119 1587 204 1624 sqq.
233 1572 310 1612 Sed
344 1572 397 1610 cf.
425 1571 538 1609 Iliad.
565 1567 615 1621 ψ,
649 1572 727 1609 362
748 1585 833 1621 sqq.

120 1639 159 1668 et
179 1632 249 1669 Ge
275 1631 358 1676 111,
391 1631 468 1667 103
498 1643 583 1680 sqq.
611 1631 754 1668 Omnia
769 1630 834 1666 hic

119 1697 269 1727 ornate.
287 1687 434 1740 Bijugo
450 1687 668 1725 certamine
684 1701 757 1739 pro
779 1688 837 1726 bi-

121 1759 271 1799 garum.
333 1746 528 1797 Campum
571 1745 794 1796 corripuere
820 1775 831 1793 ‚

121 1806 368 1855 corripiunt;
393 1813 440 1842 ut
459 1818 641 1855 carpere,
666 1807 835 1855 corripe-

123 1877 164 1900 re
181 1864 307 1909 viam,
340 1864 524 1913 spatium.
554 1862 746 1900 Immi'sszs
769 1864 835 1912 (in

125 1919 314 1970 cursum)
331 1919 465 1971 jugis,
486 1919 526 1957 h.
550 1933 583 1958 e.
605 1922 715 1970 equis
731 1922 838 1972 juga-

123 1979 228 2017 libus
247 1977 423 2014 admissis
435 2005 446 2022 ‚
466 1977 562 2014 dum
581 1977 682 2015 freni
699 1979 837 2016 laxan-

125 2046 204 2075 tur.
251 2034 459 2074 Undancia
495 2035 608 2081 lora,
643 2038 839 2085 exquisite

124 2108 199 2147 pro
214 2093 346 2131 effusis
361 2094 494 2132 frenis.
510 2093 634 2130 Proni
649 2092 688 2129 in
701 2095 840 2131 verbe-

128 2167 175 2191 ra
187 2152 388 2204 pendent,
426 2152 536 2203 quod
565 2152 757 2203 egregiam
783 2153 840 2189 rei

126 2214 338 2262 imaginem
371 2210 512 2257 habet,
558 2212 635 2261 ipsi
670 2211 840 2262 Virgilio

127 2269 264 2308 deberi
281 2266 438 2306 videtur
450 2297 460 2316 ,
493 2269 566 2306 etsi
584 2282 644 2306 res
660 2282 842 2319 expressa

125 2330 153 2368 l.
176 2342 211 2367 c.
240 2326 480 2372 362—364.
502 2327 649 2365 Contra
665 2327 714 2363 de
731 2329 842 2377 equis

128 2386 312 2438 praeclare
344 2387 576 2424 Homerus:
600 2383 708 2423 Hsiv.
713 2397 745 2428 ες
774 2383 842 2438 ἅμ’

130 2442 377 2525 ὁρμηθέντες,
409 2441 485 2480 ὑπὸ
512 2446 687 2498 ’ὶ-ηγῇσι
689 2458 706 2480 ν
723 2441 771 2510 ‚²1²¹
763 2441 842 2480 ,οἱσ-

130 2503 241 2550 θλης,
277 2490 356 2552 Ϊψά
358 2503 392 2540 σ’
433 2499 550 2555 ἀειρε
525 2513 590 2538 ue
576 2514 673 2548 νει,
719 2498 843 2554 ῥίμφα

129 2558 340 2614 πρήσσῡυσι
359 2558 548 2598 κέλευθον.
570 2561 735 2598 Homeri
759 2561 842 2597 lau-

130 2618 249 2657 dibus
278 2619 395 2656 etiam
412 2617 478 2656 hic
498 2618 598 2656 male
621 2618 845 2656 obtrectant

130 2678 209 2714 viri
238 2676 360 2716 docti.
383 2699 443 2707 —-
474 2684 566 2725 147.
595 2676 706 2713 Jubis
739 2677 843 2725 conj.

132 2736 267 2774 Heius.
286 2747 359 2773 nec
375 2735 415 2773 id
432 2736 625 2774 absonum
640 2750 650 2782 ;
667 2735 736 2773 sed
743 2735 847 2787 juga

135 2805 210 2843 pro
228 2795 340 2844 equis
359 2793 462 2833 dixit
486 2803 616 2846 poeta.
637 2793 727 2832 vide
747 2795 846 2832 Bur-

137 2863 336 2892 mannum.

966 1397 1060 1441 148.
1075 1396 1172 1435 Cum
1185 1410 1230 1447 p.
1255 1398 1401 1436 Moret.
1419 1411 1478 1448 pr.
1498 1399 1621 1438 Plau-

903 1468 966 1492 sus
983 1455 1080 1492 alter
1098 1455 1265 1494 Mentel.
1286 1456 1524 1506 Geminique
1537 1460 1620 1496 Hu-

902 1526 990 1564 gcn.
1008 1535 1067 1544 ·—-
1090 1520 1168 1563 149
1182 1542 1193 1560 ‚
1219 1514 1311 1552 150.
1339 1514 1540 1552 Consonat
1554 1530 1623 1554 ex·

902 1572 1086 1621 quisitius
1104 1585 1223 1622 quam
1240 1600 1250 1618 ‚
1269 1582 1444 1610 resonat.
1464 1575 1595 1612 Litora
1610 1602 1620 1619 ‚

901 1630 945 1666 in
980 1629 1183 1679 planitiem
1226 1629 1405 1668 declivia.
1456 1632 1622 1670 Inclusa

904 1687 1078 1724 collibus
1120 1688 1181 1724 his
1215 1690 1447 1728 nemorosis.
1491 1689 1622 1728 Colles

901 1745 1099 1783 resultant
1112 1746 1302 1792 clamore,
1319 1746 1490 1793 doctius,
1503 1761 1621 1799 quam

902 1813 948 1840 ut
964 1804 1086 1857 vulgo
1099 1834 1110 1852 ‚
1139 1806 1173 1842 si
1195 1805 1344 1843 clamor
1362 1804 1487 1843 resilit
1503 1818 1523 1842 a
1542 1807 1622 1845 col-

899 1861 1019 1900 libus.
1032 1885 1090 1892 —
1108 1876 1123 1900 1
1134 1870 1200 1915 49,
1229 1864 1393 1900 Inclusa
1408 1876 1561 1902 erasum
1581 1866 1624 1902 in

903 1922 1002 1957 Exc.
1023 1923 1159 1958 Burm.
1188 1930 1226 1959 et
1244 1922 1287 1958 in
1305 1935 1427 1973 marg.
1444 1936 1524 1972 per
1541 1936 1624 1960 am-

897 1978 975 2028 pla
991 1991 1041 2014 ex
1058 1982 1146 2016 AEn.
1166 1981 1185 2015 I
1198 2008 1208 2025 ‚
1235 1979 1331 2025 725.
1353 1981 1419 2016 Jo.
1439 1980 1623 2019 Schrade-

906 2048 972 2071 rus
1000 2036 1044 2071 in
1066 2035 1220 2073 schedis
1247 2035 1450 2074 tentabat:
1473 2037 1620 2086 inlisa,

908 2092 1082 2138 incussa,
1107 2093 1276 2144 impulsa
1292 2123 1302 2140 ‚
1331 2102 1369 2131 et
1384 2108 1562 2146 (equora.

971 2164 987 2187 1
998 2151 1020 2187 5
1032 2164 1046 2187 1
1069 2173 1128 2180 —-
1156 2166 1170 2189 1
1181 2153 1248 2190 58.
1268 2151 1456 2189 Elabitur
1470 2156 1624 2208 egregie

907 2221 1000 2258 pro,
1015 2211 1223 2259 praecurrit
1235 2210 1433 2257 celeriter,
1452 2220 1498 2249 ut
1515 2215 1624 2253 Serv.

908 2267 1038 2316 primo
1057 2270 1186 2305 statim
1202 2282 1359 2320 egressu
1378 2282 1397 2305 a
1419 2269 1548 2309 litore.
1567 2293 1626 2302 ·--

915 2338 930 2361 1
942 2325 1009 2362 52.
1037 2326 1326 2377 Strepitumque
1360 2328 1531 2367 Dorvill.
1558 2344 1626 2382 gc-

910 2382 1126 2433 mitumque
1142 2384 1296 2423 Zulich.
1308 2399 1389 2422 ——1
1401 2386 1467 2431 54.
1485 2389 1623 2434 Tenet,

910 2449 1087 2478 moratur
1098 2455 1274 2489 cursum,
1286 2443 1350 2481 vel
1363 2443 1601 2484 Cloanthum
1613 2462 1625 2494 ;

910 2511 984 2549 pro
1004 2500 1112 2536 tarda
1129 2509 1198 2539 est.
1217 2503 1352 2552 AEquo
1371 2501 1620 2550 discrimine,

910 2558 995 2608 pari
1027 2567 1254 2606 momento,
1282 2568 1328 2597 ut
1355 2561 1459 2597 linea
1488 2561 1625 2601 eadem

910 2616 1139 2654 incederent
1158 2629 1167 2655 :
1186 2630 1264 2667 qua
1296 2617 1580 2657 discernuntur
1608 2634 1628 2658 a

913 2677 1050 2711 ceteris
1069 2676 1238 2714 navibus
1257 2687 1266 2712 :
1283 2676 1391 2714 unde
1409 2676 1622 2716 discrimen

915 2732 1046 2770 dicere
1085 2736 1228 2784 potuit.
1261 2735 1409 2772 Locum
1443 2748 1628 2786 superare

907 2791 1107 2842 priorem,
1130 2792 1306 2843 assequi,
1328 2801 1458 2831 tenere
1471 2821 1482 2839 ‚
1502 2795 1625 2831 altero

917 2859 1100 2901 superato
1115 2851 1247 2890 locum
1263 2852 1436 2904 primum
1454 2865 1506 2890 sc.
1527 2853 1630 2891 inter

1453 2929 1472 2948 ἡ

1421 2947 1447 2977 2
