1767 3054
573 154 649 197 'AD
680 160 883 197 LIBRUM
914 161 1025 198 vm.
1477 168 1556 212 413

0 283 1 290 ἵ
51 244 180 284 genus
201 247 317 272 omne
322 232 476 288 fieturae
496 230 637 284 Stirpis
657 232 707 270 ab
726 233 906 270 Ascanio
916 243 1184 286 pugnataque
1203 234 1243 273 1'n
1263 237 1402 276 ordine
1421 239 1528 276 bellu
1542 255 1557 285 ;

55 308 173 350 atque
202 315 253 340 ex
281 303 328 340 iis
357 301 616 351 decerpturos
645 301 838 338 nonnulla
867 300 1028 349 subjicit
1050 314 1059 340 ;
1084 304 1253 340 Fecerat
1273 313 1314 341 et
1331 304 1458 342 viridi
1479 315 1555 344 etc.

56 367 113 404 At
139 370 244 406 euim
273 381 364 407 cum
387 369 564 405 Homero
584 376 781 405 certamen
803 368 912 414 iniit,
936 368 1100 418 ejusque
1117 369 1299 420 exemplo
1316 370 1451 420 plures
1471 385 1558 408 ana-

56 432 295 485 glyphorum
313 447 418 472 areas
434 436 641 472 constituit
656 449 665 481 ;
682 435 759 471 hoc
775 434 851 471 sibi
867 437 1119 485 propositum
1134 436 1276 474 habuit
1292 438 1421 487 primo
1440 438 1555 485 loc03

57 499 182 539 altero
202 510 247 539 ut
268 504 457 540 Romanis
478 503 559 539 suis
577 503 761 553 placeret.
787 502 827 540 Si
851 503 944 538 artis
965 504 1155 540 rationem
1174 503 1322 541 habere
1341 506 1556 551 voluisset,

55 579 140 605 non
157 566 335 607 dividere
352 570 538 620 clypeum
555 572 598 607 in
616 578 769 607 tautum
786 582 999 620 parvarum
1017 583 1195 608 arearum
1215 584 1448 618 numerum,
1466 572 1556 620 sed,

55 636 208 673 omissis
226 645 265 674 et
280 637 442 685 abjectis
459 639 598 675 ceteris
610 665 620 682 ‚
652 650 838 675 revocare
855 639 988 675 omnia
1005 637 1052 674 ad
1069 651 1195 675 unum
1215 653 1402 690 magnum
1421 653 1464 678 ac
1481 653 1556 678 no-

53 702 135 741 hile
165 714 466 757 argumentum,
503 714 541 743 et
572 718 699 742 aream
731 705 866 742 saltem
892 719 971 742 una
996 719 1139 757 pugna
1166 708 1337 745 Actiaca
1364 722 1557 746 exornare.

51 768 236 819 debebat,
253 772 324 822 qui
341 773 462 809 totius
479 772 610 823 clypei
626 771 733 809 haud
750 772 872 809 dubie
888 772 1228 822 splendidissimus
1247 775 1359 812 locus
1376 784 1446 813 est.
1461 778 1555 826 Quo

53 837 157 876 facto
178 848 318 890 poeta,
342 853 482 877 censeo
497 868 507 885 ‚
532 840 801 890 probabilitati
831 853 915 876 non
942 840 1064 878 modo
1085 843 1203 887 artis,
1225 855 1366 880 verum
1390 852 1429 880 et
1458 857 1554 894 poe-

53 907 141 944 ticae
156 907 429 958 probabilitati
449 908 590 945 melius
610 908 863 946 consulturus
887 907 1037 947 fuisset.

110 977 213 1013 Sunt
228 983 359 1013 tamen
377 975 574 1012 nonnulla
590 976 649 1012 ad
667 975 973 1026 exprimendum
993 975 1146 1030 artifice
1171 990 1294 1014 manu
1314 978 1471 1031 egregie
1490 993 1553 1017 ac-

51 1043 328 1089 commodata,
361 1043 577 1094 multisque
603 1046 747 1094 pazsim
771 1044 960 1094 operibus
989 1058 1194 1096 expressa3
1219 1054 1265 1083 ut
1292 1047 1488 1084 Romulus
1516 1056 1554 1085 et

51 1113 198 1149 Remus
213 1111 424 1158 lactentes,
445 1120 582 1162 raptus
599 1111 833 1149 Sabinarum
849 1140 859 1157 ‚
882 1125 978 1149 mox
1005 1112 1155 1149 bellum
1181 1122 1219 1150 et
1243 1114 1399 1151 tandem
1423 1115 1553 1153 foedus

49 1178 188 1218 ictum.
222 1180 324 1217 Meti
357 1179 518 1216 Fuffetii
553 1178 795 1229 supplicium
808 1207 818 1225 ‚
847 1180 919 1215 etsi
948 1178 997 1215 ad
1026 1193 1183 1217 sensum
1216 1190 1398 1218 nostrum
1433 1184 1552 1220 nimis

51 1247 203 1285 soedum
237 1255 277 1285 et
311 1247 572 1285 aversandum
591 1275 602 1294 ‚
628 1255 674 1284 ut
700 1248 779 1294 jam
804 1246 1005 1293 diximus,
1038 1246 1149 1285 dum's
1185 1251 1456 1287 Romanorum
1489 1253 1551 1289 in-

50 1316 176 1367 geniis
213 1315 317 1353 forte
349 1317 482 1352 minus
522 1314 726 1365 displicuit
749 1326 757 1352 ε
780 1314 886 1352 Urbs
922 1327 942 1350 a
982 1317 1184 1352 Porsenna
1217 1315 1373 1353 obsessa
1387 1346 1397 1362 ‚
1422 1318 1552 1355 revul-

50 1397 118 1422 sus
150 1384 199 1422 ab
234 1386 401 1422 Horatio
442 1383 593 1421 Coclite
619 1395 745 1432 pom,
779 1380 1019 1431 Capitolium
1049 1394 1069 1417 a
1102 1382 1225 1419 Gallis
1253 1383 1455 1420 obsessum
1471 1412 1482 1429 ‚
1514 1393 1553 1422 et

50 1463 74 1487 a
96 1451 251 1489 Manlio
275 1458 596 1502 propugnatum3
619 1449 814 1486 Saliorum
834 1448 987 1485 saltatio
1002 1477 1012 1494 ‚
1033 1451 1306 1498 Lupercorum
1329 1449 1527 1488 discursus
1542 1480 1553 1494 ‚

51 1526 322 1556 matronarum
338 1518 512 1554 invectio
526 1530 537 1564 ;
558 1523 654 1553 sunt
668 1515 752 1552 haec
768 1514 858 1551 talia
871 1543 882 1562 ,
903 1527 991 1565 quoe
1007 1527 1126 1565 opere
1144 1515 1353 1565 exsculpto
1369 1529 1551 1567 expressa

51 1585 208 1636 placere
223 1593 456 1637 potueruut.

110 1654 349 1698 Enimvero,
369 1652 499 1698 dices,
530 1659 626 1688 sunt
652 1650 763 1698 alia,
788 1665 878 1702 quoe
903 1650 954 1687 ab
980 1650 1133 1705 artifice
1153 1650 1269 1688 reddi
1289 1651 1551 1702 nequiemne;

52 1723 96 1761 in
117 1721 180 1760 his
198 1722 265 1760 illa
283 1734 292 1760 ε
311 1721 511 1759 Incedunt
534 1720 656 1757 victoe
676 1720 798 1771 longo
822 1719 959 1756 ordine
975 1730 1135 1771 gemes,
1168 1722 1297 1770 Quam
1320 1720 1453 1756 varice
1472 1721 1550 1757 Iin-

49 1790 166 1842 guis,
201 1789 335 1828 habitu
365 1799 447 1827 tam
474 1787 600 1826 veseis
628 1796 668 1824 et
697 1788 847 1833 armis;
868 1809 926 1815 —
942 1796 980 1824 et
1000 1788 1135 1837 paullo
1160 1796 1248 1824 ante
1268 1800 1277 1825 ;
1300 1788 1491 1825 Omnibus
1509 1789 1552 1825 in

55 1857 211 1909 templis
226 1866 397 1894 matrum
415 1855 578 1901 chorus,
606 1855 784 1892 omnibus
804 1869 888 1892 arce
904 1865 977 1892 etc.
1001 1868 1134 1891 arcum
1154 1855 1387 1892 incendebat
1405 1858 1552 1907 Apollo

54 1928 254 1976 Desuper,
284 1924 414 1961 omnis
429 1936 476 1960 eo
495 1932 643 1960 terrore
662 1924 859 1974 AEgyTeus
879 1931 917 1958 ec
937 1922 1054 1966 Indi,
1082 1922 1221 1958 omnis
1240 1923 1371 1960 Arabs
1383 1952 1393 1969 ‚
1414 1938 1551 1962 omues

53 1993 265 2032 vertebant
280 2001 392 2044 terga
411 1990 556 2030 Sabaee‘.
576 1990 682 2028 Talis
700 2003 795 2027 vero
815 1989 1068 2040 reprehensio
1086 1989 1288 2027 hominem
1302 2018 1313 2036 ‚
1337 1993 1430 2028 artis
1451 1993 1551 2031 sorte

53 2062 195 2101 notitia
216 2060 436 2106 imbutum,
460 2059 633 2110 poetices
652 2058 789 2107 utiquc
808 2058 1035 2108 imperitum
1053 2066 1246 2106 argueret.
1263 2059 1331 2095 Est
1347 2060 1451 2096 enim
1472 2060 1550 2098 hoc

53 2130 96 2166 in
111 2136 228 2180 poeta
247 2134 384 2164 nostro
400 2137 542 2176 magno
559 2125 721 2175 ingenio
739 2132 775 2160 et
792 2131 874 2159 arte
891 2123 1060 2169 sactum,
1088 2123 1196 2173 quod
1216 2132 1398 2161 ornatum
1417 2127 1552 2174 injecit

53 2204 242 2246 tauquam
259 2202 408 2231 vestem
433 2192 669 2229 narrationis
691 2190 883 2235 nuditati,
910 2203 983 2227 nec
1005 2191 1095 2226 satis
1113 2204 1194 2227 esse
1211 2192 1364 2240 putavit
1379 2220 1389 2237 ‚
1408 2191 1550 2231 descri-

53 2265 148 2303 bere
168 2277 268 2316 opus
298 2263 561 2308 torenticum,
586 2262 629 2302 in
656 2260 771 2307 cujus
802 2259 964 2295 veritate
994 2258 1183 2295 servanda
1210 2258 1359 2295 nullam
1388 2260 1463 2297 sil-i
1487 2262 1547 2297 xi-

53 2329 171 2370 debat
194 2331 425 2382 religionem
451 2341 532 2365 esse
559 2328 796 2378 impositam.
827 2327 908 2363 Nec
938 2325 1015 2361 hoc
1040 2324 1087 2361 ad
1114 2334 1237 2362 artem
1262 2328 1458 2376 pertinet,
1481 2336 1549 2365 aut

51 2400 303 2438 excusatione
323 2395 615 2445 adjuvandum,
635 2403 701 2431 aut
733 2395 836 2431 inter
862 2394 1036 2444 poeticas
1061 2393 1238 2430 licentias
1268 2394 1519 2433 referendum
1535 2425 1545 2441 ,

52 2466 163 2518 quod
180 2467 256 2503 viri
273 2464 383 2502 docti
407 2464 557 2500 faciunt
576 2461 715 2514 (Misc.
735 2461 851 2499 Obss.
877 2468 972 2498 tom.
998 2462 1040 2506 Ι,
1064 2473 1150 2511 pag.
1173 2474 1252 2508 2o;
1275 2462 1345 2507 1V,
1372 2476 1411 2513 p.
1441 2463 1540 2512 198,

54 2541 94 2570 et
114 2534 247 2571 Burm.
263 2531 306 2571 h.
329 2532 356 2570 l.
379 2530 427 2568 ad
450 2531 572 2576 VIII,
602 2530 683 2573 634
700 2557 710 2575 ,
739 2536 776 2565 et
800 2526 849 2563 ad
872 2530 961 2564 AEn.
984 2528 1026 2573 Ι,
1058 2526 1167 2577 483)
1187 2541 1197 2574 ;
1214 2541 1352 2564 verum
1371 2530 1545 2579 poetices

52 2597 119 2635 lex
137 2605 175 2635 et
190 2606 327 2635 natura
345 2597 470 2635 facere
485 2596 621 2645 jubet,
642 2603 687 2632 ut
707 2607 767 2632 res
784 2592 833 2630 ab
849 2601 931 2630 arte
951 2606 1153 2643 expressas
1172 2594 1216 2631 iis
1237 2594 1393 2631 auxiliis
1411 2603 1448 2631 et
1466 2608 1547 2631 mo-

54 2663 139 2710 dis,
162 2665 307 2715 quihus
327 2665 395 2704 illa
414 2665 538 2711 valet,
560 2672 676 2715 poeta
695 2661 890 2712 exprimat
909 2661 990 2696 suis
1010 2661 1214 2698 coloribus
1233 2670 1270 2699 et
1289 2665 1542 2700 ornamentis.

52 2732 159 2770 Hinc
182 2730 329 2770 tuenda
352 2732 418 2770 illa
435 2745 476 2770 v.
502 2732 586 2776 634
614 2730 788 2768 Μαῖαν-ε
821 2728 1020 2774 alternos,
1045 2736 1082 2765 et
1113 2742 1213 2768 vers.
1239 2731 1319 2779 697
1363 2730 1543 2766 Necdum

52 2796 173 2834 ecfam
195 2796 376 2850 geminos
401 2812 427 2836 a
451 2807 561 2851 eergo
589 2795 745 2848 respicit
771 2808 924 2848 angues
940 2808 954 2832 :
971 2808 1059 2832 nam
1083 2804 1210 2846 poctae
1231 2795 1315 2832 lia-c
1333 2804 1422 2831 snm
1437 2823 1446 2840 ‚
1473 2808 1547 2831 nce

1301 2872 1383 2916 33‘
