<?xml version="1.0" encoding="UTF-8"?>
<!DOCTYPE html PUBLIC "-//W3C//DTD XHTML 1.0 Transitional//EN"
    "http://www.w3.org/TR/xhtml1/DTD/xhtml1-transitional.dtd">
<html xmlns="http://www.w3.org/1999/xhtml" xml:lang="en" lang="en">
 <head>
  <title>
</title>
<meta http-equiv="Content-Type" content="text/html;charset=utf-8" />
  <meta name='ocr-system' content='tesseract 3.04.00' />
  <meta name='ocr-capabilities' content='ocr_page ocr_carea ocr_par ocr_line ocrx_word'/>
</head>
<body>
  <div class='ocr_page' id='page_1' title='image "./operahey03virguoft_0286.png"; bbox 0 0 1767 3054; ppageno 0'>
   <div class='ocr_carea' id='block_1_1' title="bbox 124 88 207 136">
    <p class='ocr_par' dir='ltr' id='par_1_1' title="bbox 124 88 207 136">
     <span class='ocr_line' id='line_1_1' title="bbox 124 88 207 136; baseline -0.012 -10"><span class='ocrx_word' id='word_1_1' title='bbox 124 88 207 136; x_wconf 74' lang='lat'>276</span> 
     </span>
    </p>
   </div>
   <div class='ocr_carea' id='block_1_2' title="bbox 752 86 994 124">
    <p class='ocr_par' dir='ltr' id='par_1_2' title="bbox 752 86 994 124">
     <span class='ocr_line' id='line_1_2' title="bbox 752 86 994 124; baseline 0 0"><span class='ocrx_word' id='word_1_2' title='bbox 752 86 994 124; x_wconf 81' lang='lat' dir='ltr'><strong>AENEIDOS</strong></span> 
     </span>
    </p>
   </div>
   <div class='ocr_carea' id='block_1_3' title="bbox 123 156 1310 371">
    <p class='ocr_par' dir='ltr' id='par_1_3' title="bbox 123 156 1310 371">
     <span class='ocr_line' id='line_1_3' title="bbox 191 156 1310 221; baseline -0.004 -14"><span class='ocrx_word' id='word_1_3' title='bbox 191 159 301 208; x_wconf 84' lang='lat' dir='ltr'>Ibat</span> <span class='ocrx_word' id='word_1_4' title='bbox 321 169 367 204; x_wconf 91' lang='lat' dir='ltr'>et</span> <span class='ocrx_word' id='word_1_5' title='bbox 389 158 638 221; x_wconf 85' lang='lat' dir='ltr'>Hippolyti</span> <span class='ocrx_word' id='word_1_6' title='bbox 663 157 819 220; x_wconf 80' lang='lat' dir='ltr'>proles</span> <span class='ocrx_word' id='word_1_7' title='bbox 840 157 1161 220; x_wconf 81' lang='lat' dir='ltr'>pulcherrima</span> <span class='ocrx_word' id='word_1_8' title='bbox 1184 156 1310 203; x_wconf 87' lang='lat' dir='ltr'>bello</span> 
     </span>
     <span class='ocr_line' id='line_1_4' title="bbox 123 231 1276 296; baseline -0.003 -15"><span class='ocrx_word' id='word_1_9' title='bbox 123 233 342 292; x_wconf 82' lang='lat' dir='ltr'>Virbius3</span> <span class='ocrx_word' id='word_1_10' title='bbox 362 234 593 296; x_wconf 82' lang='lat' dir='ltr'>insignem</span> <span class='ocrx_word' id='word_1_11' title='bbox 612 249 753 294; x_wconf 86' lang='lat' dir='ltr'>quem</span> <span class='ocrx_word' id='word_1_12' title='bbox 774 243 925 278; x_wconf 86' lang='lat' dir='ltr'>mater</span> <span class='ocrx_word' id='word_1_13' title='bbox 944 231 1105 278; x_wconf 86' lang='lat' dir='ltr'>Aricia</span> <span class='ocrx_word' id='word_1_14' title='bbox 1129 231 1276 289; x_wconf 81' lang='lat' dir='ltr'><strong>misit,</strong></span> 
     </span>
     <span class='ocr_line' id='line_1_5' title="bbox 124 307 1206 371; baseline -0.003 -16"><span class='ocrx_word' id='word_1_15' title='bbox 124 308 363 355; x_wconf 89' lang='lat' dir='ltr'>Eductum</span> <span class='ocrx_word' id='word_1_16' title='bbox 386 309 568 371; x_wconf 81' lang='lat' dir='ltr'>Egeriae</span> <span class='ocrx_word' id='word_1_17' title='bbox 592 307 734 366; x_wconf 83' lang='lat' dir='ltr'>lucis,</span> <span class='ocrx_word' id='word_1_18' title='bbox 756 307 1001 353; x_wconf 81' lang='lat' dir='ltr'><strong>humentia</strong></span> <span class='ocrx_word' id='word_1_19' title='bbox 1026 308 1206 353; x_wconf 85' lang='lat' dir='ltr'>circum</span> 
     </span>
    </p>
   </div>
   <div class='ocr_carea' id='block_1_4' title="bbox 122 485 845 1058">
    <p class='ocr_par' dir='ltr' id='par_1_4' title="bbox 122 485 845 1058">
     <span class='ocr_line' id='line_1_6' title="bbox 127 485 844 534; baseline -0.008 -9"><span class='ocrx_word' id='word_1_20' title='bbox 127 488 175 525; x_wconf 89' lang='lat' dir='ltr'>ad</span> <span class='ocrx_word' id='word_1_21' title='bbox 199 489 266 527; x_wconf 91' lang='lat' dir='ltr'>Sil.</span> <span class='ocrx_word' id='word_1_22' title='bbox 286 489 410 534; x_wconf 82' lang='lat' dir='ltr'>VIII,</span> <span class='ocrx_word' id='word_1_23' title='bbox 448 489 554 533; x_wconf 79' lang='lat'>5003</span> <span class='ocrx_word' id='word_1_24' title='bbox 586 495 625 523; x_wconf 92' lang='lat' dir='ltr'>et</span> <span class='ocrx_word' id='word_1_25' title='bbox 654 485 844 521; x_wconf 76' lang='lat' dir='ltr'>videntur</span> 
     </span>
     <span class='ocr_line' id='line_1_7' title="bbox 126 542 844 596; baseline -0.008 -13"><span class='ocrx_word' id='word_1_26' title='bbox 126 548 265 596; x_wconf 85' lang='lat' dir='ltr'>utique</span> <span class='ocrx_word' id='word_1_27' title='bbox 288 554 435 583; x_wconf 81' lang='lat' dir='ltr'>veteres</span> <span class='ocrx_word' id='word_1_28' title='bbox 454 557 601 582; x_wconf 86' lang='lat' dir='ltr'>nomen</span> <span class='ocrx_word' id='word_1_29' title='bbox 616 543 694 580; x_wconf 90' lang='lat' dir='ltr'>hoc</span> <span class='ocrx_word' id='word_1_30' title='bbox 713 542 762 579; x_wconf 88' lang='lat' dir='ltr'>ab</span> <span class='ocrx_word' id='word_1_31' title='bbox 780 555 844 578; x_wconf 89' lang='lat' dir='ltr'>an-</span> 
     </span>
     <span class='ocr_line' id='line_1_8' title="bbox 127 600 844 654; baseline -0.007 -14"><span class='ocrx_word' id='word_1_32' title='bbox 127 603 273 654; x_wconf 82' lang='lat' dir='ltr'>guibus</span> <span class='ocrx_word' id='word_1_33' title='bbox 296 603 468 640; x_wconf 72' lang='lat' dir='ltr'>duxisse.</span> <span class='ocrx_word' id='word_1_34' title='bbox 496 624 553 631; x_wconf 89' lang='lat'>—-</span> <span class='ocrx_word' id='word_1_35' title='bbox 580 601 752 639; x_wconf 77' lang='lat' dir='ltr'>Fucinus</span> <span class='ocrx_word' id='word_1_36' title='bbox 783 600 844 636; x_wconf 85' lang='lat' dir='ltr'>la-</span> 
     </span>
     <span class='ocr_line' id='line_1_9' title="bbox 127 659 842 711; baseline -0.006 -13"><span class='ocrx_word' id='word_1_37' title='bbox 127 675 194 698; x_wconf 81' lang='lat' dir='ltr'>cus</span> <span class='ocrx_word' id='word_1_38' title='bbox 205 662 309 698; x_wconf 84' lang='lat' dir='ltr'>inter</span> <span class='ocrx_word' id='word_1_39' title='bbox 322 663 630 711; x_wconf 79' lang='lat' dir='ltr'>Apenninorum</span> <span class='ocrx_word' id='word_1_40' title='bbox 645 659 842 696; x_wconf 87' lang='lat' dir='ltr'>montium</span> 
     </span>
     <span class='ocr_line' id='line_1_10' title="bbox 122 714 844 769; baseline -0.007 -13"><span class='ocrx_word' id='word_1_41' title='bbox 122 720 241 769; x_wconf 84' lang='lat' dir='ltr'>juga;</span> <span class='ocrx_word' id='word_1_42' title='bbox 266 720 315 756; x_wconf 90' lang='lat' dir='ltr'>ad</span> <span class='ocrx_word' id='word_1_43' title='bbox 346 732 464 769; x_wconf 84' lang='lat' dir='ltr'>quem</span> <span class='ocrx_word' id='word_1_44' title='bbox 493 720 602 756; x_wconf 82' lang='lat' dir='ltr'>lucus</span> <span class='ocrx_word' id='word_1_45' title='bbox 637 714 844 767; x_wconf 77' lang='lat' dir='ltr'>Anguicz&#39;oe</span> 
     </span>
     <span class='ocr_line' id='line_1_11' title="bbox 127 776 844 825; baseline -0.003 -13"><span class='ocrx_word' id='word_1_46' title='bbox 127 776 217 814; x_wconf 84' lang='lat' dir='ltr'>fuit.</span> <span class='ocrx_word' id='word_1_47' title='bbox 237 780 362 814; x_wconf 86' lang='lat' dir='ltr'>Lacus</span> <span class='ocrx_word' id='word_1_48' title='bbox 387 777 508 825; x_wconf 88' lang='lat' dir='ltr'>hujus</span> <span class='ocrx_word' id='word_1_49' title='bbox 536 776 844 824; x_wconf 80' lang='lat' dir='ltr'>descriptionem</span> 
     </span>
     <span class='ocr_line' id='line_1_12' title="bbox 128 834 843 872; baseline 0 -2"><span class='ocrx_word' id='word_1_50' title='bbox 128 842 167 870; x_wconf 90' lang='lat' dir='ltr'>et</span> <span class='ocrx_word' id='word_1_51' title='bbox 186 834 488 872; x_wconf 83' lang='lat' dir='ltr'>delineationem</span> <span class='ocrx_word' id='word_1_52' title='bbox 519 834 628 871; x_wconf 79' lang='lat' dir='ltr'>dedit</span> <span class='ocrx_word' id='word_1_53' title='bbox 652 834 843 870; x_wconf 88' lang='lat' dir='ltr'>Generos.</span> 
     </span>
     <span class='ocr_line' id='line_1_13' title="bbox 133 890 845 941; baseline -0.003 -12"><span class='ocrx_word' id='word_1_54' title='bbox 133 892 223 930; x_wconf 85' lang='lat' dir='ltr'>Car.</span> <span class='ocrx_word' id='word_1_55' title='bbox 246 894 401 941; x_wconf 71' lang='lat' dir='ltr'>Ulysses</span> <span class='ocrx_word' id='word_1_56' title='bbox 420 893 468 929; x_wconf 82' lang='lat' dir='ltr'>de</span> <span class='ocrx_word' id='word_1_57' title='bbox 484 892 589 929; x_wconf 83' lang='lat' dir='ltr'>Salis</span> <span class='ocrx_word' id='word_1_58' title='bbox 605 890 845 928; x_wconf 75' lang='lat' dir='ltr'>,lIarselzlins</span> 
     </span>
     <span class='ocr_line' id='line_1_14' title="bbox 128 950 845 1001; baseline -0.003 -14"><span class='ocrx_word' id='word_1_59' title='bbox 128 950 297 1001; x_wconf 81' lang='lat' dir='ltr'>(Reisen</span> <span class='ocrx_word' id='word_1_60' title='bbox 330 950 370 986; x_wconf 83' lang='lat' dir='ltr'>in</span> <span class='ocrx_word' id='word_1_61' title='bbox 402 950 717 987; x_wconf 71' lang='lat' dir='ltr'>ver-sclziedenen</span> <span class='ocrx_word' id='word_1_62' title='bbox 749 953 845 987; x_wconf 87' lang='lat' dir='ltr'>Pro-</span> 
     </span>
     <span class='ocr_line' id='line_1_15' title="bbox 129 1007 843 1058; baseline 0.001 -16"><span class='ocrx_word' id='word_1_63' title='bbox 129 1007 269 1044; x_wconf 76' lang='lat' dir='ltr'>vz&#39;nzen</span> <span class='ocrx_word' id='word_1_64' title='bbox 305 1008 344 1045; x_wconf 82' lang='lat' dir='ltr'>d.</span> <span class='ocrx_word' id='word_1_65' title='bbox 383 1010 435 1045; x_wconf 86' lang='lat' dir='ltr'>K.</span> <span class='ocrx_word' id='word_1_66' title='bbox 465 1009 626 1058; x_wconf 83' lang='lat' dir='ltr'>Neapel</span> <span class='ocrx_word' id='word_1_67' title='bbox 656 1010 682 1044; x_wconf 94' lang='lat' dir='ltr'><em>I</em></span> <span class='ocrx_word' id='word_1_68' title='bbox 709 1007 843 1047; x_wconf 79' lang='lat' dir='ltr'>Band.</span> 
     </span>
    </p>
   </div>
   <div class='ocr_carea' id='block_1_5' title="bbox 124 1066 846 2791">
    <p class='ocr_par' dir='ltr' id='par_1_5' title="bbox 129 1066 843 1175">
     <span class='ocr_line' id='line_1_16' title="bbox 135 1066 843 1116; baseline 0.004 -16"><span class='ocrx_word' id='word_1_69' title='bbox 135 1066 258 1114; x_wconf 76' lang='lat'>1793.</span> <span class='ocrx_word' id='word_1_70' title='bbox 285 1079 324 1115; x_wconf 91' lang='lat' dir='ltr'>p.</span> <span class='ocrx_word' id='word_1_71' title='bbox 351 1066 432 1115; x_wconf 81' lang='lat'>259</span> <span class='ocrx_word' id='word_1_72' title='bbox 453 1080 536 1116; x_wconf 85' lang='lat' dir='ltr'><strong>sqq.</strong></span> <span class='ocrx_word' id='word_1_73' title='bbox 559 1075 597 1103; x_wconf 90' lang='lat' dir='ltr'>et</span> <span class='ocrx_word' id='word_1_74' title='bbox 616 1080 656 1116; x_wconf 91' lang='lat' dir='ltr'>p.</span> <span class='ocrx_word' id='word_1_75' title='bbox 683 1072 761 1113; x_wconf 70' lang='lat'>427</span> <span class='ocrx_word' id='word_1_76' title='bbox 786 1079 843 1115; x_wconf 85' lang='lat' dir='ltr'>sq.</span> 
     </span>
     <span class='ocr_line' id='line_1_17' title="bbox 129 1122 437 1175; baseline 0.01 -16"><span class='ocrx_word' id='word_1_77' title='bbox 129 1122 218 1160; x_wconf 86' lang='lat' dir='ltr'>add.</span> <span class='ocrx_word' id='word_1_78' title='bbox 241 1123 320 1160; x_wconf 83' lang='lat' dir='ltr'>tab.</span> <span class='ocrx_word' id='word_1_79' title='bbox 339 1123 437 1175; x_wconf 77' lang='lat' dir='ltr'>IV).</span> 
     </span>
    </p>

    <p class='ocr_par' dir='ltr' id='par_1_6' title="bbox 124 1179 846 2791">
     <span class='ocr_line' id='line_1_18' title="bbox 190 1179 845 1231; baseline -0.003 -14"><span class='ocrx_word' id='word_1_80' title='bbox 190 1181 268 1228; x_wconf 73' lang='lat'>761</span> <span class='ocrx_word' id='word_1_81' title='bbox 296 1194 380 1231; x_wconf 83' lang='lat' dir='ltr'>sqq.</span> <span class='ocrx_word' id='word_1_82' title='bbox 411 1183 461 1218; x_wconf 92' lang='lat' dir='ltr'>In</span> <span class='ocrx_word' id='word_1_83' title='bbox 491 1194 651 1218; x_wconf 83' lang='lat' dir='ltr'>nemore</span> <span class='ocrx_word' id='word_1_84' title='bbox 678 1179 845 1217; x_wconf 79' lang='lat' dir='ltr'>Aricino</span> 
     </span>
     <span class='ocr_line' id='line_1_19' title="bbox 128 1238 844 1290; baseline -0.001 -15"><span class='ocrx_word' id='word_1_85' title='bbox 128 1240 255 1275; x_wconf 89' lang='lat' dir='ltr'>Diana</span> <span class='ocrx_word' id='word_1_86' title='bbox 298 1240 509 1290; x_wconf 83' lang='lat' dir='ltr'>peregrino</span> <span class='ocrx_word' id='word_1_87' title='bbox 559 1252 670 1276; x_wconf 85' lang='lat' dir='ltr'>more</span> <span class='ocrx_word' id='word_1_88' title='bbox 715 1238 819 1275; x_wconf 88' lang='lat' dir='ltr'>culta</span> <span class='ocrx_word' id='word_1_89' title='bbox 833 1267 844 1286; x_wconf 83' lang='lat'><strong>,</strong></span> 
     </span>
     <span class='ocr_line' id='line_1_20' title="bbox 128 1297 846 1348; baseline 0.001 -15"><span class='ocrx_word' id='word_1_90' title='bbox 128 1310 248 1346; x_wconf 86' lang='lat' dir='ltr'>quem</span> <span class='ocrx_word' id='word_1_91' title='bbox 281 1297 514 1348; x_wconf 82' lang='lat' dir='ltr'>Scythicum</span> <span class='ocrx_word' id='word_1_92' title='bbox 544 1297 758 1334; x_wconf 86' lang='lat' dir='ltr'>ediderunt</span> <span class='ocrx_word' id='word_1_93' title='bbox 784 1310 846 1334; x_wconf 79' lang='lat' dir='ltr'>ve-</span> 
     </span>
     <span class='ocr_line' id='line_1_21' title="bbox 128 1354 844 1406; baseline 0 -16"><span class='ocrx_word' id='word_1_94' title='bbox 128 1363 242 1392; x_wconf 86' lang='lat' dir='ltr'>teres.</span> <span class='ocrx_word' id='word_1_95' title='bbox 277 1358 326 1393; x_wconf 90' lang='lat' dir='ltr'>In</span> <span class='ocrx_word' id='word_1_96' title='bbox 347 1355 487 1392; x_wconf 90' lang='lat' dir='ltr'>eodem</span> <span class='ocrx_word' id='word_1_97' title='bbox 517 1356 665 1406; x_wconf 87' lang='lat' dir='ltr'>templo</span> <span class='ocrx_word' id='word_1_98' title='bbox 692 1354 844 1391; x_wconf 78' lang='lat' dir='ltr'>Virbius</span> 
     </span>
     <span class='ocr_line' id='line_1_22' title="bbox 127 1412 843 1464; baseline 0 -15"><span class='ocrx_word' id='word_1_99' title='bbox 127 1412 244 1450; x_wconf 88' lang='lat' dir='ltr'>heros</span> <span class='ocrx_word' id='word_1_100' title='bbox 284 1413 471 1464; x_wconf 73' lang='lat' dir='ltr'>indigena</span> <span class='ocrx_word' id='word_1_101' title='bbox 506 1413 644 1450; x_wconf 70' lang='lat' dir='ltr'>djvino</span> <span class='ocrx_word' id='word_1_102' title='bbox 685 1412 843 1450; x_wconf 87' lang='lat' dir='ltr'>honore</span> 
     </span>
     <span class='ocr_line' id='line_1_23' title="bbox 126 1470 842 1520; baseline 0.003 -15"><span class='ocrx_word' id='word_1_103' title='bbox 126 1470 299 1508; x_wconf 84' lang='lat' dir='ltr'>habitus.</span> <span class='ocrx_word' id='word_1_104' title='bbox 321 1471 574 1508; x_wconf 88' lang='lat' dir='ltr'>Arcebantur</span> <span class='ocrx_word' id='word_1_105' title='bbox 601 1473 762 1520; x_wconf 86' lang='lat' dir='ltr'>antiqua</span> <span class='ocrx_word' id='word_1_106' title='bbox 782 1484 842 1507; x_wconf 88' lang='lat' dir='ltr'>re—</span> 
     </span>
     <span class='ocr_line' id='line_1_24' title="bbox 126 1527 841 1578; baseline 0.001 -15"><span class='ocrx_word' id='word_1_107' title='bbox 126 1527 274 1577; x_wconf 83' lang='lat' dir='ltr'>ligione</span> <span class='ocrx_word' id='word_1_108' title='bbox 304 1529 354 1565; x_wconf 86' lang='lat' dir='ltr'>ab</span> <span class='ocrx_word' id='word_1_109' title='bbox 384 1529 461 1565; x_wconf 88' lang='lat' dir='ltr'>hoc</span> <span class='ocrx_word' id='word_1_110' title='bbox 492 1530 581 1565; x_wconf 92' lang='lat' dir='ltr'>loco</span> <span class='ocrx_word' id='word_1_111' title='bbox 608 1530 714 1578; x_wconf 89' lang='lat' dir='ltr'>equi.</span> <span class='ocrx_word' id='word_1_112' title='bbox 746 1529 841 1565; x_wconf 88' lang='lat' dir='ltr'>Inde</span> 
     </span>
     <span class='ocr_line' id='line_1_25' title="bbox 126 1584 843 1632; baseline 0.001 -11"><span class='ocrx_word' id='word_1_113' title='bbox 126 1584 276 1622; x_wconf 86' lang='lat' dir='ltr'>factum</span> <span class='ocrx_word' id='word_1_114' title='bbox 291 1586 470 1632; x_wconf 76' lang='lat' dir='ltr'>videtur,</span> <span class='ocrx_word' id='word_1_115' title='bbox 489 1595 535 1622; x_wconf 89' lang='lat' dir='ltr'>ut</span> <span class='ocrx_word' id='word_1_116' title='bbox 546 1587 754 1632; x_wconf 77' lang='lat' dir='ltr'>Virbium,</span> <span class='ocrx_word' id='word_1_117' title='bbox 778 1586 843 1622; x_wconf 84' lang='lat' dir='ltr'>alii</span> 
     </span>
     <span class='ocr_line' id='line_1_26' title="bbox 127 1642 842 1695; baseline -0.001 -15"><span class='ocrx_word' id='word_1_118' title='bbox 127 1643 397 1695; x_wconf 80' lang='lat' dir='ltr'>Hippolytum</span> <span class='ocrx_word' id='word_1_119' title='bbox 411 1672 422 1690; x_wconf 86' lang='lat'><strong><em>‚</em></strong></span> <span class='ocrx_word' id='word_1_120' title='bbox 448 1644 589 1681; x_wconf 85' lang='lat' dir='ltr'>Thesei</span> <span class='ocrx_word' id='word_1_121' title='bbox 612 1642 668 1681; x_wconf 88' lang='lat' dir='ltr'>fil.</span> <span class='ocrx_word' id='word_1_122' title='bbox 684 1671 694 1688; x_wconf 90' lang='lat'>‚</span> <span class='ocrx_word' id='word_1_123' title='bbox 720 1644 842 1679; x_wconf 82' lang='lat' dir='ltr'>inter·</span> 
     </span>
     <span class='ocr_line' id='line_1_27' title="bbox 127 1701 843 1753; baseline 0 -16"><span class='ocrx_word' id='word_1_124' title='bbox 127 1709 380 1751; x_wconf 84' lang='lat' dir='ltr'>pretarentur</span> <span class='ocrx_word' id='word_1_125' title='bbox 399 1715 420 1738; x_wconf 93' lang='lat' dir='ltr'>a</span> <span class='ocrx_word' id='word_1_126' title='bbox 448 1702 650 1753; x_wconf 79' lang='lat' dir='ltr'>quadrigis</span> <span class='ocrx_word' id='word_1_127' title='bbox 679 1701 843 1737; x_wconf 86' lang='lat' dir='ltr'>dilania-</span> 
     </span>
     <span class='ocr_line' id='line_1_28' title="bbox 126 1759 841 1809; baseline 0 -14"><span class='ocrx_word' id='word_1_128' title='bbox 126 1768 213 1795; x_wconf 89' lang='lat' dir='ltr'>tum</span> <span class='ocrx_word' id='word_1_129' title='bbox 228 1787 237 1803; x_wconf 90' lang='lat'>‚</span> <span class='ocrx_word' id='word_1_130' title='bbox 269 1759 481 1809; x_wconf 80' lang='lat' dir='ltr'>AEsculapii</span> <span class='ocrx_word' id='word_1_131' title='bbox 508 1769 640 1796; x_wconf 85' lang='lat' dir='ltr'>autem</span> <span class='ocrx_word' id='word_1_132' title='bbox 664 1772 804 1809; x_wconf 87' lang='lat' dir='ltr'>opera,</span> <span class='ocrx_word' id='word_1_133' title='bbox 822 1772 841 1795; x_wconf 90' lang='lat' dir='ltr'>a</span> 
     </span>
     <span class='ocr_line' id='line_1_29' title="bbox 125 1817 842 1863; baseline -0.001 -10"><span class='ocrx_word' id='word_1_134' title='bbox 125 1818 277 1863; x_wconf 78' lang='lat' dir='ltr'>Diana,</span> <span class='ocrx_word' id='word_1_135' title='bbox 310 1830 361 1853; x_wconf 71' lang='lat' dir='ltr'>ex</span> <span class='ocrx_word' id='word_1_136' title='bbox 385 1817 522 1853; x_wconf 89' lang='lat' dir='ltr'>inferis</span> <span class='ocrx_word' id='word_1_137' title='bbox 549 1817 759 1854; x_wconf 88' lang='lat' dir='ltr'>reductum</span> <span class='ocrx_word' id='word_1_138' title='bbox 773 1845 783 1862; x_wconf 78' lang='lat'>,</span> <span class='ocrx_word' id='word_1_139' title='bbox 804 1825 842 1853; x_wconf 89' lang='lat' dir='ltr'>et</span> 
     </span>
     <span class='ocr_line' id='line_1_30' title="bbox 124 1874 842 1912; baseline -0.001 -1"><span class='ocrx_word' id='word_1_140' title='bbox 124 1876 168 1911; x_wconf 87' lang='lat' dir='ltr'>in</span> <span class='ocrx_word' id='word_1_141' title='bbox 185 1875 263 1912; x_wconf 89' lang='lat' dir='ltr'>hoc</span> <span class='ocrx_word' id='word_1_142' title='bbox 279 1874 372 1911; x_wconf 91' lang='lat' dir='ltr'>luco</span> <span class='ocrx_word' id='word_1_143' title='bbox 388 1874 628 1912; x_wconf 82' lang='lat' dir='ltr'>collocatum</span> <span class='ocrx_word' id='word_1_144' title='bbox 643 1887 652 1912; x_wconf 91' lang='lat'><strong>:</strong></span> <span class='ocrx_word' id='word_1_145' title='bbox 665 1875 731 1912; x_wconf 88' lang='lat' dir='ltr'>cui</span> <span class='ocrx_word' id='word_1_146' title='bbox 746 1874 842 1911; x_wconf 87' lang='lat' dir='ltr'>adeo</span> 
     </span>
     <span class='ocr_line' id='line_1_31' title="bbox 126 1932 843 1983; baseline 0.001 -14"><span class='ocrx_word' id='word_1_147' title='bbox 126 1934 220 1983; x_wconf 88' lang='lat' dir='ltr'>equi</span> <span class='ocrx_word' id='word_1_148' title='bbox 261 1932 390 1969; x_wconf 90' lang='lat' dir='ltr'>odiosi</span> <span class='ocrx_word' id='word_1_149' title='bbox 426 1946 507 1969; x_wconf 89' lang='lat' dir='ltr'>esse</span> <span class='ocrx_word' id='word_1_150' title='bbox 541 1932 751 1970; x_wconf 87' lang='lat' dir='ltr'>debebant.</span> <span class='ocrx_word' id='word_1_151' title='bbox 787 1934 843 1970; x_wconf 92' lang='lat' dir='ltr'>At</span> 
     </span>
     <span class='ocr_line' id='line_1_32' title="bbox 125 1989 844 2041; baseline 0.001 -14"><span class='ocrx_word' id='word_1_152' title='bbox 125 1992 242 2027; x_wconf 83' lang='lat' dir='ltr'>Maro</span> <span class='ocrx_word' id='word_1_153' title='bbox 262 1989 475 2041; x_wconf 78' lang='lat' dir='ltr'>Hippolyti</span> <span class='ocrx_word' id='word_1_154' title='bbox 493 1989 621 2028; x_wconf 83' lang='lat' dir='ltr'>filium</span> <span class='ocrx_word' id='word_1_155' title='bbox 644 1991 736 2028; x_wconf 84' lang='lat' dir='ltr'>facit</span> <span class='ocrx_word' id='word_1_156' title='bbox 755 1992 844 2028; x_wconf 89' lang='lat' dir='ltr'>Vir-</span> 
     </span>
     <span class='ocr_line' id='line_1_33' title="bbox 126 2047 844 2100; baseline 0.003 -16"><span class='ocrx_word' id='word_1_157' title='bbox 126 2047 255 2094; x_wconf 82' lang='lat' dir='ltr'>bium,</span> <span class='ocrx_word' id='word_1_158' title='bbox 275 2061 326 2085; x_wconf 81' lang='lat' dir='ltr'>ex</span> <span class='ocrx_word' id='word_1_159' title='bbox 341 2048 476 2085; x_wconf 86' lang='lat' dir='ltr'>Aricia</span> <span class='ocrx_word' id='word_1_160' title='bbox 491 2049 670 2100; x_wconf 81' lang='lat' dir='ltr'>nympha</span> <span class='ocrx_word' id='word_1_161' title='bbox 688 2062 844 2099; x_wconf 86' lang='lat' dir='ltr'>suscep-</span> 
     </span>
     <span class='ocr_line' id='line_1_34' title="bbox 128 2105 842 2158; baseline 0.001 -16"><span class='ocrx_word' id='word_1_162' title='bbox 128 2114 238 2152; x_wconf 89' lang='lat' dir='ltr'>tum,</span> <span class='ocrx_word' id='word_1_163' title='bbox 266 2115 305 2142; x_wconf 90' lang='lat' dir='ltr'>et</span> <span class='ocrx_word' id='word_1_164' title='bbox 338 2107 383 2142; x_wconf 90' lang='lat' dir='ltr'>in</span> <span class='ocrx_word' id='word_1_165' title='bbox 408 2109 557 2158; x_wconf 86' lang='lat' dir='ltr'>Egeriae</span> <span class='ocrx_word' id='word_1_166' title='bbox 579 2107 673 2144; x_wconf 88' lang='lat' dir='ltr'>luco</span> <span class='ocrx_word' id='word_1_167' title='bbox 700 2105 748 2143; x_wconf 89' lang='lat' dir='ltr'>ad</span> <span class='ocrx_word' id='word_1_168' title='bbox 776 2120 842 2143; x_wconf 91' lang='lat' dir='ltr'>ur-</span> 
     </span>
     <span class='ocr_line' id='line_1_35' title="bbox 128 2163 842 2203; baseline 0 -3"><span class='ocrx_word' id='word_1_169' title='bbox 128 2163 221 2200; x_wconf 87' lang='lat' dir='ltr'>bem</span> <span class='ocrx_word' id='word_1_170' title='bbox 258 2164 436 2201; x_wconf 82' lang='lat' dir='ltr'>Ariciam</span> <span class='ocrx_word' id='word_1_171' title='bbox 474 2165 698 2203; x_wconf 85' lang='lat' dir='ltr'>educatum.</span> <span class='ocrx_word' id='word_1_172' title='bbox 746 2164 842 2201; x_wconf 83' lang='lat' dir='ltr'><em>Pul-</em></span> 
     </span>
     <span class='ocr_line' id='line_1_36' title="bbox 129 2220 840 2274; baseline 0.006 -18"><span class='ocrx_word' id='word_1_173' title='bbox 129 2220 327 2258; x_wconf 76' lang='lat' dir='ltr'>cherrima</span> <span class='ocrx_word' id='word_1_174' title='bbox 354 2222 457 2259; x_wconf 84' lang='lat' dir='ltr'>bello</span> <span class='ocrx_word' id='word_1_175' title='bbox 475 2224 652 2274; x_wconf 82' lang='lat' dir='ltr'>jungunt</span> <span class='ocrx_word' id='word_1_176' title='bbox 668 2224 840 2273; x_wconf 77' lang='lat' dir='ltr'>interpp.</span> 
     </span>
     <span class='ocr_line' id='line_1_37' title="bbox 130 2280 842 2331; baseline 0.004 -16"><span class='ocrx_word' id='word_1_177' title='bbox 130 2281 231 2329; x_wconf 85' lang='lat' dir='ltr'>Ergo</span> <span class='ocrx_word' id='word_1_178' title='bbox 252 2280 327 2316; x_wconf 89' lang='lat' dir='ltr'>erit</span> <span class='ocrx_word' id='word_1_179' title='bbox 339 2307 350 2325; x_wconf 87' lang='lat'><strong>‚</strong></span> <span class='ocrx_word' id='word_1_180' title='bbox 367 2281 534 2331; x_wconf 85' lang='lat' dir='ltr'>insignis</span> <span class='ocrx_word' id='word_1_181' title='bbox 549 2310 559 2327; x_wconf 87' lang='lat'>‚</span> <span class='ocrx_word' id='word_1_182' title='bbox 578 2281 681 2318; x_wconf 91' lang='lat' dir='ltr'>clara</span> <span class='ocrx_word' id='word_1_183' title='bbox 694 2309 704 2327; x_wconf 92' lang='lat'><strong><em>‚</em></strong></span> <span class='ocrx_word' id='word_1_184' title='bbox 728 2294 842 2318; x_wconf 90' lang='lat' dir='ltr'>cons-</span> 
     </span>
     <span class='ocr_line' id='line_1_38' title="bbox 129 2336 840 2385; baseline 0.006 -15"><span class='ocrx_word' id='word_1_185' title='bbox 129 2337 266 2385; x_wconf 87' lang='lat' dir='ltr'>picua,</span> <span class='ocrx_word' id='word_1_186' title='bbox 296 2351 346 2374; x_wconf 79' lang='lat' dir='ltr'>ex</span> <span class='ocrx_word' id='word_1_187' title='bbox 374 2336 505 2382; x_wconf 61' lang='grc' dir='ltr'><strong>καλός.</strong></span> <span class='ocrx_word' id='word_1_188' title='bbox 536 2342 697 2376; x_wconf 88' lang='lat' dir='ltr'>Praestat</span> <span class='ocrx_word' id='word_1_189' title='bbox 716 2338 840 2385; x_wconf 85' lang='lat' dir='ltr'>forte,</span> 
     </span>
     <span class='ocr_line' id='line_1_39' title="bbox 132 2392 845 2442; baseline 0.007 -14"><span class='ocrx_word' id='word_1_190' title='bbox 132 2392 215 2428; x_wconf 77' lang='lat' dir='ltr'>ibat</span> <span class='ocrx_word' id='word_1_191' title='bbox 230 2394 332 2431; x_wconf 82' lang='lat' dir='ltr'>bello</span> <span class='ocrx_word' id='word_1_192' title='bbox 344 2424 356 2440; x_wconf 88' lang='lat'><em>‚</em></span> <span class='ocrx_word' id='word_1_193' title='bbox 384 2396 433 2432; x_wconf 87' lang='lat' dir='ltr'>ad</span> <span class='ocrx_word' id='word_1_194' title='bbox 449 2396 601 2433; x_wconf 87' lang='lat' dir='ltr'>bellum</span> <span class='ocrx_word' id='word_1_195' title='bbox 617 2424 628 2442; x_wconf 79' lang='lat'>,</span> <span class='ocrx_word' id='word_1_196' title='bbox 647 2396 776 2433; x_wconf 78' lang='lat' dir='ltr'>multo</span> <span class='ocrx_word' id='word_1_197' title='bbox 792 2405 845 2433; x_wconf 88' lang='lat' dir='ltr'>ta-</span> 
     </span>
     <span class='ocr_line' id='line_1_40' title="bbox 132 2453 843 2504; baseline 0.008 -19"><span class='ocrx_word' id='word_1_198' title='bbox 132 2463 224 2486; x_wconf 88' lang='lat' dir='ltr'>men</span> <span class='ocrx_word' id='word_1_199' title='bbox 242 2453 362 2501; x_wconf 87' lang='lat' dir='ltr'>magis</span> <span class='ocrx_word' id='word_1_200' title='bbox 388 2454 521 2490; x_wconf 80' lang='lat' dir='ltr'>malim</span> <span class='ocrx_word' id='word_1_201' title='bbox 540 2455 706 2504; x_wconf 83' lang='lat' dir='ltr'>jungere</span> <span class='ocrx_word' id='word_1_202' title='bbox 726 2455 843 2492; x_wconf 88' lang='lat' dir='ltr'>tertio</span> 
     </span>
     <span class='ocr_line' id='line_1_41' title="bbox 131 2507 844 2563; baseline 0.007 -20"><span class='ocrx_word' id='word_1_203' title='bbox 131 2507 222 2544; x_wconf 90' lang='lat' dir='ltr'>loco</span> <span class='ocrx_word' id='word_1_204' title='bbox 252 2508 354 2545; x_wconf 76' lang='lat' dir='ltr'>bello</span> <span class='ocrx_word' id='word_1_205' title='bbox 384 2509 603 2562; x_wconf 77' lang='lat' dir='ltr'>insignem,</span> <span class='ocrx_word' id='word_1_206' title='bbox 637 2525 688 2548; x_wconf 89' lang='lat' dir='ltr'>ne</span> <span class='ocrx_word' id='word_1_207' title='bbox 722 2511 844 2563; x_wconf 74' lang='lat' dir='ltr'>insig-</span> 
     </span>
     <span class='ocr_line' id='line_1_42' title="bbox 133 2564 844 2620; baseline 0.007 -19"><span class='ocrx_word' id='word_1_208' title='bbox 133 2577 225 2602; x_wconf 82' lang='lat' dir='ltr'>nem</span> <span class='ocrx_word' id='word_1_209' title='bbox 242 2564 397 2602; x_wconf 88' lang='lat' dir='ltr'>nudum</span> <span class='ocrx_word' id='word_1_210' title='bbox 414 2567 564 2618; x_wconf 82' lang='lat' dir='ltr'>frigeat.</span> <span class='ocrx_word' id='word_1_211' title='bbox 578 2569 738 2620; x_wconf 81' lang='lat' dir='ltr'>Egeriae</span> <span class='ocrx_word' id='word_1_212' title='bbox 755 2569 844 2606; x_wconf 88' lang='lat' dir='ltr'>fons</span> 
     </span>
     <span class='ocr_line' id='line_1_43' title="bbox 132 2622 846 2673; baseline 0.006 -14"><span class='ocrx_word' id='word_1_213' title='bbox 132 2631 173 2660; x_wconf 85' lang='lat' dir='ltr'>et</span> <span class='ocrx_word' id='word_1_214' title='bbox 200 2622 329 2668; x_wconf 84' lang='lat' dir='ltr'>lucus,</span> <span class='ocrx_word' id='word_1_215' title='bbox 369 2624 412 2659; x_wconf 88' lang='lat' dir='ltr'>in</span> <span class='ocrx_word' id='word_1_216' title='bbox 438 2638 519 2673; x_wconf 91' lang='lat' dir='ltr'>quo</span> <span class='ocrx_word' id='word_1_217' title='bbox 547 2627 737 2663; x_wconf 79' lang='lat' dir='ltr'>educatus</span> <span class='ocrx_word' id='word_1_218' title='bbox 770 2626 846 2664; x_wconf 89' lang='lat' dir='ltr'>fuit</span> 
     </span>
     <span class='ocr_line' id='line_1_44' title="bbox 133 2680 845 2730; baseline 0.006 -13"><span class='ocrx_word' id='word_1_219' title='bbox 133 2680 322 2727; x_wconf 87' lang='lat' dir='ltr'>Virbius,</span> <span class='ocrx_word' id='word_1_220' title='bbox 355 2680 404 2717; x_wconf 83' lang='lat' dir='ltr'>ad</span> <span class='ocrx_word' id='word_1_221' title='bbox 433 2684 606 2719; x_wconf 85' lang='lat' dir='ltr'>Ariciam</span> <span class='ocrx_word' id='word_1_222' title='bbox 637 2692 718 2730; x_wconf 82' lang='lat' dir='ltr'>est3</span> <span class='ocrx_word' id='word_1_223' title='bbox 745 2684 845 2721; x_wconf 81' lang='lat' dir='ltr'>alius</span> 
     </span>
     <span class='ocr_line' id='line_1_45' title="bbox 132 2737 843 2791; baseline 0.006 -16"><span class='ocrx_word' id='word_1_224' title='bbox 132 2737 255 2790; x_wconf 77' lang='lat' dir='ltr'>vulgo</span> <span class='ocrx_word' id='word_1_225' title='bbox 285 2747 470 2777; x_wconf 80' lang='lat' dir='ltr'>narratur</span> <span class='ocrx_word' id='word_1_226' title='bbox 497 2753 621 2791; x_wconf 89' lang='lat' dir='ltr'>prope</span> <span class='ocrx_word' id='word_1_227' title='bbox 655 2743 843 2790; x_wconf 84' lang='lat' dir='ltr'>Romam,</span> 
     </span>
    </p>
   </div>
   <div class='ocr_carea' id='block_1_6' title="bbox 907 483 1631 2789">
    <p class='ocr_par' dir='ltr' id='par_1_7' title="bbox 907 483 1631 2789">
     <span class='ocr_line' id='line_1_46' title="bbox 912 483 1629 536; baseline 0.003 -16"><span class='ocrx_word' id='word_1_228' title='bbox 912 485 960 520; x_wconf 85' lang='lat' dir='ltr'>ad</span> <span class='ocrx_word' id='word_1_229' title='bbox 990 494 1148 535; x_wconf 86' lang='lat' dir='ltr'>portam</span> <span class='ocrx_word' id='word_1_230' title='bbox 1184 486 1396 536; x_wconf 80' lang='lat' dir='ltr'>Capenam,</span> <span class='ocrx_word' id='word_1_231' title='bbox 1438 483 1629 522; x_wconf 87' lang='lat' dir='ltr'>Fabulam</span> 
     </span>
     <span class='ocr_line' id='line_1_47' title="bbox 911 542 1631 592; baseline 0.003 -14"><span class='ocrx_word' id='word_1_232' title='bbox 911 543 1072 592; x_wconf 86' lang='lat' dir='ltr'>utrique</span> <span class='ocrx_word' id='word_1_233' title='bbox 1096 556 1350 580; x_wconf 87' lang='lat' dir='ltr'>communem</span> <span class='ocrx_word' id='word_1_234' title='bbox 1377 556 1458 580; x_wconf 88' lang='lat' dir='ltr'>esse</span> <span class='ocrx_word' id='word_1_235' title='bbox 1483 542 1530 579; x_wconf 86' lang='lat' dir='ltr'>de</span> <span class='ocrx_word' id='word_1_236' title='bbox 1549 545 1631 581; x_wconf 82' lang='lat' dir='ltr'>Nu-</span> 
     </span>
     <span class='ocr_line' id='line_1_48' title="bbox 911 602 1629 652; baseline 0.004 -17"><span class='ocrx_word' id='word_1_237' title='bbox 911 612 986 635; x_wconf 87' lang='lat' dir='ltr'>mae</span> <span class='ocrx_word' id='word_1_238' title='bbox 1010 612 1102 635; x_wconf 89' lang='lat' dir='ltr'>cum</span> <span class='ocrx_word' id='word_1_239' title='bbox 1122 602 1260 651; x_wconf 85' lang='lat' dir='ltr'>Egeria</span> <span class='ocrx_word' id='word_1_240' title='bbox 1290 613 1503 652; x_wconf 84' lang='lat' dir='ltr'>congressu</span> <span class='ocrx_word' id='word_1_241' title='bbox 1517 629 1527 647; x_wconf 89' lang='lat'>‚</span> <span class='ocrx_word' id='word_1_242' title='bbox 1558 614 1629 651; x_wconf 89' lang='lat' dir='ltr'>pu-</span> 
     </span>
     <span class='ocr_line' id='line_1_49' title="bbox 912 656 1628 708; baseline 0.006 -15"><span class='ocrx_word' id='word_1_243' title='bbox 912 656 1021 693; x_wconf 85' lang='lat' dir='ltr'>tabat</span> <span class='ocrx_word' id='word_1_244' title='bbox 1050 658 1084 693; x_wconf 89' lang='lat' dir='ltr'>is</span> <span class='ocrx_word' id='word_1_245' title='bbox 1099 685 1109 703; x_wconf 91' lang='lat'><strong><em>‚</em></strong></span> <span class='ocrx_word' id='word_1_246' title='bbox 1149 658 1220 707; x_wconf 81' lang='lat' dir='ltr'>qui</span> <span class='ocrx_word' id='word_1_247' title='bbox 1252 656 1462 708; x_wconf 86' lang='lat' dir='ltr'>diligenter</span> <span class='ocrx_word' id='word_1_248' title='bbox 1499 659 1547 696; x_wconf 85' lang='lat' dir='ltr'>de</span> <span class='ocrx_word' id='word_1_249' title='bbox 1581 673 1628 698; x_wconf 85' lang='lat' dir='ltr'>eo</span> 
     </span>
     <span class='ocr_line' id='line_1_50' title="bbox 912 714 1627 768; baseline 0.006 -17"><span class='ocrx_word' id='word_1_250' title='bbox 912 715 992 766; x_wconf 86' lang='lat' dir='ltr'>egit</span> <span class='ocrx_word' id='word_1_251' title='bbox 1005 743 1015 761; x_wconf 84' lang='lat'><strong><em>‚</em></strong></span> <span class='ocrx_word' id='word_1_252' title='bbox 1047 714 1206 753; x_wconf 88' lang='lat' dir='ltr'>Cluver.</span> <span class='ocrx_word' id='word_1_253' title='bbox 1224 728 1263 765; x_wconf 87' lang='lat' dir='ltr'>p.</span> <span class='ocrx_word' id='word_1_254' title='bbox 1285 716 1363 764; x_wconf 81' lang='lat'>931</span> <span class='ocrx_word' id='word_1_255' title='bbox 1379 744 1389 762; x_wconf 90' lang='lat'><strong>,</strong></span> <span class='ocrx_word' id='word_1_256' title='bbox 1418 717 1500 767; x_wconf 80' lang='lat'>932</span> <span class='ocrx_word' id='word_1_257' title='bbox 1520 730 1600 768; x_wconf 90' lang='lat' dir='ltr'>seq.</span> <span class='ocrx_word' id='word_1_258' title='bbox 1616 746 1627 763; x_wconf 86' lang='lat'>‚</span> 
     </span>
     <span class='ocr_line' id='line_1_51' title="bbox 911 772 1630 820; baseline 0.004 -11"><span class='ocrx_word' id='word_1_259' title='bbox 911 772 980 810; x_wconf 87' lang='lat' dir='ltr'>sed</span> <span class='ocrx_word' id='word_1_260' title='bbox 999 774 1145 810; x_wconf 85' lang='lat' dir='ltr'>Ariciae</span> <span class='ocrx_word' id='word_1_261' title='bbox 1165 786 1306 810; x_wconf 89' lang='lat' dir='ltr'>nemus</span> <span class='ocrx_word' id='word_1_262' title='bbox 1320 802 1330 820; x_wconf 88' lang='lat'>‚</span> <span class='ocrx_word' id='word_1_263' title='bbox 1348 782 1387 810; x_wconf 91' lang='lat' dir='ltr'>et</span> <span class='ocrx_word' id='word_1_264' title='bbox 1405 774 1555 812; x_wconf 85' lang='lat' dir='ltr'>fontem</span> <span class='ocrx_word' id='word_1_265' title='bbox 1576 789 1630 812; x_wconf 91' lang='lat' dir='ltr'>es-</span> 
     </span>
     <span class='ocr_line' id='line_1_52' title="bbox 910 830 1630 883; baseline 0.004 -16"><span class='ocrx_word' id='word_1_266' title='bbox 910 844 951 868; x_wconf 89' lang='lat' dir='ltr'>se</span> <span class='ocrx_word' id='word_1_267' title='bbox 974 832 1125 883; x_wconf 76' lang='lat' dir='ltr'>Egeriae</span> <span class='ocrx_word' id='word_1_268' title='bbox 1156 830 1321 868; x_wconf 87' lang='lat' dir='ltr'>domum</span> <span class='ocrx_word' id='word_1_269' title='bbox 1333 859 1343 878; x_wconf 87' lang='lat'>‚</span> <span class='ocrx_word' id='word_1_270' title='bbox 1375 840 1531 870; x_wconf 88' lang='lat' dir='ltr'>antrum</span> <span class='ocrx_word' id='word_1_271' title='bbox 1561 846 1630 870; x_wconf 91' lang='lat' dir='ltr'>au-</span> 
     </span>
     <span class='ocr_line' id='line_1_53' title="bbox 911 889 1630 940; baseline 0.003 -14"><span class='ocrx_word' id='word_1_272' title='bbox 911 897 991 927; x_wconf 85' lang='lat' dir='ltr'>tem</span> <span class='ocrx_word' id='word_1_273' title='bbox 1028 890 1277 940; x_wconf 87' lang='lat' dir='ltr'>Capenarum</span> <span class='ocrx_word' id='word_1_274' title='bbox 1311 889 1386 927; x_wconf 90' lang='lat' dir='ltr'>sub</span> <span class='ocrx_word' id='word_1_275' title='bbox 1425 892 1630 928; x_wconf 85' lang='lat' dir='ltr'>Aventino</span> 
     </span>
     <span class='ocr_line' id='line_1_54' title="bbox 910 947 1631 999; baseline 0.003 -16"><span class='ocrx_word' id='word_1_276' title='bbox 910 947 1028 985; x_wconf 87' lang='lat' dir='ltr'>fuisse</span> <span class='ocrx_word' id='word_1_277' title='bbox 1046 949 1181 986; x_wconf 86' lang='lat' dir='ltr'>locum</span> <span class='ocrx_word' id='word_1_278' title='bbox 1197 961 1430 999; x_wconf 83' lang='lat' dir='ltr'>congressus</span> <span class='ocrx_word' id='word_1_279' title='bbox 1441 962 1534 986; x_wconf 89' lang='lat' dir='ltr'>cum</span> <span class='ocrx_word' id='word_1_280' title='bbox 1549 951 1631 988; x_wconf 86' lang='lat' dir='ltr'>Nu·</span> 
     </span>
     <span class='ocr_line' id='line_1_55' title="bbox 913 1006 1628 1053; baseline 0.003 -10"><span class='ocrx_word' id='word_1_281' title='bbox 913 1019 989 1053; x_wconf 88' lang='lat' dir='ltr'>ma,</span> <span class='ocrx_word' id='word_1_282' title='bbox 999 1007 1196 1043; x_wconf 86' lang='lat' dir='ltr'>subtiliter</span> <span class='ocrx_word' id='word_1_283' title='bbox 1209 1006 1348 1044; x_wconf 90' lang='lat' dir='ltr'>docuit</span> <span class='ocrx_word' id='word_1_284' title='bbox 1357 1007 1628 1045; x_wconf 81' lang='lat' dir='ltr'>Holdsworth.</span> 
     </span>
     <span class='ocr_line' id='line_1_56' title="bbox 911 1065 1629 1116; baseline 0.004 -17"><span class='ocrx_word' id='word_1_285' title='bbox 911 1065 1015 1102; x_wconf 83' lang='lat' dir='ltr'>Diss,</span> <span class='ocrx_word' id='word_1_286' title='bbox 1037 1067 1108 1102; x_wconf 91' lang='lat' dir='ltr'>IV.</span> <span class='ocrx_word' id='word_1_287' title='bbox 1130 1068 1206 1102; x_wconf 89' lang='lat' dir='ltr'>Pro</span> <span class='ocrx_word' id='word_1_288' title='bbox 1222 1066 1372 1116; x_wconf 85' lang='lat' dir='ltr'>Egeriae</span> <span class='ocrx_word' id='word_1_289' title='bbox 1389 1065 1520 1111; x_wconf 82' lang='lat' dir='ltr'>fonte,</span> <span class='ocrx_word' id='word_1_290' title='bbox 1541 1079 1629 1103; x_wconf 89' lang='lat' dir='ltr'>nos-</span> 
     </span>
     <span class='ocr_line' id='line_1_57' title="bbox 913 1123 1629 1160; baseline 0.003 -2"><span class='ocrx_word' id='word_1_291' title='bbox 913 1130 972 1158; x_wconf 89' lang='lat' dir='ltr'>tra</span> <span class='ocrx_word' id='word_1_292' title='bbox 990 1131 1102 1159; x_wconf 84' lang='lat' dir='ltr'>aetate</span> <span class='ocrx_word' id='word_1_293' title='bbox 1117 1124 1234 1159; x_wconf 86' lang='lat' dir='ltr'>etiam</span> <span class='ocrx_word' id='word_1_294' title='bbox 1251 1125 1392 1159; x_wconf 84' lang='lat' dir='ltr'>tertius</span> <span class='ocrx_word' id='word_1_295' title='bbox 1406 1123 1521 1160; x_wconf 90' lang='lat' dir='ltr'>locus</span> <span class='ocrx_word' id='word_1_296' title='bbox 1537 1137 1629 1160; x_wconf 88' lang='lat' dir='ltr'>ven-</span> 
     </span>
     <span class='ocr_line' id='line_1_58' title="bbox 912 1178 1626 1230; baseline 0.004 -14"><span class='ocrx_word' id='word_1_297' title='bbox 912 1178 1062 1217; x_wconf 79' lang='lat' dir='ltr'>ditatur</span> <span class='ocrx_word' id='word_1_298' title='bbox 1081 1184 1120 1217; x_wconf 87' lang='lat' dir='ltr'>II</span> <span class='ocrx_word' id='word_1_299' title='bbox 1141 1181 1263 1218; x_wconf 83' lang='lat' dir='ltr'>millia</span> <span class='ocrx_word' id='word_1_300' title='bbox 1286 1189 1398 1217; x_wconf 83' lang='lat' dir='ltr'>extra</span> <span class='ocrx_word' id='word_1_301' title='bbox 1414 1189 1570 1230; x_wconf 89' lang='lat' dir='ltr'>portam</span> <span class='ocrx_word' id='word_1_302' title='bbox 1589 1184 1626 1219; x_wconf 91' lang='lat' dir='ltr'>S.</span> 
     </span>
     <span class='ocr_line' id='line_1_59' title="bbox 912 1237 1630 1290; baseline 0.001 -15"><span class='ocrx_word' id='word_1_303' title='bbox 912 1237 1152 1284; x_wconf 76' lang='lat' dir='ltr'>sebastiani,</span> <span class='ocrx_word' id='word_1_304' title='bbox 1176 1239 1299 1289; x_wconf 87' lang='lat' dir='ltr'>vulgo</span> <span class='ocrx_word' id='word_1_305' title='bbox 1327 1238 1542 1290; x_wconf 81' lang='lat' dir='ltr'>Caffarelli</span> <span class='ocrx_word' id='word_1_306' title='bbox 1561 1252 1630 1276; x_wconf 93' lang='lat' dir='ltr'>vo-</span> 
     </span>
     <span class='ocr_line' id='line_1_60' title="bbox 912 1296 1627 1344; baseline 0.004 -13"><span class='ocrx_word' id='word_1_307' title='bbox 912 1297 1196 1344; x_wconf 78' lang='lat' dir='ltr'>catus.-—763.</span> <span class='ocrx_word' id='word_1_308' title='bbox 1213 1297 1422 1344; x_wconf 78' lang='lat' dir='ltr'>Hymettia</span> <span class='ocrx_word' id='word_1_309' title='bbox 1438 1296 1486 1333; x_wconf 87' lang='lat' dir='ltr'>ab</span> <span class='ocrx_word' id='word_1_310' title='bbox 1503 1298 1627 1334; x_wconf 88' lang='lat' dir='ltr'>Hein-</span> 
     </span>
     <span class='ocr_line' id='line_1_61' title="bbox 911 1355 1626 1405; baseline 0.003 -16"><span class='ocrx_word' id='word_1_311' title='bbox 911 1355 994 1400; x_wconf 85' lang='lat' dir='ltr'>sio,</span> <span class='ocrx_word' id='word_1_312' title='bbox 1031 1356 1102 1404; x_wconf 86' lang='lat' dir='ltr'>qui</span> <span class='ocrx_word' id='word_1_313' title='bbox 1134 1364 1264 1391; x_wconf 86' lang='lat' dir='ltr'>tamen</span> <span class='ocrx_word' id='word_1_314' title='bbox 1292 1355 1377 1405; x_wconf 90' lang='lat' dir='ltr'>ipse</span> <span class='ocrx_word' id='word_1_315' title='bbox 1402 1355 1626 1405; x_wconf 86' lang='lat' dir='ltr'>improbat,</span> 
     </span>
     <span class='ocr_line' id='line_1_62' title="bbox 910 1413 1627 1451; baseline 0.006 -4"><span class='ocrx_word' id='word_1_316' title='bbox 910 1420 950 1447; x_wconf 85' lang='lat' dir='ltr'>et</span> <span class='ocrx_word' id='word_1_317' title='bbox 969 1424 991 1447; x_wconf 90' lang='lat' dir='ltr'>a</span> <span class='ocrx_word' id='word_1_318' title='bbox 1013 1413 1241 1449; x_wconf 86' lang='lat' dir='ltr'>Burmanno</span> <span class='ocrx_word' id='word_1_319' title='bbox 1259 1413 1442 1449; x_wconf 87' lang='lat' dir='ltr'>relietum</span> <span class='ocrx_word' id='word_1_320' title='bbox 1473 1415 1598 1451; x_wconf 89' lang='lat' dir='ltr'>miror</span> <span class='ocrx_word' id='word_1_321' title='bbox 1615 1425 1627 1451; x_wconf 71' lang='grc' dir='ltr'><strong><em>ε</em></strong></span> 
     </span>
     <span class='ocr_line' id='line_1_63' title="bbox 909 1471 1625 1522; baseline 0.004 -17"><span class='ocrx_word' id='word_1_322' title='bbox 909 1482 1002 1506; x_wconf 89' lang='lat' dir='ltr'>nam</span> <span class='ocrx_word' id='word_1_323' title='bbox 1034 1471 1300 1522; x_wconf 82' lang='lat' dir='ltr'>Cunjngham.</span> <span class='ocrx_word' id='word_1_324' title='bbox 1322 1479 1413 1521; x_wconf 92' lang='lat' dir='ltr'>post</span> <span class='ocrx_word' id='word_1_325' title='bbox 1431 1474 1600 1509; x_wconf 86' lang='lat' dir='ltr'>Ruaeum</span> <span class='ocrx_word' id='word_1_326' title='bbox 1614 1498 1625 1517; x_wconf 87' lang='lat'><strong>,</strong></span> 
     </span>
     <span class='ocr_line' id='line_1_64' title="bbox 910 1528 1627 1579; baseline 0 -14"><span class='ocrx_word' id='word_1_327' title='bbox 910 1528 1112 1565; x_wconf 78' lang='lat' dir='ltr'>Catroeum</span> <span class='ocrx_word' id='word_1_328' title='bbox 1127 1557 1137 1575; x_wconf 81' lang='grc'>,</span> <span class='ocrx_word' id='word_1_329' title='bbox 1170 1530 1388 1579; x_wconf 87' lang='lat' dir='ltr'>Trappium</span> <span class='ocrx_word' id='word_1_330' title='bbox 1422 1528 1627 1573; x_wconf 77' lang='lat' dir='ltr'>humentia</span> 
     </span>
     <span class='ocr_line' id='line_1_65' title="bbox 908 1588 1626 1637; baseline 0.004 -17"><span class='ocrx_word' id='word_1_331' title='bbox 908 1594 1015 1622; x_wconf 88' lang='lat' dir='ltr'>recte</span> <span class='ocrx_word' id='word_1_332' title='bbox 1053 1588 1231 1623; x_wconf 82' lang='lat' dir='ltr'>retraxit.</span> <span class='ocrx_word' id='word_1_333' title='bbox 1267 1588 1432 1623; x_wconf 86' lang='lat' dir='ltr'>Monuit</span> <span class='ocrx_word' id='word_1_334' title='bbox 1465 1599 1626 1637; x_wconf 85' lang='lat' dir='ltr'>quoque</span> 
     </span>
     <span class='ocr_line' id='line_1_66' title="bbox 907 1643 1623 1695; baseline 0.003 -15"><span class='ocrx_word' id='word_1_335' title='bbox 907 1644 974 1681; x_wconf 90' lang='lat' dir='ltr'>J0.</span> <span class='ocrx_word' id='word_1_336' title='bbox 1003 1643 1210 1681; x_wconf 87' lang='lat' dir='ltr'>Schrader.</span> <span class='ocrx_word' id='word_1_337' title='bbox 1228 1643 1453 1682; x_wconf 89' lang='lat' dir='ltr'>Emendatt.</span> <span class='ocrx_word' id='word_1_338' title='bbox 1475 1657 1563 1695; x_wconf 82' lang='lat' dir='ltr'>pag.</span> <span class='ocrx_word' id='word_1_339' title='bbox 1585 1644 1623 1682; x_wconf 89' lang='lat'>8.</span> 
     </span>
     <span class='ocr_line' id='line_1_67' title="bbox 909 1700 1625 1739; baseline 0.003 -2"><span class='ocrx_word' id='word_1_340' title='bbox 909 1700 984 1737; x_wconf 93' lang='lat' dir='ltr'>Sed</span> <span class='ocrx_word' id='word_1_341' title='bbox 1015 1703 1180 1738; x_wconf 84' lang='lat' dir='ltr'>retinuit</span> <span class='ocrx_word' id='word_1_342' title='bbox 1212 1700 1314 1737; x_wconf 87' lang='lat' dir='ltr'>forte</span> <span class='ocrx_word' id='word_1_343' title='bbox 1344 1702 1452 1739; x_wconf 82' lang='lat' dir='ltr'>viros</span> <span class='ocrx_word' id='word_1_344' title='bbox 1487 1701 1625 1739; x_wconf 86' lang='lat' dir='ltr'>doctos</span> 
     </span>
     <span class='ocr_line' id='line_1_68' title="bbox 909 1758 1627 1796; baseline 0.003 -2"><span class='ocrx_word' id='word_1_345' title='bbox 909 1758 1106 1796; x_wconf 86' lang='lat' dir='ltr'>dubitatio</span> <span class='ocrx_word' id='word_1_346' title='bbox 1136 1758 1244 1796; x_wconf 87' lang='lat' dir='ltr'>unde</span> <span class='ocrx_word' id='word_1_347' title='bbox 1266 1768 1344 1795; x_wconf 82' lang='lat' dir='ltr'>tam</span> <span class='ocrx_word' id='word_1_348' title='bbox 1370 1759 1525 1796; x_wconf 77' lang='lat' dir='ltr'>erudjta&#39;</span> <span class='ocrx_word' id='word_1_349' title='bbox 1549 1760 1627 1796; x_wconf 89' lang='lat' dir='ltr'>lec-</span> 
     </span>
     <span class='ocr_line' id='line_1_69' title="bbox 909 1817 1625 1866; baseline 0.003 -14"><span class='ocrx_word' id='word_1_350' title='bbox 909 1817 965 1853; x_wconf 85' lang='lat' dir='ltr'>tio</span> <span class='ocrx_word' id='word_1_351' title='bbox 976 1818 1018 1853; x_wconf 89' lang='lat' dir='ltr'>in</span> <span class='ocrx_word' id='word_1_352' title='bbox 1026 1827 1184 1866; x_wconf 86' lang='lat' dir='ltr'>poetam</span> <span class='ocrx_word' id='word_1_353' title='bbox 1191 1819 1357 1855; x_wconf 86' lang='lat' dir='ltr'>venerit.</span> <span class='ocrx_word' id='word_1_354' title='bbox 1367 1817 1560 1855; x_wconf 85' lang='lat' dir='ltr'>Fraudem</span> <span class='ocrx_word' id='word_1_355' title='bbox 1573 1826 1625 1854; x_wconf 90' lang='lat' dir='ltr'>ta-</span> 
     </span>
     <span class='ocr_line' id='line_1_70' title="bbox 909 1873 1626 1927; baseline 0.001 -16"><span class='ocrx_word' id='word_1_356' title='bbox 909 1888 1000 1911; x_wconf 91' lang='lat' dir='ltr'>men</span> <span class='ocrx_word' id='word_1_357' title='bbox 1014 1873 1194 1927; x_wconf 83' lang='lat' dir='ltr'>detegere</span> <span class='ocrx_word' id='word_1_358' title='bbox 1209 1876 1254 1911; x_wconf 88' lang='lat' dir='ltr'>in</span> <span class='ocrx_word' id='word_1_359' title='bbox 1269 1884 1430 1924; x_wconf 88' lang='lat' dir='ltr'>promtu</span> <span class='ocrx_word' id='word_1_360' title='bbox 1442 1884 1520 1913; x_wconf 88' lang='lat' dir='ltr'>est:</span> <span class='ocrx_word' id='word_1_361' title='bbox 1533 1888 1626 1912; x_wconf 72' lang='lat' dir='ltr'>vera</span> 
     </span>
     <span class='ocr_line' id='line_1_71' title="bbox 907 1931 1626 1984; baseline 0.001 -15"><span class='ocrx_word' id='word_1_362' title='bbox 907 1934 1027 1970; x_wconf 87' lang='lat' dir='ltr'>lectio</span> <span class='ocrx_word' id='word_1_363' title='bbox 1047 1942 1105 1970; x_wconf 90' lang='lat' dir='ltr'>est</span> <span class='ocrx_word' id='word_1_364' title='bbox 1128 1931 1356 1979; x_wconf 75' lang='lat' dir='ltr'>humentia,</span> <span class='ocrx_word' id='word_1_365' title='bbox 1388 1946 1508 1983; x_wconf 83' lang='lat' dir='ltr'>quam</span> <span class='ocrx_word' id='word_1_366' title='bbox 1531 1946 1626 1984; x_wconf 89' lang='lat' dir='ltr'>prae-</span> 
     </span>
     <span class='ocr_line' id='line_1_72' title="bbox 908 1990 1624 2029; baseline 0.001 -1"><span class='ocrx_word' id='word_1_367' title='bbox 908 1992 1138 2028; x_wconf 86' lang='lat' dir='ltr'>stantissimi</span> <span class='ocrx_word' id='word_1_368' title='bbox 1154 1990 1269 2028; x_wconf 89' lang='lat' dir='ltr'>codd.</span> <span class='ocrx_word' id='word_1_369' title='bbox 1284 1994 1400 2029; x_wconf 86' lang='lat' dir='ltr'>Rom.</span> <span class='ocrx_word' id='word_1_370' title='bbox 1421 2000 1460 2028; x_wconf 90' lang='lat' dir='ltr'>et</span> <span class='ocrx_word' id='word_1_371' title='bbox 1475 1991 1624 2029; x_wconf 77' lang='lat' dir='ltr'>Medic.</span> 
     </span>
     <span class='ocr_line' id='line_1_73' title="bbox 909 2049 1624 2096; baseline 0 -10"><span class='ocrx_word' id='word_1_372' title='bbox 909 2058 1081 2096; x_wconf 82' lang='lat' dir='ltr'>servant,</span> <span class='ocrx_word' id='word_1_373' title='bbox 1094 2062 1174 2086; x_wconf 85' lang='lat' dir='ltr'>una</span> <span class='ocrx_word' id='word_1_374' title='bbox 1187 2062 1280 2086; x_wconf 92' lang='lat' dir='ltr'>cum</span> <span class='ocrx_word' id='word_1_375' title='bbox 1290 2049 1468 2087; x_wconf 83' lang='lat' dir='ltr'>Parrhas.</span> <span class='ocrx_word' id='word_1_376' title='bbox 1482 2051 1513 2087; x_wconf 91' lang='lat' dir='ltr'>F</span> <span class='ocrx_word' id='word_1_377' title='bbox 1516 2062 1624 2086; x_wconf 84' lang='lat' dir='ltr'>rane.</span> 
     </span>
     <span class='ocr_line' id='line_1_74' title="bbox 908 2104 1626 2158; baseline -0.001 -14"><span class='ocrx_word' id='word_1_378' title='bbox 908 2117 947 2144; x_wconf 89' lang='lat' dir='ltr'>et</span> <span class='ocrx_word' id='word_1_379' title='bbox 970 2107 1032 2145; x_wconf 86' lang='lat' dir='ltr'>ed.</span> <span class='ocrx_word' id='word_1_380' title='bbox 1052 2110 1156 2145; x_wconf 88' lang='lat' dir='ltr'>Ven.</span> <span class='ocrx_word' id='word_1_381' title='bbox 1185 2106 1292 2158; x_wconf 88' lang='lat' dir='ltr'>apud</span> <span class='ocrx_word' id='word_1_382' title='bbox 1313 2104 1447 2145; x_wconf 77' lang='lat' dir='ltr'>Burm.</span> <span class='ocrx_word' id='word_1_383' title='bbox 1461 2135 1472 2154; x_wconf 91' lang='lat'>‚</span> <span class='ocrx_word' id='word_1_384' title='bbox 1492 2108 1626 2157; x_wconf 86' lang='lat' dir='ltr'>sicque</span> 
     </span>
     <span class='ocr_line' id='line_1_75' title="bbox 908 2164 1622 2216; baseline 0 -14"><span class='ocrx_word' id='word_1_385' title='bbox 908 2164 1161 2202; x_wconf 86' lang='lat' dir='ltr'>emendatum</span> <span class='ocrx_word' id='word_1_386' title='bbox 1186 2178 1258 2215; x_wconf 91' lang='lat' dir='ltr'>per</span> <span class='ocrx_word' id='word_1_387' title='bbox 1287 2166 1533 2216; x_wconf 87' lang='lat' dir='ltr'>Naugerium</span> <span class='ocrx_word' id='word_1_388' title='bbox 1559 2164 1622 2202; x_wconf 87' lang='lat' dir='ltr'>ed.</span> 
     </span>
     <span class='ocr_line' id='line_1_76' title="bbox 908 2221 1623 2274; baseline -0.001 -15"><span class='ocrx_word' id='word_1_389' title='bbox 908 2231 999 2261; x_wconf 90' lang='lat' dir='ltr'>tert.</span> <span class='ocrx_word' id='word_1_390' title='bbox 1030 2223 1125 2261; x_wconf 89' lang='lat' dir='ltr'>Ald.</span> <span class='ocrx_word' id='word_1_391' title='bbox 1159 2224 1282 2261; x_wconf 82' lang='lat'>1513.</span> <span class='ocrx_word' id='word_1_392' title='bbox 1304 2225 1515 2274; x_wconf 61' lang='lat' dir='ltr'>&gt;Scriptum</span> <span class='ocrx_word' id='word_1_393' title='bbox 1545 2221 1623 2259; x_wconf 90' lang='lat' dir='ltr'>hoc</span> 
     </span>
     <span class='ocr_line' id='line_1_77' title="bbox 909 2279 1620 2325; baseline -0.003 -8"><span class='ocrx_word' id='word_1_394' title='bbox 909 2281 987 2318; x_wconf 88' lang='lat' dir='ltr'>fuit</span> <span class='ocrx_word' id='word_1_395' title='bbox 1014 2282 1059 2318; x_wconf 88' lang='lat' dir='ltr'>in</span> <span class='ocrx_word' id='word_1_396' title='bbox 1088 2281 1172 2318; x_wconf 80' lang='lat' dir='ltr'>aljis</span> <span class='ocrx_word' id='word_1_397' title='bbox 1206 2280 1412 2325; x_wconf 81' lang='lat' dir='ltr'>umentia,</span> <span class='ocrx_word' id='word_1_398' title='bbox 1447 2279 1620 2324; x_wconf 82' lang='lat' dir='ltr'>umetia,</span> 
     </span>
     <span class='ocr_line' id='line_1_78' title="bbox 909 2337 1624 2387; baseline -0.004 -11"><span class='ocrx_word' id='word_1_399' title='bbox 909 2338 1113 2386; x_wconf 77' lang='lat' dir='ltr'>kumecia,</span> <span class='ocrx_word' id='word_1_400' title='bbox 1132 2340 1176 2376; x_wconf 90' lang='lat' dir='ltr'>in</span> <span class='ocrx_word' id='word_1_401' title='bbox 1193 2338 1301 2377; x_wconf 85' lang='lat' dir='ltr'>Gud.</span> <span class='ocrx_word' id='word_1_402' title='bbox 1311 2337 1469 2387; x_wconf 78' lang='lat' dir='ltr'>ymecia</span> <span class='ocrx_word' id='word_1_403' title='bbox 1479 2365 1492 2382; x_wconf 92' lang='lat'>,</span> <span class='ocrx_word' id='word_1_404' title='bbox 1513 2337 1624 2387; x_wconf 90' lang='lat' dir='ltr'>quod</span> 
     </span>
     <span class='ocr_line' id='line_1_79' title="bbox 910 2396 1624 2448; baseline -0.004 -14"><span class='ocrx_word' id='word_1_405' title='bbox 910 2397 975 2434; x_wconf 89' lang='lat' dir='ltr'>alii</span> <span class='ocrx_word' id='word_1_406' title='bbox 995 2397 1101 2448; x_wconf 91' lang='lat' dir='ltr'>apud</span> <span class='ocrx_word' id='word_1_407' title='bbox 1124 2398 1260 2435; x_wconf 81' lang='lat' dir='ltr'>Heius.</span> <span class='ocrx_word' id='word_1_408' title='bbox 1290 2396 1558 2446; x_wconf 88' lang='lat' dir='ltr'>depravarunt</span> <span class='ocrx_word' id='word_1_409' title='bbox 1580 2396 1624 2431; x_wconf 86' lang='lat' dir='ltr'>in</span> 
     </span>
     <span class='ocr_line' id='line_1_80' title="bbox 909 2450 1624 2502; baseline -0.003 -11"><span class='ocrx_word' id='word_1_410' title='bbox 909 2454 1089 2502; x_wconf 75' lang='grc' dir='ltr'><em>ἢὶιηεῐία,</em></span> <span class='ocrx_word' id='word_1_411' title='bbox 1109 2454 1298 2499; x_wconf 78' lang='grc' dir='ltr'>Ιιίιηεσία,</span> <span class='ocrx_word' id='word_1_412' title='bbox 1327 2450 1477 2496; x_wconf 73' lang='grc' dir='ltr'>ἰνηεῐία,</span> <span class='ocrx_word' id='word_1_413' title='bbox 1495 2461 1624 2501; x_wconf 82' lang='lat' dir='ltr'>ymet-</span> 
     </span>
     <span class='ocr_line' id='line_1_81' title="bbox 910 2508 1622 2558; baseline -0.003 -9"><span class='ocrx_word' id='word_1_414' title='bbox 910 2512 970 2550; x_wconf 82' lang='lat' dir='ltr'>tia</span> <span class='ocrx_word' id='word_1_415' title='bbox 981 2541 994 2558; x_wconf 88' lang='lat'>‚</span> <span class='ocrx_word' id='word_1_416' title='bbox 1041 2511 1238 2556; x_wconf 80' lang='lat' dir='ltr'>hemetia,</span> <span class='ocrx_word' id='word_1_417' title='bbox 1284 2508 1459 2558; x_wconf 72' lang='lat' dir='ltr'>hymetia</span> <span class='ocrx_word' id='word_1_418' title='bbox 1472 2537 1482 2556; x_wconf 84' lang='lat'>‚</span> <span class='ocrx_word' id='word_1_419' title='bbox 1514 2509 1622 2547; x_wconf 84' lang='lat' dir='ltr'>unde</span> 
     </span>
     <span class='ocr_line' id='line_1_82' title="bbox 909 2567 1623 2620; baseline -0.006 -13"><span class='ocrx_word' id='word_1_420' title='bbox 909 2583 1117 2620; x_wconf 81' lang='lat' dir='ltr'>perperam</span> <span class='ocrx_word' id='word_1_421' title='bbox 1147 2568 1382 2606; x_wconf 86' lang='lat' dir='ltr'>eruditiores</span> <span class='ocrx_word' id='word_1_422' title='bbox 1414 2567 1623 2616; x_wconf 78' lang='lat' dir='ltr'>Hymettia</span> 
     </span>
     <span class='ocr_line' id='line_1_83' title="bbox 910 2624 1623 2676; baseline -0.003 -12"><span class='ocrx_word' id='word_1_423' title='bbox 910 2628 1090 2664; x_wconf 86' lang='lat' dir='ltr'>fecerunt</span> <span class='ocrx_word' id='word_1_424' title='bbox 1103 2654 1114 2672; x_wconf 92' lang='lat'><strong>,</strong></span> <span class='ocrx_word' id='word_1_425' title='bbox 1139 2624 1248 2676; x_wconf 88' lang='lat' dir='ltr'>quod</span> <span class='ocrx_word' id='word_1_426' title='bbox 1270 2625 1551 2662; x_wconf 81' lang='lat' dir='ltr'>alienissimum</span> <span class='ocrx_word' id='word_1_427' title='bbox 1574 2625 1623 2662; x_wconf 88' lang='lat' dir='ltr'>ab</span> 
     </span>
     <span class='ocr_line' id='line_1_84' title="bbox 909 2681 1624 2728; baseline -0.003 -6"><span class='ocrx_word' id='word_1_428' title='bbox 909 2684 952 2722; x_wconf 89' lang='lat' dir='ltr'>h.</span> <span class='ocrx_word' id='word_1_429' title='bbox 971 2685 998 2722; x_wconf 92' lang='lat'>1.</span> <span class='ocrx_word' id='word_1_430' title='bbox 1016 2692 1086 2721; x_wconf 87' lang='lat' dir='ltr'>est.</span> <span class='ocrx_word' id='word_1_431' title='bbox 1103 2703 1161 2711; x_wconf 90' lang='lat'>—-</span> <span class='ocrx_word' id='word_1_432' title='bbox 1176 2681 1396 2720; x_wconf 78' lang='lat' dir='ltr'>Humencia</span> <span class='ocrx_word' id='word_1_433' title='bbox 1414 2681 1532 2718; x_wconf 82' lang='lat' dir='ltr'>litora</span> <span class='ocrx_word' id='word_1_434' title='bbox 1545 2710 1555 2728; x_wconf 89' lang='lat'>‚</span> <span class='ocrx_word' id='word_1_435' title='bbox 1572 2683 1624 2720; x_wconf 87' lang='lat' dir='ltr'>ad</span> 
     </span>
     <span class='ocr_line' id='line_1_85' title="bbox 910 2739 1625 2789; baseline -0.004 -9"><span class='ocrx_word' id='word_1_436' title='bbox 910 2742 1040 2780; x_wconf 88' lang='lat' dir='ltr'>lacum</span> <span class='ocrx_word' id='word_1_437' title='bbox 1073 2741 1281 2779; x_wconf 86' lang='lat' dir='ltr'>Aricinum</span> <span class='ocrx_word' id='word_1_438' title='bbox 1295 2769 1307 2789; x_wconf 83' lang='lat'>,</span> <span class='ocrx_word' id='word_1_439' title='bbox 1338 2739 1411 2777; x_wconf 86' lang='lat' dir='ltr'>ubi</span> <span class='ocrx_word' id='word_1_440' title='bbox 1439 2752 1504 2777; x_wconf 85' lang='lat' dir='ltr'>ara</span> <span class='ocrx_word' id='word_1_441' title='bbox 1532 2741 1625 2778; x_wconf 85' lang='lat' dir='ltr'>Dia-</span> 
     </span>
    </p>
   </div>
  </div>
 </body>
</html>
