<?xml version="1.0" encoding="UTF-8"?>
<!DOCTYPE html PUBLIC "-//W3C//DTD XHTML 1.0 Transitional//EN"
    "http://www.w3.org/TR/xhtml1/DTD/xhtml1-transitional.dtd">
<html xmlns="http://www.w3.org/1999/xhtml" xml:lang="en" lang="en">
 <head>
  <title>
</title>
<meta http-equiv="Content-Type" content="text/html;charset=utf-8" />
  <meta name='ocr-system' content='tesseract 3.04.00' />
  <meta name='ocr-capabilities' content='ocr_page ocr_carea ocr_par ocr_line ocrx_word'/>
</head>
<body>
  <div class='ocr_page' id='page_1' title='image "./operahey03virguoft_0100.png"; bbox 0 0 1767 3054; ppageno 0'>
   <div class='ocr_carea' id='block_1_1' title="bbox 139 155 1015 213">
    <p class='ocr_par' dir='ltr' id='par_1_1' title="bbox 139 155 1015 213">
     <span class='ocr_line' id='line_1_1' title="bbox 139 155 1015 213; baseline -0.009 -12"><span class='ocrx_word' id='word_1_1' title='bbox 139 176 191 213; x_wconf 43' lang='grc' dir='ltr'><em>,ηο-</em></span> <span class='ocrx_word' id='word_1_2' title='bbox 775 155 1015 193; x_wconf 59' lang='grc' dir='ltr'>ΕΝΕῙΒΟΞ</span> 
     </span>
    </p>
   </div>
   <div class='ocr_carea' id='block_1_2' title="bbox 140 227 1642 443">
    <p class='ocr_par' dir='ltr' id='par_1_2' title="bbox 140 227 1642 443">
     <span class='ocr_line' id='line_1_2' title="bbox 140 227 1642 296; baseline -0.008 -14"><span class='ocrx_word' id='word_1_3' title='bbox 140 231 433 296; x_wconf 66' lang='lat' dir='ltr'>Praepetibus</span> <span class='ocrx_word' id='word_1_4' title='bbox 458 227 624 293; x_wconf 85' lang='lat' dir='ltr'><em>pennis</em></span> <span class='ocrx_word' id='word_1_5' title='bbox 649 243 790 274; x_wconf 80' lang='lat' dir='ltr'><em>ausus</em></span> <span class='ocrx_word' id='word_1_6' title='bbox 816 244 865 274; x_wconf 89' lang='lat' dir='ltr'><em>se</em></span> <span class='ocrx_word' id='word_1_7' title='bbox 889 228 1083 275; x_wconf 85' lang='lat' dir='ltr'><em>credere</em></span> <span class='ocrx_word' id='word_1_8' title='bbox 1107 228 1249 285; x_wconf 88' lang='lat' dir='ltr'><em>coelo,</em></span> <span class='ocrx_word' id='word_1_9' title='bbox 1606 236 1642 266; x_wconf 77' lang='lat'><em>15</em></span> 
     </span>
     <span class='ocr_line' id='line_1_3' title="bbox 141 303 1287 371; baseline -0.007 -13"><span class='ocrx_word' id='word_1_10' title='bbox 141 316 385 358; x_wconf 88' lang='lat' dir='ltr'><em>Insuetum</em></span> <span class='ocrx_word' id='word_1_11' title='bbox 407 323 494 371; x_wconf 84' lang='lat' dir='ltr'><em>per</em></span> <span class='ocrx_word' id='word_1_12' title='bbox 515 306 606 352; x_wconf 81' lang='lat' dir='ltr'><em>iter</em></span> <span class='ocrx_word' id='word_1_13' title='bbox 628 303 804 368; x_wconf 82' lang='lat' dir='ltr'><em>gelidas</em></span> <span class='ocrx_word' id='word_1_14' title='bbox 828 305 987 351; x_wconf 88' lang='lat' dir='ltr'><em>enavit</em></span> <span class='ocrx_word' id='word_1_15' title='bbox 1010 305 1069 351; x_wconf 87' lang='lat' dir='ltr'><em>ad</em></span> <span class='ocrx_word' id='word_1_16' title='bbox 1093 308 1287 362; x_wconf 81' lang='lat' dir='ltr'><em>Arctos,</em></span> 
     </span>
     <span class='ocr_line' id='line_1_4' title="bbox 145 376 1372 443; baseline -0.008 -10"><span class='ocrx_word' id='word_1_17' title='bbox 145 383 510 443; x_wconf 81' lang='lat' dir='ltr'>Chalcidicaque</span> <span class='ocrx_word' id='word_1_18' title='bbox 531 378 646 426; x_wconf 84' lang='lat' dir='ltr'><em>levis</em></span> <span class='ocrx_word' id='word_1_19' title='bbox 672 376 862 424; x_wconf 85' lang='lat' dir='ltr'><em>tandem</em></span> <span class='ocrx_word' id='word_1_20' title='bbox 883 393 1026 442; x_wconf 89' lang='lat' dir='ltr'><em>super</em></span> <span class='ocrx_word' id='word_1_21' title='bbox 1048 377 1226 425; x_wconf 82' lang='lat' dir='ltr'>adstitit</span> <span class='ocrx_word' id='word_1_22' title='bbox 1252 394 1372 424; x_wconf 80' lang='lat' dir='ltr'><em>arcc.</em></span> 
     </span>
    </p>
   </div>
   <div class='ocr_carea' id='block_1_3' title="bbox 148 552 899 2864">
    <p class='ocr_par' dir='ltr' id='par_1_3' title="bbox 148 552 885 1649">
     <span class='ocr_line' id='line_1_5' title="bbox 148 552 867 602; baseline -0.013 -4"><span class='ocrx_word' id='word_1_23' title='bbox 148 560 279 598; x_wconf 79' lang='lat' dir='ltr'><em>munis</em></span> <span class='ocrx_word' id='word_1_24' title='bbox 314 557 488 595; x_wconf 86' lang='lat' dir='ltr'><em>narratio</em></span> <span class='ocrx_word' id='word_1_25' title='bbox 534 563 593 592; x_wconf 89' lang='lat' dir='ltr'><em>est</em></span> <span class='ocrx_word' id='word_1_26' title='bbox 606 583 616 602; x_wconf 90' lang='lat'>‚</span> <span class='ocrx_word' id='word_1_27' title='bbox 658 552 867 592; x_wconf 84' lang='lat' dir='ltr'><em>Daedalum</em></span> 
     </span>
     <span class='ocr_line' id='line_1_6' title="bbox 150 610 869 666; baseline -0.014 -10"><span class='ocrx_word' id='word_1_28' title='bbox 150 632 200 656; x_wconf 79' lang='lat' dir='ltr'><em>ex</em></span> <span class='ocrx_word' id='word_1_29' title='bbox 232 618 347 655; x_wconf 83' lang='lat' dir='ltr'><em>Creta</em></span> <span class='ocrx_word' id='word_1_30' title='bbox 373 613 591 666; x_wconf 82' lang='lat' dir='ltr'><em>profugum</em></span> <span class='ocrx_word' id='word_1_31' title='bbox 621 614 664 649; x_wconf 86' lang='lat' dir='ltr'><em>‘m</em></span> <span class='ocrx_word' id='word_1_32' title='bbox 694 610 823 650; x_wconf 85' lang='lat' dir='ltr'>Sicilia</span> <span class='ocrx_word' id='word_1_33' title='bbox 846 622 869 646; x_wconf 88' lang='lat' dir='ltr'><em>a</em></span> 
     </span>
     <span class='ocr_line' id='line_1_7' title="bbox 150 670 871 723; baseline -0.012 -9"><span class='ocrx_word' id='word_1_34' title='bbox 150 677 292 714; x_wconf 81' lang='lat' dir='ltr'><em>Minoe</em></span> <span class='ocrx_word' id='word_1_35' title='bbox 308 674 425 711; x_wconf 83' lang='lat' dir='ltr'><em>fuisse</em></span> <span class='ocrx_word' id='word_1_36' title='bbox 443 683 691 723; x_wconf 85' lang='lat' dir='ltr'><em>oppressum.</em></span> <span class='ocrx_word' id='word_1_37' title='bbox 706 670 761 706; x_wconf 91' lang='lat' dir='ltr'><em>At</em></span> <span class='ocrx_word' id='word_1_38' title='bbox 779 681 871 719; x_wconf 90' lang='lat' dir='ltr'><em>poe-</em></span> 
     </span>
     <span class='ocr_line' id='line_1_8' title="bbox 156 729 872 780; baseline -0.011 -9"><span class='ocrx_word' id='word_1_39' title='bbox 156 744 213 780; x_wconf 83' lang='lat' dir='ltr'><em>ta,</em></span> <span class='ocrx_word' id='word_1_40' title='bbox 236 733 351 770; x_wconf 87' lang='lat' dir='ltr'><em>aliam</em></span> <span class='ocrx_word' id='word_1_41' title='bbox 375 731 518 768; x_wconf 83' lang='lat' dir='ltr'><em>famam</em></span> <span class='ocrx_word' id='word_1_42' title='bbox 535 736 753 778; x_wconf 83' lang='lat' dir='ltr'><em>sequutus,</em></span> <span class='ocrx_word' id='word_1_43' title='bbox 784 729 872 765; x_wconf 88' lang='lat' dir='ltr'><em>Dae-</em></span> 
     </span>
     <span class='ocr_line' id='line_1_9' title="bbox 156 785 873 837; baseline -0.013 -7"><span class='ocrx_word' id='word_1_44' title='bbox 156 792 290 830; x_wconf 89' lang='lat' dir='ltr'><em>dalum</em></span> <span class='ocrx_word' id='word_1_45' title='bbox 331 803 382 827; x_wconf 83' lang='lat' dir='ltr'><em>ex</em></span> <span class='ocrx_word' id='word_1_46' title='bbox 415 789 547 826; x_wconf 83' lang='lat' dir='ltr'>Sicilia</span> <span class='ocrx_word' id='word_1_47' title='bbox 579 799 740 837; x_wconf 78' lang='lat' dir='ltr'><em>quoque</em></span> <span class='ocrx_word' id='word_1_48' title='bbox 780 785 873 836; x_wconf 85' lang='lat' dir='ltr'><em>fuga</em></span> 
     </span>
     <span class='ocr_line' id='line_1_10' title="bbox 159 844 873 888; baseline -0.013 0"><span class='ocrx_word' id='word_1_49' title='bbox 159 852 323 888; x_wconf 88' lang='lat' dir='ltr'><em>evasisse</em></span> <span class='ocrx_word' id='word_1_50' title='bbox 368 848 517 884; x_wconf 86' lang='lat' dir='ltr'><em>statuit.</em></span> <span class='ocrx_word' id='word_1_51' title='bbox 558 844 746 882; x_wconf 84' lang='lat' dir='ltr'><em>Praeclare</em></span> <span class='ocrx_word' id='word_1_52' title='bbox 786 846 873 882; x_wconf 92' lang='lat' dir='ltr'><em>Ser-</em></span> 
     </span>
     <span class='ocr_line' id='line_1_11' title="bbox 160 900 875 951; baseline -0.014 -5"><span class='ocrx_word' id='word_1_53' title='bbox 160 910 250 945; x_wconf 68' lang='lat' dir='ltr'><em>vius</em></span> <span class='ocrx_word' id='word_1_54' title='bbox 273 919 281 944; x_wconf 91' lang='lat'>:</span> <span class='ocrx_word' id='word_1_55' title='bbox 307 904 502 943; x_wconf 82' lang='lat' dir='ltr'><em>Doedalus</em></span> <span class='ocrx_word' id='word_1_56' title='bbox 533 915 657 947; x_wconf 79' lang='lat' dir='ltr'><em>vero,</em></span> <span class='ocrx_word' id='word_1_57' title='bbox 697 900 875 951; x_wconf 80' lang='lat' dir='ltr'><em>primum</em></span> 
     </span>
     <span class='ocr_line' id='line_1_12' title="bbox 160 958 879 1007; baseline -0.011 -4"><span class='ocrx_word' id='word_1_58' title='bbox 160 964 420 1007; x_wconf 79' lang='lat' dir='ltr'><em>Sardiniam,</em></span> <span class='ocrx_word' id='word_1_59' title='bbox 463 970 507 998; x_wconf 81' lang='lat' dir='ltr'><em>uc</em></span> <span class='ocrx_word' id='word_1_60' title='bbox 535 959 632 997; x_wconf 77' lang='lat' dir='ltr'><em>dicit</em></span> <span class='ocrx_word' id='word_1_61' title='bbox 666 958 879 996; x_wconf 80' lang='lat' dir='ltr'><em>Sallustius</em></span> 
     </span>
     <span class='ocr_line' id='line_1_13' title="bbox 159 1017 878 1069; baseline -0.013 -7"><span class='ocrx_word' id='word_1_62' title='bbox 159 1024 229 1062; x_wconf 89' lang='lat' dir='ltr'><em>lib.</em></span> <span class='ocrx_word' id='word_1_63' title='bbox 262 1024 307 1058; x_wconf 92' lang='lat' dir='ltr'><em>II</em></span> <span class='ocrx_word' id='word_1_64' title='bbox 333 1019 620 1064; x_wconf 78' lang='lat' dir='ltr'><em>Historiarum,</em></span> <span class='ocrx_word' id='word_1_65' title='bbox 648 1026 746 1069; x_wconf 81' lang='lat' dir='ltr'><em>post</em></span> <span class='ocrx_word' id='word_1_66' title='bbox 766 1017 878 1054; x_wconf 87' lang='lat' dir='ltr'><em>dela-</em></span> 
     </span>
     <span class='ocr_line' id='line_1_14' title="bbox 162 1074 881 1127; baseline -0.011 -8"><span class='ocrx_word' id='word_1_67' title='bbox 162 1091 224 1120; x_wconf 77' lang='lat' dir='ltr'><em>tus</em></span> <span class='ocrx_word' id='word_1_68' title='bbox 244 1090 304 1118; x_wconf 85' lang='lat' dir='ltr'><em>est</em></span> <span class='ocrx_word' id='word_1_69' title='bbox 325 1079 497 1118; x_wconf 89' lang='lat' dir='ltr'><em>Cumas:</em></span> <span class='ocrx_word' id='word_1_70' title='bbox 519 1086 558 1115; x_wconf 78' lang='lat' dir='ltr'><em>ec</em></span> <span class='ocrx_word' id='word_1_71' title='bbox 576 1076 725 1127; x_wconf 81' lang='lat' dir='ltr'><em>templo</em></span> <span class='ocrx_word' id='word_1_72' title='bbox 755 1074 881 1125; x_wconf 85' lang='lat' dir='ltr'><em>Apol·</em></span> 
     </span>
     <span class='ocr_line' id='line_1_15' title="bbox 161 1132 880 1186; baseline -0.011 -9"><span class='ocrx_word' id='word_1_73' title='bbox 161 1139 241 1178; x_wconf 87' lang='lat' dir='ltr'><em>lini</em></span> <span class='ocrx_word' id='word_1_74' title='bbox 263 1137 447 1182; x_wconf 79' lang='lat' dir='ltr'><em>condico,</em></span> <span class='ocrx_word' id='word_1_75' title='bbox 470 1134 717 1186; x_wconf 84' lang='lat' dir='ltr'><em>sacratisque</em></span> <span class='ocrx_word' id='word_1_76' title='bbox 733 1133 772 1172; x_wconf 83' lang='lat' dir='ltr'><em>ei</em></span> <span class='ocrx_word' id='word_1_77' title='bbox 790 1132 880 1180; x_wconf 82' lang='lat' dir='ltr'><em>alis,</em></span> 
     </span>
     <span class='ocr_line' id='line_1_16' title="bbox 162 1191 879 1249; baseline -0.01 -14"><span class='ocrx_word' id='word_1_78' title='bbox 162 1197 205 1235; x_wconf 80' lang='lat' dir='ltr'><em>in</em></span> <span class='ocrx_word' id='word_1_79' title='bbox 224 1195 382 1249; x_wconf 87' lang='lat' dir='ltr'><em>foribus</em></span> <span class='ocrx_word' id='word_1_80' title='bbox 411 1195 495 1233; x_wconf 77' lang='lat' dir='ltr'><em>lzoec</em></span> <span class='ocrx_word' id='word_1_81' title='bbox 524 1193 704 1232; x_wconf 80' lang='lat' dir='ltr'><em>universa</em></span> <span class='ocrx_word' id='word_1_82' title='bbox 725 1191 879 1243; x_wconf 75' lang='lat' dir='ltr'><em>pinxit.</em></span> 
     </span>
     <span class='ocr_line' id='line_1_17' title="bbox 163 1251 879 1304; baseline -0.011 -10"><span class='ocrx_word' id='word_1_83' title='bbox 163 1257 352 1295; x_wconf 82' lang='lat' dir='ltr'><em>Ceterum</em></span> <span class='ocrx_word' id='word_1_84' title='bbox 386 1262 541 1300; x_wconf 86' lang='lat' dir='ltr'><em>totum,</em></span> <span class='ocrx_word' id='word_1_85' title='bbox 572 1253 644 1304; x_wconf 76' lang='lat' dir='ltr'><em>qui</em></span> <span class='ocrx_word' id='word_1_86' title='bbox 677 1251 879 1302; x_wconf 86' lang='lat' dir='ltr'><em>sequitur,</em></span> 
     </span>
     <span class='ocr_line' id='line_1_18' title="bbox 161 1313 882 1363; baseline -0.011 -10"><span class='ocrx_word' id='word_1_87' title='bbox 161 1316 300 1353; x_wconf 90' lang='lat' dir='ltr'><em>locum</em></span> <span class='ocrx_word' id='word_1_88' title='bbox 322 1313 523 1363; x_wconf 86' lang='lat' dir='ltr'><em>copiosius</em></span> <span class='ocrx_word' id='word_1_89' title='bbox 540 1318 806 1362; x_wconf 77' lang='lat' dir='ltr'><em>persequutus</em></span> <span class='ocrx_word' id='word_1_90' title='bbox 824 1317 882 1346; x_wconf 90' lang='lat' dir='ltr'><em>est</em></span> 
     </span>
     <span class='ocr_line' id='line_1_19' title="bbox 163 1366 879 1419; baseline -0.01 -8"><span class='ocrx_word' id='word_1_91' title='bbox 163 1373 283 1411; x_wconf 83' lang='lat' dir='ltr'><em>Silius</em></span> <span class='ocrx_word' id='word_1_92' title='bbox 320 1372 427 1416; x_wconf 76' lang='lat' dir='ltr'>XII,</span> <span class='ocrx_word' id='word_1_93' title='bbox 471 1369 686 1419; x_wconf 81' lang='lat'><em>89—103.</em></span> <span class='ocrx_word' id='word_1_94' title='bbox 716 1389 774 1397; x_wconf 92' lang='lat'>—</span> <span class='ocrx_word' id='word_1_95' title='bbox 815 1366 879 1404; x_wconf 86' lang='lat'><em>15.</em></span> 
     </span>
     <span class='ocr_line' id='line_1_20' title="bbox 163 1425 883 1480; baseline -0.011 -11"><span class='ocrx_word' id='word_1_96' title='bbox 163 1431 294 1470; x_wconf 79' lang='lat' dir='ltr'><em>Possis</em></span> <span class='ocrx_word' id='word_1_97' title='bbox 313 1430 480 1480; x_wconf 84' lang='lat' dir='ltr'><em>jungere</em></span> <span class='ocrx_word' id='word_1_98' title='bbox 500 1439 510 1465; x_wconf 74' lang='grc' dir='ltr'>ε</span> <span class='ocrx_word' id='word_1_99' title='bbox 528 1425 772 1477; x_wconf 69' lang='lat' dir='ltr'><em>Praepetibus</em></span> <span class='ocrx_word' id='word_1_100' title='bbox 782 1438 883 1476; x_wconf 85' lang='lat' dir='ltr'><em>pen·</em></span> 
     </span>
     <span class='ocr_line' id='line_1_21' title="bbox 168 1484 883 1530; baseline -0.01 -4"><span class='ocrx_word' id='word_1_101' title='bbox 168 1488 232 1526; x_wconf 82' lang='lat' dir='ltr'><em>nis</em></span> <span class='ocrx_word' id='word_1_102' title='bbox 263 1499 381 1524; x_wconf 87' lang='lat' dir='ltr'><em>ausus</em></span> <span class='ocrx_word' id='word_1_103' title='bbox 403 1499 443 1523; x_wconf 87' lang='lat' dir='ltr'><em>se</em></span> <span class='ocrx_word' id='word_1_104' title='bbox 463 1485 648 1530; x_wconf 79' lang='lat' dir='ltr'><em>credere,</em></span> <span class='ocrx_word' id='word_1_105' title='bbox 688 1484 787 1522; x_wconf 84' lang='lat' dir='ltr'><em>coelo</em></span> <span class='ocrx_word' id='word_1_106' title='bbox 813 1485 883 1519; x_wconf 87' lang='lat' dir='ltr'><em>In-</em></span> 
     </span>
     <span class='ocr_line' id='line_1_22' title="bbox 166 1541 885 1594; baseline -0.01 -11"><span class='ocrx_word' id='word_1_107' title='bbox 166 1554 320 1584; x_wconf 80' lang='lat' dir='ltr'><em>suecum</em></span> <span class='ocrx_word' id='word_1_108' title='bbox 338 1567 394 1573; x_wconf 88' lang='lat'>—</span> <span class='ocrx_word' id='word_1_109' title='bbox 411 1547 592 1594; x_wconf 84' lang='lat' dir='ltr'><em>Languet</em></span> <span class='ocrx_word' id='word_1_110' title='bbox 615 1543 673 1580; x_wconf 87' lang='lat' dir='ltr'><em>sic</em></span> <span class='ocrx_word' id='word_1_111' title='bbox 699 1541 811 1579; x_wconf 86' lang='lat' dir='ltr'><em>coelo.</em></span> <span class='ocrx_word' id='word_1_112' title='bbox 836 1543 885 1578; x_wconf 91' lang='lat' dir='ltr'><em>Et</em></span> 
     </span>
     <span class='ocr_line' id='line_1_23' title="bbox 166 1599 853 1649; baseline -0.012 -6"><span class='ocrx_word' id='word_1_113' title='bbox 166 1603 285 1643; x_wconf 83' lang='lat' dir='ltr'><em>Ovid.</em></span> <span class='ocrx_word' id='word_1_114' title='bbox 318 1604 419 1642; x_wconf 78' lang='lat' dir='ltr'><em>Met.</em></span> <span class='ocrx_word' id='word_1_115' title='bbox 455 1603 515 1647; x_wconf 86' lang='grc' dir='ltr'><em>ΙΙ,</em></span> <span class='ocrx_word' id='word_1_116' title='bbox 543 1603 622 1649; x_wconf 80' lang='grc'><em>377</em></span> <span class='ocrx_word' id='word_1_117' title='bbox 649 1599 699 1637; x_wconf 88' lang='lat' dir='ltr'><em>de</em></span> <span class='ocrx_word' id='word_1_118' title='bbox 722 1612 853 1649; x_wconf 76' lang='lat' dir='ltr'><em>cycno</em></span> 
     </span>
    </p>

    <p class='ocr_par' dir='ltr' id='par_1_4' title="bbox 168 1654 899 2864">
     <span class='ocr_line' id='line_1_24' title="bbox 170 1654 890 1709; baseline -0.014 -10"><span class='ocrx_word' id='word_1_119' title='bbox 170 1675 244 1699; x_wconf 82' lang='lat' dir='ltr'><em>nec</em></span> <span class='ocrx_word' id='word_1_120' title='bbox 271 1672 311 1698; x_wconf 84' lang='lat' dir='ltr'><em>se</em></span> <span class='ocrx_word' id='word_1_121' title='bbox 338 1659 518 1709; x_wconf 83' lang='lat' dir='ltr'><em>coeloque</em></span> <span class='ocrx_word' id='word_1_122' title='bbox 550 1655 717 1707; x_wconf 82' lang='lat' dir='ltr'><em>Iovique</em></span> <span class='ocrx_word' id='word_1_123' title='bbox 756 1654 890 1691; x_wconf 80' lang='lat' dir='ltr'><em>Credit</em></span> 
     </span>
     <span class='ocr_line' id='line_1_25' title="bbox 169 1714 888 1771; baseline -0.013 -14"><span class='ocrx_word' id='word_1_124' title='bbox 169 1742 228 1749; x_wconf 92' lang='lat'>—</span> <span class='ocrx_word' id='word_1_125' title='bbox 249 1721 406 1771; x_wconf 77' lang='lat' dir='ltr'><em>Stagna</em></span> <span class='ocrx_word' id='word_1_126' title='bbox 425 1714 543 1770; x_wconf 68' lang='lat' dir='ltr'><em>petit.</em></span> <span class='ocrx_word' id='word_1_127' title='bbox 569 1737 627 1744; x_wconf 92' lang='lat'><em>——</em></span> <span class='ocrx_word' id='word_1_128' title='bbox 646 1716 888 1752; x_wconf 86' lang='lat' dir='ltr'><em>Ornamenta</em></span> 
     </span>
     <span class='ocr_line' id='line_1_26' title="bbox 168 1770 887 1824; baseline -0.013 -9"><span class='ocrx_word' id='word_1_129' title='bbox 168 1778 306 1815; x_wconf 88' lang='lat' dir='ltr'><em>saltem</em></span> <span class='ocrx_word' id='word_1_130' title='bbox 341 1770 574 1824; x_wconf 84' lang='lat' dir='ltr'><em>comparent</em></span> <span class='ocrx_word' id='word_1_131' title='bbox 605 1771 787 1809; x_wconf 83' lang='lat' dir='ltr'><em>studiosi.</em></span> <span class='ocrx_word' id='word_1_132' title='bbox 804 1773 887 1807; x_wconf 92' lang='lat' dir='ltr'><em>Ho-</em></span> 
     </span>
     <span class='ocr_line' id='line_1_27' title="bbox 170 1831 890 1881; baseline -0.014 -8"><span class='ocrx_word' id='word_1_133' title='bbox 170 1843 246 1873; x_wconf 87' lang='lat' dir='ltr'><em>rat.</em></span> <span class='ocrx_word' id='word_1_134' title='bbox 266 1836 305 1881; x_wconf 87' lang='grc' dir='ltr'><em>Ι,</em></span> <span class='ocrx_word' id='word_1_135' title='bbox 327 1833 407 1872; x_wconf 91' lang='lat' dir='ltr'><em>Od.</em></span> <span class='ocrx_word' id='word_1_136' title='bbox 428 1833 449 1869; x_wconf 84' lang='grc'>3</span> <span class='ocrx_word' id='word_1_137' title='bbox 464 1859 475 1878; x_wconf 93' lang='grc'><strong><em>,</em></strong></span> <span class='ocrx_word' id='word_1_138' title='bbox 499 1832 574 1874; x_wconf 73' lang='lat'><em>34:</em></span> <span class='ocrx_word' id='word_1_139' title='bbox 594 1831 796 1879; x_wconf 75' lang='lat' dir='ltr'><em>Expertus</em></span> <span class='ocrx_word' id='word_1_140' title='bbox 817 1840 890 1865; x_wconf 79' lang='lat' dir='ltr'><em>va-</em></span> 
     </span>
     <span class='ocr_line' id='line_1_28' title="bbox 174 1886 888 1931; baseline -0.011 -1"><span class='ocrx_word' id='word_1_141' title='bbox 174 1905 292 1931; x_wconf 86' lang='lat' dir='ltr'><em>cuum</em></span> <span class='ocrx_word' id='word_1_142' title='bbox 310 1889 507 1928; x_wconf 70' lang='lat' dir='ltr'><em>Daedalus</em></span> <span class='ocrx_word' id='word_1_143' title='bbox 523 1901 622 1925; x_wconf 87' lang='lat' dir='ltr'><em>aera</em></span> <span class='ocrx_word' id='word_1_144' title='bbox 637 1886 789 1925; x_wconf 86' lang='lat' dir='ltr'><em>Pennis</em></span> <span class='ocrx_word' id='word_1_145' title='bbox 806 1898 888 1923; x_wconf 85' lang='lat' dir='ltr'><em>non</em></span> 
     </span>
     <span class='ocr_line' id='line_1_29' title="bbox 174 1945 891 1994; baseline -0.011 -6"><span class='ocrx_word' id='word_1_146' title='bbox 174 1949 329 1988; x_wconf 76' lang='lat' dir='ltr'><em>homini</em></span> <span class='ocrx_word' id='word_1_147' title='bbox 346 1947 466 1986; x_wconf 79' lang='lat' dir='ltr'><em>dacis.</em></span> <span class='ocrx_word' id='word_1_148' title='bbox 479 1946 614 1984; x_wconf 86' lang='lat' dir='ltr'><em>Verba</em></span> <span class='ocrx_word' id='word_1_149' title='bbox 630 1959 680 1983; x_wconf 83' lang='lat' dir='ltr'><em>ex</em></span> <span class='ocrx_word' id='word_1_150' title='bbox 697 1945 891 1994; x_wconf 87' lang='lat' dir='ltr'><em>antiquio-</em></span> 
     </span>
     <span class='ocr_line' id='line_1_30' title="bbox 175 2002 889 2057; baseline -0.011 -10"><span class='ocrx_word' id='word_1_151' title='bbox 175 2022 217 2046; x_wconf 88' lang='lat' dir='ltr'><em>re</em></span> <span class='ocrx_word' id='word_1_152' title='bbox 233 2020 416 2046; x_wconf 85' lang='lat' dir='ltr'><em>sermone</em></span> <span class='ocrx_word' id='word_1_153' title='bbox 437 2006 597 2057; x_wconf 82' lang='lat' dir='ltr'><em>poetico</em></span> <span class='ocrx_word' id='word_1_154' title='bbox 618 2011 784 2041; x_wconf 84' lang='lat' dir='ltr'><em>servata.</em></span> <span class='ocrx_word' id='word_1_155' title='bbox 805 2002 889 2041; x_wconf 87' lang='lat' dir='ltr'><em>Cic.</em></span> 
     </span>
     <span class='ocr_line' id='line_1_31' title="bbox 176 2063 891 2111; baseline -0.011 -6"><span class='ocrx_word' id='word_1_156' title='bbox 176 2067 225 2104; x_wconf 90' lang='lat' dir='ltr'><em>de</em></span> <span class='ocrx_word' id='word_1_157' title='bbox 241 2066 379 2104; x_wconf 84' lang='lat' dir='ltr'><em>Divin.</em></span> <span class='ocrx_word' id='word_1_158' title='bbox 400 2066 444 2108; x_wconf 89' lang='grc' dir='ltr'><em>Ι,</em></span> <span class='ocrx_word' id='word_1_159' title='bbox 485 2070 533 2111; x_wconf 78' lang='grc'><em>47</em></span> <span class='ocrx_word' id='word_1_160' title='bbox 565 2076 616 2100; x_wconf 81' lang='lat' dir='ltr'><em>ex</em></span> <span class='ocrx_word' id='word_1_161' title='bbox 638 2063 768 2100; x_wconf 87' lang='lat' dir='ltr'><em>Mario</em></span> <span class='ocrx_word' id='word_1_162' title='bbox 787 2073 861 2097; x_wconf 89' lang='lat' dir='ltr'><em>suo</em></span> <span class='ocrx_word' id='word_1_163' title='bbox 882 2072 891 2097; x_wconf 75' lang='grc' dir='ltr'><strong><em>ε</em></strong></span> 
     </span>
     <span class='ocr_line' id='line_1_32' title="bbox 180 2118 895 2173; baseline -0.013 -10"><span class='ocrx_word' id='word_1_164' title='bbox 180 2127 298 2163; x_wconf 87' lang='lat' dir='ltr'><em>Hane</em></span> <span class='ocrx_word' id='word_1_165' title='bbox 316 2122 384 2160; x_wconf 86' lang='lat' dir='ltr'><em>ubi</em></span> <span class='ocrx_word' id='word_1_166' title='bbox 390 2120 634 2173; x_wconf 67' lang='lat' dir='ltr'><em>praepetibus</em></span> <span class='ocrx_word' id='word_1_167' title='bbox 644 2118 794 2170; x_wconf 84' lang='lat' dir='ltr'><em>pennis</em></span> <span class='ocrx_word' id='word_1_168' title='bbox 812 2118 895 2168; x_wconf 76' lang='lat' dir='ltr'><em>lap-</em></span> 
     </span>
     <span class='ocr_line' id='line_1_33' title="bbox 177 2175 890 2233; baseline -0.01 -13"><span class='ocrx_word' id='word_1_169' title='bbox 177 2197 302 2233; x_wconf 85' lang='lat' dir='ltr'><em>suque</em></span> <span class='ocrx_word' id='word_1_170' title='bbox 335 2181 550 2218; x_wconf 81' lang='lat' dir='ltr'><em>volantem</em></span> <span class='ocrx_word' id='word_1_171' title='bbox 585 2176 815 2228; x_wconf 69' lang='lat' dir='ltr'><em>Conspexit.</em></span> <span class='ocrx_word' id='word_1_172' title='bbox 841 2175 890 2213; x_wconf 87' lang='lat' dir='ltr'><em>cf.</em></span> 
     </span>
     <span class='ocr_line' id='line_1_34' title="bbox 178 2239 895 2291; baseline -0.01 -13"><span class='ocrx_word' id='word_1_173' title='bbox 178 2253 266 2291; x_wconf 88' lang='lat' dir='ltr'><em>sup.</em></span> <span class='ocrx_word' id='word_1_174' title='bbox 287 2242 340 2285; x_wconf 88' lang='lat' dir='ltr'><em>V,</em></span> <span class='ocrx_word' id='word_1_175' title='bbox 361 2239 457 2283; x_wconf 76' lang='lat'><em>254.</em></span> <span class='ocrx_word' id='word_1_176' title='bbox 479 2239 527 2274; x_wconf 92' lang='lat' dir='ltr'><em>In</em></span> <span class='ocrx_word' id='word_1_177' title='bbox 548 2250 638 2275; x_wconf 78' lang='lat' dir='ltr'><em>voc.</em></span> <span class='ocrx_word' id='word_1_178' title='bbox 656 2247 815 2286; x_wconf 80' lang='lat' dir='ltr'><em>proepes</em></span> <span class='ocrx_word' id='word_1_179' title='bbox 835 2247 895 2272; x_wconf 65' lang='lat' dir='ltr'><em>ac·-</em></span> 
     </span>
     <span class='ocr_line' id='line_1_35' title="bbox 178 2293 894 2349; baseline -0.01 -14"><span class='ocrx_word' id='word_1_180' title='bbox 178 2305 370 2349; x_wconf 85' lang='lat' dir='ltr'><em>gutantur</em></span> <span class='ocrx_word' id='word_1_181' title='bbox 388 2304 540 2332; x_wconf 85' lang='lat' dir='ltr'><em>veteres</em></span> <span class='ocrx_word' id='word_1_182' title='bbox 563 2293 834 2332; x_wconf 88' lang='lat' dir='ltr'><em>Grammatici.</em></span> <span class='ocrx_word' id='word_1_183' title='bbox 855 2305 894 2329; x_wconf 72' lang='lat' dir='ltr'><em>v.</em></span> 
     </span>
     <span class='ocr_line' id='line_1_36' title="bbox 179 2349 898 2401; baseline -0.01 -7"><span class='ocrx_word' id='word_1_184' title='bbox 179 2355 285 2394; x_wconf 88' lang='lat' dir='ltr'><em>Gell.</em></span> <span class='ocrx_word' id='word_1_185' title='bbox 308 2356 392 2401; x_wconf 74' lang='lat' dir='ltr'><em>VI,</em></span> <span class='ocrx_word' id='word_1_186' title='bbox 421 2354 446 2390; x_wconf 89' lang='lat'>6</span> <span class='ocrx_word' id='word_1_187' title='bbox 470 2361 509 2389; x_wconf 87' lang='lat' dir='ltr'><em>et</em></span> <span class='ocrx_word' id='word_1_188' title='bbox 528 2355 637 2390; x_wconf 90' lang='lat' dir='ltr'><em>Serv.</em></span> <span class='ocrx_word' id='word_1_189' title='bbox 658 2351 769 2390; x_wconf 86' lang='lat' dir='ltr'><em>Nihil</em></span> <span class='ocrx_word' id='word_1_190' title='bbox 789 2349 898 2388; x_wconf 90' lang='lat' dir='ltr'><em>aliud</em></span> 
     </span>
     <span class='ocr_line' id='line_1_37' title="bbox 181 2408 895 2464; baseline -0.01 -13"><span class='ocrx_word' id='word_1_191' title='bbox 181 2423 238 2451; x_wconf 90' lang='lat' dir='ltr'><em>est</em></span> <span class='ocrx_word' id='word_1_192' title='bbox 269 2425 411 2464; x_wconf 88' lang='lat' dir='ltr'><em>quam,</em></span> <span class='ocrx_word' id='word_1_193' title='bbox 439 2411 562 2457; x_wconf 89' lang='lat' dir='ltr'><em>celer,</em></span> <span class='ocrx_word' id='word_1_194' title='bbox 594 2410 727 2447; x_wconf 74' lang='lat' dir='ltr'><em>velox.</em></span> <span class='ocrx_word' id='word_1_195' title='bbox 747 2431 807 2438; x_wconf 90' lang='lat'>—</span> <span class='ocrx_word' id='word_1_196' title='bbox 832 2408 895 2445; x_wconf 89' lang='lat'><em>16.</em></span> 
     </span>
     <span class='ocr_line' id='line_1_38' title="bbox 179 2467 896 2514; baseline -0.008 -5"><span class='ocrx_word' id='word_1_197' title='bbox 179 2472 253 2508; x_wconf 89' lang='lat' dir='ltr'><em>Ad</em></span> <span class='ocrx_word' id='word_1_198' title='bbox 274 2473 415 2508; x_wconf 85' lang='lat' dir='ltr'><em>Arctos</em></span> <span class='ocrx_word' id='word_1_199' title='bbox 441 2467 548 2507; x_wconf 88' lang='lat' dir='ltr'><em>conf.</em></span> <span class='ocrx_word' id='word_1_200' title='bbox 580 2469 701 2506; x_wconf 84' lang='lat' dir='ltr'><em>Geor.</em></span> <span class='ocrx_word' id='word_1_201' title='bbox 718 2468 761 2514; x_wconf 89' lang='grc' dir='ltr'><em>Ι,</em></span> <span class='ocrx_word' id='word_1_202' title='bbox 789 2467 896 2514; x_wconf 78' lang='lat'><strong>245,</strong></span> 
     </span>
     <span class='ocr_line' id='line_1_39' title="bbox 185 2526 898 2574; baseline -0.007 -8"><span class='ocrx_word' id='word_1_203' title='bbox 185 2529 282 2574; x_wconf 73' lang='lat'><em>246.</em></span> <span class='ocrx_word' id='word_1_204' title='bbox 313 2531 436 2574; x_wconf 88' lang='lat' dir='ltr'><em>Sane,</em></span> <span class='ocrx_word' id='word_1_205' title='bbox 461 2529 542 2564; x_wconf 87' lang='lat' dir='ltr'><em>sive</em></span> <span class='ocrx_word' id='word_1_206' title='bbox 566 2539 618 2563; x_wconf 86' lang='lat' dir='ltr'><em>ex</em></span> <span class='ocrx_word' id='word_1_207' title='bbox 648 2526 782 2571; x_wconf 85' lang='lat' dir='ltr'><em>Creta,</em></span> <span class='ocrx_word' id='word_1_208' title='bbox 814 2526 898 2561; x_wconf 90' lang='lat' dir='ltr'><em>sive</em></span> 
     </span>
     <span class='ocr_line' id='line_1_40' title="bbox 183 2583 899 2631; baseline -0.008 -7"><span class='ocrx_word' id='word_1_209' title='bbox 183 2600 234 2624; x_wconf 85' lang='lat' dir='ltr'><em>ex</em></span> <span class='ocrx_word' id='word_1_210' title='bbox 262 2586 393 2626; x_wconf 75' lang='lat' dir='ltr'><em>Sicilia</em></span> <span class='ocrx_word' id='word_1_211' title='bbox 407 2613 417 2631; x_wconf 92' lang='lat'>‚</span> <span class='ocrx_word' id='word_1_212' title='bbox 452 2586 534 2622; x_wconf 85' lang='lat' dir='ltr'><em>sive</em></span> <span class='ocrx_word' id='word_1_213' title='bbox 552 2598 603 2621; x_wconf 84' lang='lat' dir='ltr'><em>ex</em></span> <span class='ocrx_word' id='word_1_214' title='bbox 626 2583 803 2622; x_wconf 84' lang='lat' dir='ltr'><em>Sardinia</em></span> <span class='ocrx_word' id='word_1_215' title='bbox 817 2609 829 2629; x_wconf 87' lang='lat'>‚</span> <span class='ocrx_word' id='word_1_216' title='bbox 852 2590 899 2619; x_wconf 88' lang='lat' dir='ltr'><em>ut</em></span> 
     </span>
     <span class='ocr_line' id='line_1_41' title="bbox 183 2638 898 2683; baseline -0.01 0"><span class='ocrx_word' id='word_1_217' title='bbox 183 2644 305 2683; x_wconf 89' lang='lat' dir='ltr'><em>modo</em></span> <span class='ocrx_word' id='word_1_218' title='bbox 323 2657 343 2680; x_wconf 92' lang='lat' dir='ltr'><em>e</em></span> <span class='ocrx_word' id='word_1_219' title='bbox 363 2641 548 2681; x_wconf 85' lang='lat' dir='ltr'><em>Sallustio</em></span> <span class='ocrx_word' id='word_1_220' title='bbox 576 2640 767 2678; x_wconf 85' lang='lat' dir='ltr'><em>traditum</em></span> <span class='ocrx_word' id='word_1_221' title='bbox 795 2638 898 2676; x_wconf 87' lang='lat' dir='ltr'><em>vidi·</em></span> 
     </span>
     <span class='ocr_line' id='line_1_42' title="bbox 183 2698 897 2753; baseline -0.011 -12"><span class='ocrx_word' id='word_1_222' title='bbox 183 2716 293 2749; x_wconf 81' lang='lat' dir='ltr'><em>mus,</em></span> <span class='ocrx_word' id='word_1_223' title='bbox 315 2700 508 2753; x_wconf 84' lang='lat' dir='ltr'><em>profugus</em></span> <span class='ocrx_word' id='word_1_224' title='bbox 522 2727 532 2744; x_wconf 92' lang='lat'>‚</span> <span class='ocrx_word' id='word_1_225' title='bbox 551 2698 738 2736; x_wconf 79' lang='lat' dir='ltr'><em>Daedalus</em></span> <span class='ocrx_word' id='word_1_226' title='bbox 760 2698 897 2735; x_wconf 87' lang='lat' dir='ltr'><em>volatu</em></span> 
     </span>
     <span class='ocr_line' id='line_1_43' title="bbox 184 2756 896 2808; baseline -0.01 -10"><span class='ocrx_word' id='word_1_227' title='bbox 184 2774 320 2798; x_wconf 83' lang='lat' dir='ltr'><em>versus</em></span> <span class='ocrx_word' id='word_1_228' title='bbox 354 2756 713 2808; x_wconf 80' lang='lat' dir='ltr'><em>septemtrionalem</em></span> <span class='ocrx_word' id='word_1_229' title='bbox 743 2756 896 2806; x_wconf 81' lang='lat' dir='ltr'>plagam</span> 
     </span>
     <span class='ocr_line' id='line_1_44' title="bbox 185 2813 894 2864; baseline -0.013 -8"><span class='ocrx_word' id='word_1_230' title='bbox 185 2816 413 2864; x_wconf 80' lang='lat' dir='ltr'><em>contendit,</em></span> <span class='ocrx_word' id='word_1_231' title='bbox 443 2815 537 2852; x_wconf 88' lang='lat' dir='ltr'><em>dum</em></span> <span class='ocrx_word' id='word_1_232' title='bbox 570 2815 710 2853; x_wconf 88' lang='lat' dir='ltr'><em>Cumas</em></span> <span class='ocrx_word' id='word_1_233' title='bbox 739 2813 894 2851; x_wconf 84' lang='lat' dir='ltr'><em>advola-</em></span> 
     </span>
    </p>
   </div>
   <div class='ocr_carea' id='block_1_4' title="bbox 935 552 1677 2864">
    <p class='ocr_par' dir='ltr' id='par_1_5' title="bbox 935 552 1677 2864">
     <span class='ocr_line' id='line_1_45' title="bbox 935 552 1652 605; baseline 0 -15"><span class='ocrx_word' id='word_1_234' title='bbox 935 554 1006 592; x_wconf 87' lang='lat' dir='ltr'><em>vit.</em></span> <span class='ocrx_word' id='word_1_235' title='bbox 1024 555 1110 590; x_wconf 88' lang='lat' dir='ltr'><em>Erit</em></span> <span class='ocrx_word' id='word_1_236' title='bbox 1134 561 1287 601; x_wconf 83' lang='lat' dir='ltr'><em>tamen,</em></span> <span class='ocrx_word' id='word_1_237' title='bbox 1320 552 1430 605; x_wconf 84' lang='lat' dir='ltr'><em>quod</em></span> <span class='ocrx_word' id='word_1_238' title='bbox 1454 553 1561 591; x_wconf 80' lang='lat' dir='ltr'><em>haud</em></span> <span class='ocrx_word' id='word_1_239' title='bbox 1585 567 1652 590; x_wconf 85' lang='lat' dir='ltr'><em>ne-</em></span> 
     </span>
     <span class='ocr_line' id='line_1_46' title="bbox 936 596 1652 663; baseline 0.003 -17"><span class='ocrx_word' id='word_1_240' title='bbox 936 623 1024 662; x_wconf 86' lang='lat' dir='ltr'><em>ges,</em></span> <span class='ocrx_word' id='word_1_241' title='bbox 1041 596 1121 647; x_wconf 65' lang='lat' dir='ltr'><em>fioc</em></span> <span class='ocrx_word' id='word_1_242' title='bbox 1139 610 1252 649; x_wconf 85' lang='lat' dir='ltr'><em>valde</em></span> <span class='ocrx_word' id='word_1_243' title='bbox 1266 611 1475 655; x_wconf 67' lang='lat' dir='ltr'><em>,tumjdum</em></span> <span class='ocrx_word' id='word_1_244' title='bbox 1497 625 1517 649; x_wconf 85' lang='lat' dir='ltr'><em>a</em></span> <span class='ocrx_word' id='word_1_245' title='bbox 1537 621 1652 663; x_wconf 86' lang='lat' dir='ltr'><em>poeta</em></span> 
     </span>
     <span class='ocr_line' id='line_1_47' title="bbox 937 669 1652 720; baseline -0.001 -14"><span class='ocrx_word' id='word_1_246' title='bbox 937 669 1089 706; x_wconf 86' lang='lat' dir='ltr'><em>dictum</em></span> <span class='ocrx_word' id='word_1_247' title='bbox 1112 680 1122 706; x_wconf 70' lang='grc' dir='ltr'>ε</span> <span class='ocrx_word' id='word_1_248' title='bbox 1139 669 1298 720; x_wconf 78' lang='lat' dir='ltr'><em>gelidas</em></span> <span class='ocrx_word' id='word_1_249' title='bbox 1321 670 1453 707; x_wconf 81' lang='lat' dir='ltr'><em>enavit</em></span> <span class='ocrx_word' id='word_1_250' title='bbox 1471 671 1530 707; x_wconf 88' lang='lat' dir='ltr'><em>ad</em></span> <span class='ocrx_word' id='word_1_251' title='bbox 1551 673 1652 707; x_wconf 84' lang='lat' dir='ltr'><em>Arc-</em></span> 
     </span>
     <span class='ocr_line' id='line_1_48' title="bbox 939 727 1655 779; baseline 0 -14"><span class='ocrx_word' id='word_1_252' title='bbox 939 738 1023 772; x_wconf 78' lang='lat' dir='ltr'><em>tos;</em></span> <span class='ocrx_word' id='word_1_253' title='bbox 1059 739 1133 764; x_wconf 87' lang='lat' dir='ltr'><em>nec</em></span> <span class='ocrx_word' id='word_1_254' title='bbox 1161 729 1251 764; x_wconf 80' lang='lat' dir='ltr'><em>satis</em></span> <span class='ocrx_word' id='word_1_255' title='bbox 1279 735 1340 765; x_wconf 82' lang='lat' dir='ltr'><em>est</em></span> <span class='ocrx_word' id='word_1_256' title='bbox 1367 727 1524 775; x_wconf 81' lang='lat' dir='ltr'><em>dicere,</em></span> <span class='ocrx_word' id='word_1_257' title='bbox 1559 742 1655 779; x_wconf 84' lang='lat' dir='ltr'><em>pru-</em></span> 
     </span>
     <span class='ocr_line' id='line_1_49' title="bbox 940 784 1656 833; baseline 0.001 -11"><span class='ocrx_word' id='word_1_258' title='bbox 940 786 1074 823; x_wconf 84' lang='lat' dir='ltr'><em>dentia</em></span> <span class='ocrx_word' id='word_1_259' title='bbox 1104 784 1149 822; x_wconf 83' lang='lat' dir='ltr'><em>id</em></span> <span class='ocrx_word' id='word_1_260' title='bbox 1175 785 1312 823; x_wconf 84' lang='lat' dir='ltr'><em>fecisse</em></span> <span class='ocrx_word' id='word_1_261' title='bbox 1340 786 1574 833; x_wconf 85' lang='lat' dir='ltr'><em>Daedalum,</em></span> <span class='ocrx_word' id='word_1_262' title='bbox 1605 800 1656 823; x_wconf 84' lang='lat' dir='ltr'><em>nc</em></span> 
     </span>
     <span class='ocr_line' id='line_1_50' title="bbox 941 843 1656 894; baseline 0 -13"><span class='ocrx_word' id='word_1_263' title='bbox 941 845 1012 881; x_wconf 79' lang='lat' dir='ltr'><em>alae</em></span> <span class='ocrx_word' id='word_1_264' title='bbox 1050 851 1190 881; x_wconf 85' lang='lat' dir='ltr'><em>ceratae</em></span> <span class='ocrx_word' id='word_1_265' title='bbox 1234 843 1315 881; x_wconf 91' lang='lat' dir='ltr'><em>sole</em></span> <span class='ocrx_word' id='word_1_266' title='bbox 1361 844 1656 894; x_wconf 82' lang='lat' dir='ltr'><em>liquescerent3</em></span> 
     </span>
     <span class='ocr_line' id='line_1_51' title="bbox 944 901 1656 952; baseline -0.001 -12"><span class='ocrx_word' id='word_1_267' title='bbox 944 911 1012 940; x_wconf 86' lang='lat' dir='ltr'><em>aut</em></span> <span class='ocrx_word' id='word_1_268' title='bbox 1037 901 1329 952; x_wconf 82' lang='lat' dir='ltr'><em>septemtrionis</em></span> <span class='ocrx_word' id='word_1_269' title='bbox 1358 902 1656 949; x_wconf 86' lang='lat' dir='ltr'><em>observatione,</em></span> 
     </span>
     <span class='ocr_line' id='line_1_52' title="bbox 942 960 1655 1012; baseline 0 -14"><span class='ocrx_word' id='word_1_270' title='bbox 942 969 990 998; x_wconf 87' lang='lat' dir='ltr'><em>ut</em></span> <span class='ocrx_word' id='word_1_271' title='bbox 1028 961 1187 998; x_wconf 69' lang='lat' dir='ltr'><em>Servius</em></span> <span class='ocrx_word' id='word_1_272' title='bbox 1224 968 1264 996; x_wconf 90' lang='lat' dir='ltr'><em>et</em></span> <span class='ocrx_word' id='word_1_273' title='bbox 1302 960 1371 998; x_wconf 85' lang='lat' dir='ltr'><em>alii</em></span> <span class='ocrx_word' id='word_1_274' title='bbox 1404 961 1655 1012; x_wconf 75' lang='lat' dir='ltr'><em>argutantur.</em></span> 
     </span>
     <span class='ocr_line' id='line_1_53' title="bbox 944 1017 1661 1069; baseline -0.003 -12"><span class='ocrx_word' id='word_1_275' title='bbox 944 1019 1104 1057; x_wconf 87' lang='lat' dir='ltr'><em>Scilicet</em></span> <span class='ocrx_word' id='word_1_276' title='bbox 1118 1018 1226 1055; x_wconf 84' lang='lat' dir='ltr'><em>fuere</em></span> <span class='ocrx_word' id='word_1_277' title='bbox 1240 1017 1376 1069; x_wconf 85' lang='lat' dir='ltr'><em>plures</em></span> <span class='ocrx_word' id='word_1_278' title='bbox 1392 1019 1489 1056; x_wconf 90' lang='lat' dir='ltr'><em>olim</em></span> <span class='ocrx_word' id='word_1_279' title='bbox 1505 1017 1555 1055; x_wconf 87' lang='lat' dir='ltr'><em>de</em></span> <span class='ocrx_word' id='word_1_280' title='bbox 1574 1020 1661 1056; x_wconf 88' lang='lat' dir='ltr'><em>Dae-</em></span> 
     </span>
     <span class='ocr_line' id='line_1_54' title="bbox 947 1076 1661 1127; baseline -0.003 -13"><span class='ocrx_word' id='word_1_281' title='bbox 947 1076 1027 1114; x_wconf 88' lang='lat' dir='ltr'><em>dali</em></span> <span class='ocrx_word' id='word_1_282' title='bbox 1045 1076 1248 1113; x_wconf 89' lang='lat' dir='ltr'><em>erroribus</em></span> <span class='ocrx_word' id='word_1_283' title='bbox 1276 1090 1348 1127; x_wconf 89' lang='lat' dir='ltr'><em>per</em></span> <span class='ocrx_word' id='word_1_284' title='bbox 1376 1089 1504 1115; x_wconf 88' lang='lat' dir='ltr'><em>aerem</em></span> <span class='ocrx_word' id='word_1_285' title='bbox 1530 1089 1661 1113; x_wconf 86' lang='lat' dir='ltr'><em>narra-</em></span> 
     </span>
     <span class='ocr_line' id='line_1_55' title="bbox 948 1134 1659 1187; baseline -0.001 -14"><span class='ocrx_word' id='word_1_286' title='bbox 948 1137 1075 1173; x_wconf 89' lang='lat' dir='ltr'><em>tiones</em></span> <span class='ocrx_word' id='word_1_287' title='bbox 1110 1134 1185 1187; x_wconf 87' lang='lat' dir='ltr'><em>(ut</em></span> <span class='ocrx_word' id='word_1_288' title='bbox 1220 1136 1264 1171; x_wconf 88' lang='lat' dir='ltr'><em>in</em></span> <span class='ocrx_word' id='word_1_289' title='bbox 1295 1136 1384 1186; x_wconf 90' lang='lat' dir='ltr'><em>ipso</em></span> <span class='ocrx_word' id='word_1_290' title='bbox 1410 1134 1530 1174; x_wconf 90' lang='lat' dir='ltr'><em>Ovid.</em></span> <span class='ocrx_word' id='word_1_291' title='bbox 1561 1136 1659 1172; x_wconf 83' lang='lat' dir='ltr'><em>Met.</em></span> 
     </span>
     <span class='ocr_line' id='line_1_56' title="bbox 947 1194 1663 1242; baseline -0.001 -11"><span class='ocrx_word' id='word_1_292' title='bbox 947 1194 1072 1239; x_wconf 77' lang='lat' dir='ltr'>VIII,</span> <span class='ocrx_word' id='word_1_293' title='bbox 1105 1205 1187 1230; x_wconf 86' lang='lat'><em>220</em></span> <span class='ocrx_word' id='word_1_294' title='bbox 1214 1205 1295 1242; x_wconf 88' lang='lat' dir='ltr'><em>seq.</em></span> <span class='ocrx_word' id='word_1_295' title='bbox 1323 1206 1408 1231; x_wconf 89' lang='lat' dir='ltr'><em>non</em></span> <span class='ocrx_word' id='word_1_296' title='bbox 1439 1194 1532 1230; x_wconf 85' lang='lat' dir='ltr'><em>satis</em></span> <span class='ocrx_word' id='word_1_297' title='bbox 1565 1206 1663 1230; x_wconf 87' lang='lat' dir='ltr'><em>asse-</em></span> 
     </span>
     <span class='ocr_line' id='line_1_57' title="bbox 949 1250 1663 1303; baseline 0 -14"><span class='ocrx_word' id='word_1_298' title='bbox 949 1264 1053 1303; x_wconf 90' lang='lat' dir='ltr'><em>quor</em></span> <span class='ocrx_word' id='word_1_299' title='bbox 1071 1264 1193 1302; x_wconf 87' lang='lat' dir='ltr'><em>quem</em></span> <span class='ocrx_word' id='word_1_300' title='bbox 1216 1254 1470 1289; x_wconf 67' lang='lat' dir='ltr'><em>cursum&#39;seu</em></span> <span class='ocrx_word' id='word_1_301' title='bbox 1484 1250 1663 1289; x_wconf 78' lang='lat' dir='ltr'><em>volatum</em></span> 
     </span>
     <span class='ocr_line' id='line_1_58' title="bbox 949 1308 1664 1361; baseline 0.001 -14"><span class='ocrx_word' id='word_1_302' title='bbox 949 1311 1123 1348; x_wconf 88' lang='lat' dir='ltr'><em>tenuerit</em></span> <span class='ocrx_word' id='word_1_303' title='bbox 1136 1309 1152 1361; x_wconf 89' lang='lat'><em>)</em></span> <span class='ocrx_word' id='word_1_304' title='bbox 1166 1337 1177 1357; x_wconf 85' lang='lat'><strong><em>,</em></strong></span> <span class='ocrx_word' id='word_1_305' title='bbox 1196 1308 1347 1360; x_wconf 79' lang='lat' dir='ltr'><em>quibus</em></span> <span class='ocrx_word' id='word_1_306' title='bbox 1363 1309 1432 1346; x_wconf 88' lang='lat' dir='ltr'><em>ille</em></span> <span class='ocrx_word' id='word_1_307' title='bbox 1458 1309 1576 1347; x_wconf 86' lang='lat' dir='ltr'><em>etiam</em></span> <span class='ocrx_word' id='word_1_308' title='bbox 1604 1322 1664 1348; x_wconf 84' lang='lat' dir='ltr'><em>re-</em></span> 
     </span>
     <span class='ocr_line' id='line_1_59' title="bbox 947 1365 1665 1419; baseline -0.001 -14"><span class='ocrx_word' id='word_1_309' title='bbox 947 1369 1160 1406; x_wconf 87' lang='lat' dir='ltr'><em>motiorem</em></span> <span class='ocrx_word' id='word_1_310' title='bbox 1191 1367 1550 1419; x_wconf 84' lang='lat' dir='ltr'><em>septemtrionalem</em></span> <span class='ocrx_word' id='word_1_311' title='bbox 1581 1365 1665 1418; x_wconf 88' lang='lat' dir='ltr'><em>pla-</em></span> 
     </span>
     <span class='ocr_line' id='line_1_60' title="bbox 949 1423 1668 1477; baseline -0.003 -13"><span class='ocrx_word' id='word_1_312' title='bbox 949 1439 1037 1477; x_wconf 86' lang='lat' dir='ltr'><em>gam</em></span> <span class='ocrx_word' id='word_1_313' title='bbox 1060 1425 1199 1463; x_wconf 85' lang='lat' dir='ltr'><em>adiisse</em></span> <span class='ocrx_word' id='word_1_314' title='bbox 1229 1425 1453 1473; x_wconf 83' lang='lat' dir='ltr'><em>ferebatur3</em></span> <span class='ocrx_word' id='word_1_315' title='bbox 1480 1423 1588 1463; x_wconf 81' lang='lat' dir='ltr'><em>unde</em></span> <span class='ocrx_word' id='word_1_316' title='bbox 1611 1439 1668 1462; x_wconf 88' lang='lat' dir='ltr'><em>re-</em></span> 
     </span>
     <span class='ocr_line' id='line_1_61' title="bbox 950 1483 1670 1534; baseline -0.001 -13"><span class='ocrx_word' id='word_1_317' title='bbox 950 1484 1036 1522; x_wconf 87' lang='lat' dir='ltr'><em>dux</em></span> <span class='ocrx_word' id='word_1_318' title='bbox 1054 1483 1215 1522; x_wconf 85' lang='lat' dir='ltr'><em>tandem</em></span> <span class='ocrx_word' id='word_1_319' title='bbox 1231 1485 1368 1522; x_wconf 82' lang='lat' dir='ltr'><em>Cumis</em></span> <span class='ocrx_word' id='word_1_320' title='bbox 1379 1483 1562 1534; x_wconf 83' lang='lat' dir='ltr'><em>Apollini</em></span> <span class='ocrx_word' id='word_1_321' title='bbox 1573 1491 1670 1521; x_wconf 90' lang='lat' dir='ltr'><em>tem-</em></span> 
     </span>
     <span class='ocr_line' id='line_1_62' title="bbox 951 1541 1668 1593; baseline -0.001 -14"><span class='ocrx_word' id='word_1_322' title='bbox 951 1542 1067 1593; x_wconf 90' lang='lat' dir='ltr'><em>plum</em></span> <span class='ocrx_word' id='word_1_323' title='bbox 1100 1555 1152 1579; x_wconf 81' lang='lat' dir='ltr'><em>ex</em></span> <span class='ocrx_word' id='word_1_324' title='bbox 1188 1550 1284 1580; x_wconf 87' lang='lat' dir='ltr'><em>voto</em></span> <span class='ocrx_word' id='word_1_325' title='bbox 1318 1543 1468 1592; x_wconf 80' lang='lat' dir='ltr'><em>posuit.</em></span> <span class='ocrx_word' id='word_1_326' title='bbox 1514 1541 1668 1592; x_wconf 89' lang='lat' dir='ltr'><em>Colligo</em></span> 
     </span>
     <span class='ocr_line' id='line_1_63' title="bbox 952 1600 1672 1650; baseline 0.001 -14"><span class='ocrx_word' id='word_1_327' title='bbox 952 1601 1030 1636; x_wconf 91' lang='lat' dir='ltr'><em>hoc</em></span> <span class='ocrx_word' id='word_1_328' title='bbox 1054 1613 1105 1637; x_wconf 83' lang='lat' dir='ltr'><em>ex</em></span> <span class='ocrx_word' id='word_1_329' title='bbox 1125 1600 1214 1650; x_wconf 91' lang='lat' dir='ltr'><em>ipso</em></span> <span class='ocrx_word' id='word_1_330' title='bbox 1241 1608 1381 1650; x_wconf 82' lang='lat' dir='ltr'><em>poeta3</em></span> <span class='ocrx_word' id='word_1_331' title='bbox 1411 1608 1500 1636; x_wconf 86' lang='lat' dir='ltr'><em>tum</em></span> <span class='ocrx_word' id='word_1_332' title='bbox 1527 1612 1672 1637; x_wconf 88' lang='lat' dir='ltr'><em>conve-</em></span> 
     </span>
     <span class='ocr_line' id='line_1_64' title="bbox 954 1656 1669 1705; baseline 0.001 -12"><span class='ocrx_word' id='word_1_333' title='bbox 954 1658 1016 1693; x_wconf 88' lang='lat' dir='ltr'><em>nit</em></span> <span class='ocrx_word' id='word_1_334' title='bbox 1053 1665 1168 1694; x_wconf 87' lang='lat' dir='ltr'><em>vetus</em></span> <span class='ocrx_word' id='word_1_335' title='bbox 1200 1657 1377 1694; x_wconf 77' lang='lat' dir='ltr'><em>narratio</em></span> <span class='ocrx_word' id='word_1_336' title='bbox 1411 1656 1460 1692; x_wconf 88' lang='lat' dir='ltr'><em>de</em></span> <span class='ocrx_word' id='word_1_337' title='bbox 1494 1658 1578 1705; x_wconf 88' lang='lat' dir='ltr'><em>ejus</em></span> <span class='ocrx_word' id='word_1_338' title='bbox 1619 1657 1669 1694; x_wconf 88' lang='lat' dir='ltr'><em>ad</em></span> 
     </span>
     <span class='ocr_line' id='line_1_65' title="bbox 954 1712 1670 1752; baseline 0.004 -2"><span class='ocrx_word' id='word_1_339' title='bbox 954 1712 1172 1751; x_wconf 88' lang='lat' dir='ltr'><em>Electridas</em></span> <span class='ocrx_word' id='word_1_340' title='bbox 1196 1714 1344 1750; x_wconf 88' lang='lat' dir='ltr'><em>insulas</em></span> <span class='ocrx_word' id='word_1_341' title='bbox 1376 1714 1420 1750; x_wconf 86' lang='lat' dir='ltr'><em>in</em></span> <span class='ocrx_word' id='word_1_342' title='bbox 1448 1715 1550 1752; x_wconf 74' lang='lat' dir='ltr'><em>ostio</em></span> <span class='ocrx_word' id='word_1_343' title='bbox 1583 1716 1670 1752; x_wconf 87' lang='lat' dir='ltr'><em>Eri-</em></span> 
     </span>
     <span class='ocr_line' id='line_1_66' title="bbox 956 1771 1673 1822; baseline 0.004 -15"><span class='ocrx_word' id='word_1_344' title='bbox 956 1771 1050 1808; x_wconf 82' lang='lat' dir='ltr'><em>dani</em></span> <span class='ocrx_word' id='word_1_345' title='bbox 1083 1783 1245 1808; x_wconf 86' lang='lat' dir='ltr'><em>accessu</em></span> <span class='ocrx_word' id='word_1_346' title='bbox 1261 1800 1272 1818; x_wconf 90' lang='lat'>‚</span> <span class='ocrx_word' id='word_1_347' title='bbox 1298 1771 1346 1808; x_wconf 90' lang='lat' dir='ltr'><em>de</em></span> <span class='ocrx_word' id='word_1_348' title='bbox 1374 1784 1455 1822; x_wconf 86' lang='lat' dir='ltr'><em>quo</em></span> <span class='ocrx_word' id='word_1_349' title='bbox 1479 1772 1596 1810; x_wconf 88' lang='lat' dir='ltr'><em>locus</em></span> <span class='ocrx_word' id='word_1_350' title='bbox 1612 1781 1673 1810; x_wconf 83' lang='lat' dir='ltr'><em>est</em></span> 
     </span>
     <span class='ocr_line' id='line_1_67' title="bbox 955 1828 1670 1868; baseline 0.004 -3"><span class='ocrx_word' id='word_1_351' title='bbox 955 1831 998 1866; x_wconf 92' lang='lat' dir='ltr'><em>in</em></span> <span class='ocrx_word' id='word_1_352' title='bbox 1029 1828 1136 1865; x_wconf 89' lang='lat' dir='ltr'><em>libro</em></span> <span class='ocrx_word' id='word_1_353' title='bbox 1174 1829 1320 1866; x_wconf 83' lang='lat' dir='ltr'><em>Mirab.</em></span> <span class='ocrx_word' id='word_1_354' title='bbox 1366 1828 1509 1868; x_wconf 83' lang='lat' dir='ltr'><em>Audit.</em></span> <span class='ocrx_word' id='word_1_355' title='bbox 1544 1843 1579 1868; x_wconf 91' lang='lat' dir='ltr'><em>c.</em></span> <span class='ocrx_word' id='word_1_356' title='bbox 1619 1830 1670 1867; x_wconf 86' lang='lat'><em>82</em></span> 
     </span>
     <span class='ocr_line' id='line_1_68' title="bbox 955 1886 1672 1939; baseline 0.004 -16"><span class='ocrx_word' id='word_1_357' title='bbox 955 1886 1168 1923; x_wconf 83' lang='lat' dir='ltr'><em>translatus</em></span> <span class='ocrx_word' id='word_1_358' title='bbox 1200 1887 1245 1923; x_wconf 90' lang='lat' dir='ltr'><em>in</em></span> <span class='ocrx_word' id='word_1_359' title='bbox 1282 1886 1416 1937; x_wconf 90' lang='lat' dir='ltr'><em>Steph.</em></span> <span class='ocrx_word' id='word_1_360' title='bbox 1449 1888 1547 1939; x_wconf 81' lang='lat' dir='ltr'><em>Byz.</em></span> <span class='ocrx_word' id='word_1_361' title='bbox 1581 1901 1672 1927; x_wconf 87' lang='lat' dir='ltr'><em>voc.</em></span> 
     </span>
     <span class='ocr_line' id='line_1_69' title="bbox 957 1936 1673 1995; baseline 0.003 -13"><span class='ocrx_word' id='word_1_362' title='bbox 957 1936 1152 1983; x_wconf 70' lang='grc' dir='ltr'>Ηλεκτοίδ</span> <span class='ocrx_word' id='word_1_363' title='bbox 1155 1957 1189 1988; x_wconf 84' lang='grc' dir='ltr'><em>ες</em></span> <span class='ocrx_word' id='word_1_364' title='bbox 1203 1958 1214 1987; x_wconf 73' lang='grc' dir='ltr'><strong>ς</strong></span> <span class='ocrx_word' id='word_1_365' title='bbox 1229 1953 1421 1995; x_wconf 82' lang='lat' dir='ltr'><em>spectasse</em></span> <span class='ocrx_word' id='word_1_366' title='bbox 1432 1947 1608 1984; x_wconf 67' lang='lat' dir='ltr'><em>narratio</em></span> <span class='ocrx_word' id='word_1_367' title='bbox 1617 1948 1673 1984; x_wconf 87' lang='lat' dir='ltr'><em>vi-</em></span> 
     </span>
     <span class='ocr_line' id='line_1_70' title="bbox 959 2001 1672 2042; baseline 0.004 -3"><span class='ocrx_word' id='word_1_368' title='bbox 959 2002 1101 2040; x_wconf 88' lang='lat' dir='ltr'><em>detura</em></span> <span class='ocrx_word' id='word_1_369' title='bbox 1113 2001 1139 2039; x_wconf 93' lang='lat' dir='ltr'><em>d</em></span> <span class='ocrx_word' id='word_1_370' title='bbox 1154 2003 1308 2040; x_wconf 89' lang='lat' dir='ltr'><em>fabulas</em></span> <span class='ocrx_word' id='word_1_371' title='bbox 1329 2002 1380 2040; x_wconf 88' lang='lat' dir='ltr'><em>de</em></span> <span class='ocrx_word' id='word_1_372' title='bbox 1396 2001 1641 2042; x_wconf 84' lang='lat' dir='ltr'><em>Phaethonte</em></span> <span class='ocrx_word' id='word_1_373' title='bbox 1663 2016 1672 2042; x_wconf 95' lang='lat'>:</span> 
     </span>
     <span class='ocr_line' id='line_1_71' title="bbox 961 2060 1677 2108; baseline 0 -10"><span class='ocrx_word' id='word_1_374' title='bbox 961 2061 1068 2099; x_wconf 87' lang='lat' dir='ltr'><em>conf.</em></span> <span class='ocrx_word' id='word_1_375' title='bbox 1104 2060 1176 2098; x_wconf 85' lang='lat' dir='ltr'><em>inf.</em></span> <span class='ocrx_word' id='word_1_376' title='bbox 1213 2060 1264 2098; x_wconf 88' lang='lat' dir='ltr'><em>ad</em></span> <span class='ocrx_word' id='word_1_377' title='bbox 1295 2064 1360 2108; x_wconf 82' lang='lat' dir='ltr'><em>X,</em></span> <span class='ocrx_word' id='word_1_378' title='bbox 1402 2061 1497 2100; x_wconf 85' lang='lat'><em>185.</em></span> <span class='ocrx_word' id='word_1_379' title='bbox 1522 2061 1677 2099; x_wconf 80' lang='lat' dir='ltr'><em>Enavit</em></span> 
     </span>
     <span class='ocr_line' id='line_1_72' title="bbox 959 2113 1671 2171; baseline 0.001 -16"><span class='ocrx_word' id='word_1_380' title='bbox 959 2119 974 2171; x_wconf 72' lang='grc' dir='ltr'>ζ</span> <span class='ocrx_word' id='word_1_381' title='bbox 990 2119 1167 2156; x_wconf 61' lang='lat' dir='ltr'><em>respexit</em></span> <span class='ocrx_word' id='word_1_382' title='bbox 1189 2117 1239 2156; x_wconf 86' lang='lat' dir='ltr'><em>ad</em></span> <span class='ocrx_word' id='word_1_383' title='bbox 1258 2117 1336 2157; x_wconf 93' lang='lat' dir='ltr'><em>hoc</em></span> <span class='ocrx_word' id='word_1_384' title='bbox 1361 2113 1528 2169; x_wconf 84' lang='lat' dir='ltr'><em>Quinct.</em></span> <span class='ocrx_word' id='word_1_385' title='bbox 1545 2121 1671 2165; x_wconf 90' lang='lat' dir='ltr'>VIII,</span> 
     </span>
     <span class='ocr_line' id='line_1_73' title="bbox 961 2176 1675 2229; baseline 0.003 -16"><span class='ocrx_word' id='word_1_386' title='bbox 961 2177 1005 2215; x_wconf 90' lang='lat'><em>6.</em></span> <span class='ocrx_word' id='word_1_387' title='bbox 1053 2176 1148 2216; x_wconf 37' lang='lat'><em>185.</em></span> <span class='ocrx_word' id='word_1_388' title='bbox 1184 2178 1327 2214; x_wconf 80' lang='lat' dir='ltr'><em>usitata</em></span> <span class='ocrx_word' id='word_1_389' title='bbox 1352 2177 1420 2214; x_wconf 86' lang='lat' dir='ltr'><em>illa</em></span> <span class='ocrx_word' id='word_1_390' title='bbox 1445 2177 1675 2229; x_wconf 85' lang='lat' dir='ltr'><em>metaphora</em></span> 
     </span>
     <span class='ocr_line' id='line_1_74' title="bbox 961 2235 1671 2288; baseline 0.001 -16"><span class='ocrx_word' id='word_1_391' title='bbox 961 2237 1066 2273; x_wconf 86' lang='lat' dir='ltr'><em>inter</em></span> <span class='ocrx_word' id='word_1_392' title='bbox 1093 2235 1273 2273; x_wconf 86' lang='lat' dir='ltr'><em>velatum</em></span> <span class='ocrx_word' id='word_1_393' title='bbox 1295 2244 1342 2272; x_wconf 20' lang='lat' dir='ltr'><em>*et</em></span> <span class='ocrx_word' id='word_1_394' title='bbox 1367 2237 1671 2288; x_wconf 85' lang='lat' dir='ltr'><em>navigationem.</em></span> 
     </span>
     <span class='ocr_line' id='line_1_75' title="bbox 964 2292 1676 2344; baseline -0.001 -14"><span class='ocrx_word' id='word_1_395' title='bbox 964 2293 1014 2330; x_wconf 88' lang='lat' dir='ltr'><em>cf.</em></span> <span class='ocrx_word' id='word_1_396' title='bbox 1037 2294 1109 2332; x_wconf 80' lang='lat' dir='ltr'><em>Ge.</em></span> <span class='ocrx_word' id='word_1_397' title='bbox 1134 2295 1212 2340; x_wconf 67' lang='lat' dir='ltr'><em>lv,</em></span> <span class='ocrx_word' id='word_1_398' title='bbox 1247 2294 1314 2344; x_wconf 88' lang='lat'><em>59.</em></span> <span class='ocrx_word' id='word_1_399' title='bbox 1347 2293 1412 2332; x_wconf 88' lang='lat' dir='ltr'><em>Sic</em></span> <span class='ocrx_word' id='word_1_400' title='bbox 1440 2305 1536 2330; x_wconf 83' lang='lat' dir='ltr'><em>mox</em></span> <span class='ocrx_word' id='word_1_401' title='bbox 1560 2292 1676 2330; x_wconf 77' lang='lat' dir='ltr'><em>r‘emi-</em></span> 
     </span>
     <span class='ocr_line' id='line_1_76' title="bbox 960 2350 1673 2402; baseline 0 -15"><span class='ocrx_word' id='word_1_402' title='bbox 960 2350 1073 2402; x_wconf 78' lang='lat' dir='ltr'><em>giam</em></span> <span class='ocrx_word' id='word_1_403' title='bbox 1101 2351 1285 2398; x_wconf 66' lang='lat' dir='ltr'><em>alm-um,</em></span> <span class='ocrx_word' id='word_1_404' title='bbox 1314 2359 1361 2387; x_wconf 88' lang='lat' dir='ltr'><em>ut</em></span> <span class='ocrx_word' id='word_1_405' title='bbox 1388 2363 1475 2401; x_wconf 88' lang='lat' dir='ltr'><em>sup.</em></span> <span class='ocrx_word' id='word_1_406' title='bbox 1500 2351 1543 2397; x_wconf 94' lang='lat'><em>1,</em></span> <span class='ocrx_word' id='word_1_407' title='bbox 1576 2351 1673 2388; x_wconf 86' lang='lat'><em>301.</em></span> 
     </span>
     <span class='ocr_line' id='line_1_77' title="bbox 965 2407 1674 2455; baseline 0.001 -11"><span class='ocrx_word' id='word_1_408' title='bbox 965 2408 1015 2446; x_wconf 89' lang='lat' dir='ltr'><em>cf.</em></span> <span class='ocrx_word' id='word_1_409' title='bbox 1053 2409 1185 2446; x_wconf 81' lang='lat' dir='ltr'><em>G-uell.</em></span> <span class='ocrx_word' id='word_1_410' title='bbox 1208 2429 1267 2438; x_wconf 92' lang='lat'><em>-—-</em></span> <span class='ocrx_word' id='word_1_411' title='bbox 1300 2421 1364 2455; x_wconf 90' lang='lat'><em>17.</em></span> <span class='ocrx_word' id='word_1_412' title='bbox 1400 2407 1674 2446; x_wconf 79' lang='lat' dir='ltr'><em>Chalcidicam</em></span> 
     </span>
     <span class='ocr_line' id='line_1_78' title="bbox 965 2464 1677 2504; baseline 0.001 -1"><span class='ocrx_word' id='word_1_413' title='bbox 965 2488 1022 2494; x_wconf 94' lang='lat'><strong>—</strong></span> <span class='ocrx_word' id='word_1_414' title='bbox 1055 2479 1188 2503; x_wconf 84' lang='lat' dir='ltr'><em>arcem</em></span> <span class='ocrx_word' id='word_1_415' title='bbox 1231 2464 1378 2504; x_wconf 89' lang='lat' dir='ltr'><em>Medic.</em></span> <span class='ocrx_word' id='word_1_416' title='bbox 1424 2464 1677 2504; x_wconf 79' lang='lat' dir='ltr'><em>Chalcidicas</em></span> 
     </span>
     <span class='ocr_line' id='line_1_79' title="bbox 965 2522 1677 2562; baseline 0 -1"><span class='ocrx_word' id='word_1_417' title='bbox 965 2537 1077 2561; x_wconf 87' lang='lat' dir='ltr'><em>arces</em></span> <span class='ocrx_word' id='word_1_418' title='bbox 1093 2523 1245 2561; x_wconf 82' lang='lat' dir='ltr'><em>Marius</em></span> <span class='ocrx_word' id='word_1_419' title='bbox 1267 2522 1419 2561; x_wconf 88' lang='lat' dir='ltr'><em>Plotius</em></span> <span class='ocrx_word' id='word_1_420' title='bbox 1433 2522 1505 2562; x_wconf 86' lang='lat' dir='ltr'><em>lib.</em></span> <span class='ocrx_word' id='word_1_421' title='bbox 1528 2523 1578 2561; x_wconf 88' lang='lat' dir='ltr'><em>de</em></span> <span class='ocrx_word' id='word_1_422' title='bbox 1596 2537 1677 2561; x_wconf 88' lang='lat' dir='ltr'><em>me-</em></span> 
     </span>
     <span class='ocr_line' id='line_1_80' title="bbox 964 2579 1674 2632; baseline 0 -14"><span class='ocrx_word' id='word_1_423' title='bbox 964 2583 1047 2618; x_wconf 89' lang='lat' dir='ltr'><em>tris.</em></span> <span class='ocrx_word' id='word_1_424' title='bbox 1078 2579 1203 2630; x_wconf 89' lang='lat' dir='ltr'><em>Apud</em></span> <span class='ocrx_word' id='word_1_425' title='bbox 1233 2580 1336 2618; x_wconf 86' lang='lat' dir='ltr'><em>Gell.</em></span> <span class='ocrx_word' id='word_1_426' title='bbox 1367 2582 1432 2628; x_wconf 87' lang='lat' dir='ltr'><em>X,</em></span> <span class='ocrx_word' id='word_1_427' title='bbox 1472 2582 1522 2618; x_wconf 92' lang='lat'><em>16</em></span> <span class='ocrx_word' id='word_1_428' title='bbox 1551 2584 1674 2632; x_wconf 83' lang='lat' dir='ltr'><em>scrip-</em></span> 
     </span>
     <span class='ocr_line' id='line_1_81' title="bbox 964 2638 1674 2690; baseline -0.001 -14"><span class='ocrx_word' id='word_1_429' title='bbox 964 2647 1054 2676; x_wconf 88' lang='lat' dir='ltr'><em>tura</em></span> <span class='ocrx_word' id='word_1_430' title='bbox 1065 2645 1191 2675; x_wconf 80' lang='lat' dir='ltr'><em>exstat</em></span> <span class='ocrx_word' id='word_1_431' title='bbox 1208 2638 1380 2690; x_wconf 84' lang='lat' dir='ltr'><em>vulgata.</em></span> <span class='ocrx_word' id='word_1_432' title='bbox 1400 2640 1674 2689; x_wconf 86' lang='lat' dir='ltr'><em>Quartumca-</em></span> 
     </span>
     <span class='ocr_line' id='line_1_82' title="bbox 963 2695 1677 2746; baseline 0.001 -13"><span class='ocrx_word' id='word_1_433' title='bbox 963 2708 1051 2733; x_wconf 88' lang='lat' dir='ltr'><em>sum</em></span> <span class='ocrx_word' id='word_1_434' title='bbox 1072 2695 1231 2746; x_wconf 86' lang='lat' dir='ltr'><em>praefert</em></span> <span class='ocrx_word' id='word_1_435' title='bbox 1254 2697 1455 2735; x_wconf 77' lang='lat' dir='ltr'><em>Heinsius,</em></span> <span class='ocrx_word' id='word_1_436' title='bbox 1471 2718 1530 2727; x_wconf 90' lang='lat'><em>—-·</em></span> <span class='ocrx_word' id='word_1_437' title='bbox 1557 2696 1677 2736; x_wconf 78' lang='lat' dir='ltr'><em>Chal-</em></span> 
     </span>
     <span class='ocr_line' id='line_1_83' title="bbox 963 2753 1672 2799; baseline 0.004 -9"><span class='ocrx_word' id='word_1_438' title='bbox 963 2753 1094 2790; x_wconf 86' lang='lat' dir='ltr'><em>cidica</em></span> <span class='ocrx_word' id='word_1_439' title='bbox 1113 2767 1228 2799; x_wconf 84' lang='lat' dir='ltr'><em>arce,</em></span> <span class='ocrx_word' id='word_1_440' title='bbox 1260 2755 1410 2793; x_wconf 83' lang='lat' dir='ltr'><em>Cumis.</em></span> <span class='ocrx_word' id='word_1_441' title='bbox 1436 2769 1474 2794; x_wconf 77' lang='lat' dir='ltr'><em>v.</em></span> <span class='ocrx_word' id='word_1_442' title='bbox 1503 2754 1605 2793; x_wconf 86' lang='lat' dir='ltr'><em>adv.</em></span> <span class='ocrx_word' id='word_1_443' title='bbox 1634 2769 1672 2793; x_wconf 84' lang='lat'><em>2.</em></span> 
     </span>
     <span class='ocr_line' id='line_1_84' title="bbox 964 2811 1675 2864; baseline 0.003 -15"><span class='ocrx_word' id='word_1_444' title='bbox 964 2811 1098 2860; x_wconf 82' lang='lat' dir='ltr'><em>Levis,</em></span> <span class='ocrx_word' id='word_1_445' title='bbox 1142 2821 1258 2851; x_wconf 85' lang='lat' dir='ltr'><em>ornat</em></span> <span class='ocrx_word' id='word_1_446' title='bbox 1298 2812 1502 2864; x_wconf 87' lang='lat' dir='ltr'><em>epitheton</em></span> <span class='ocrx_word' id='word_1_447' title='bbox 1539 2814 1675 2852; x_wconf 86' lang='lat' dir='ltr'><em>volan-</em></span> 
     </span>
    </p>
   </div>
  </div>
 </body>
</html>
