1767 3054
146 214 226 251 356

770 215 1011 254 AENEIDOS

138 284 379 343 Postibus;
406 283 631 331 incedunt
655 284 791 331 victae
816 287 958 348 longo
983 285 1150 332 ordine
1175 297 1364 350 gentes,

140 363 294 416 Quam
319 359 462 405 variae
489 360 683 421 linguis,
709 360 877 406 habitu
903 373 997 406 tam
1021 362 1185 419 vestis,
1212 372 1257 408 et
1280 364 1436 408 armis.

139 433 231 479 Hic
254 435 521 480 Nomadum
547 451 715 495 genus,
742 446 788 480 ct
810 434 1064 480 discinctos
1088 436 1325 482 Mulciber
1347 437 1513 495 Afros,

142 507 232 553 Hic
254 508 472 570 Lelegas,
498 512 761 570 Carasque,
784 509 1164 571 sagittiferosque
1187 511 1394 556 Gelonos

1585 520 1652 563 7²5

140 582 376 628 Finxerat.
402 582 671 645 Euphrates
696 581 796 628 ibat
813 584 909 646 jam
934 584 1123 630 mollior
1148 585 1311 644 undis,

198 787 294 828 724.
312 779 418 818 Hinc
439 780 505 818 hic
534 789 572 818 et
594 794 704 831 seqU.
736 794 852 818 versu

138 838 280 889 aliqui,
310 840 391 875 sive
426 847 598 889 utroque
628 839 741 885 loco,
767 840 852 876 sive

136 896 326 933 alterutro
349 905 514 934 tantum.
539 896 757 933 Numidam
775 897 857 948 ple-

136 955 250 1003 rique
269 955 368 991 Pier.
394 963 431 990 et
450 962 525 990 tres
550 955 671 993 Goth.
698 957 854 992 Numa-

136 1011 230 1048 dum
249 1011 313 1047 alii
338 1012 491 1058 Heins.‚
513 1020 559 1048 ut
580 1014 723 1062 passim
748 1013 855 1051 alibi.

140 1083 177 1106 v.
199 1081 287 1118 sup.
311 1067 357 1105 ad
378 1070 439 1106 III
453 1097 462 1115 ,
495 1070 590 1106 320.
611 1070 853 1116 Discinctos,

137 1125 368 1170 disvinctos,
397 1126 617 1172 devinctos,
643 1128 855 1172 dc'scultos,

139 1185 233 1220 vitia
272 1184 528 1221 librariorum
564 1196 575 1222 :
614 1186 720 1222 inter
771 1198 861 1236 quae

139 1243 256 1279 etiam
299 1241 487 1293 Illulcifiv·
524 1242 776 1280 referendum
819 1244 862 1279 in

141 1306 254 1350 parte
273 1301 411 1336 Heius.
432 1307 472 1335 et
488 1301 602 1336 trinis
621 1300 742 1338 Goth.
767 1300 866 1337 Mul-

144 1357 250 1393 ciber
284 1358 494 1407 antiquum
534 1370 683 1394 nomen
705 1386 715 1404 ,
754 1357 865 1407 quod

142 1416 260 1452 Maro
281 1415 331 1452 ab
354 1416 481 1452 Accio
505 1424 544 1451 et
561 1417 728 1466 Egnatio
755 1428 865 1451 acce-

145 1480 286 1522 perat:
313 1472 494 1509 Macrob.
535 1475 616 1518 VI,
654 1474 676 1510 5
714 1486 775 1523 pr.
804 1494 863 1500 ——

145 1543 164 1576 7
176 1537 225 1574 24
238 1557 248 1575 ,
271 1543 290 1577 7
301 1530 366 1567 25.
378 1527 500 1566 Vides
514 1530 733 1575 manifeste,
752 1530 863 1579 quod

143 1599 264 1637 supra
297 1585 342 1623 ad
386 1599 442 1623 vs.
482 1586 565 1622 686
601 1588 832 1623 monuimus
852 1613 862 1631 ,

144 1653 303 1696 poetam
342 1644 508 1680 carmini
547 1643 778 1693 dignitatem
826 1651 864 1680 et

147 1704 385 1750 majestatem
416 1713 553 1751 parare
583 1715 633 1737 ex
652 1702 863 1738 nominum

146 1761 344 1805 novitate,
374 1759 438 1795 vel
466 1760 768 1809 peregrinitate,
801 1758 865 1795 vel

147 1825 355 1855 vetustate.
395 1816 629 1854 Nomadum
665 1829 790 1868 genus
829 1825 868 1852 et

147 1875 284 1927 Afros.
302 1878 394 1912 Erat
413 1876 520 1911 enim
538 1876 581 1911 in
597 1875 766 1912 Antonii
781 1885 868 1924 par-

148 1933 257 1970 tibus
278 1945 416 1984 magna
434 1933 583 1970 Africae
600 1946 690 1983 pars
712 1944 731 1968 a
749 1933 868 1982 Cyre-

149 1992 210 2028 nis
237 2004 363 2040 usque
382 1990 430 2027 ad
452 1990 713 2040 AEthiopiam,
744 1998 783 2026 et
805 1990 865 2026 iu-

148 2048 285 2086 terfuit
317 2049 489 2086 Antonii
521 2049 647 2098 copiis
684 2047 867 2098 Bogudes

148 2107 408 2145 Mauretaniae
434 2119 532 2144 rex:
559 2106 756 2143 Plutarch.
783 2108 866 2142 An-

150 2173 234 2202 ton.
263 2178 303 2215 p.
335 2172 418 2215 944
442 2166 490 2210 133
518 2166 596 2201 Dio
627 2167 669 2209 L,
704 2164 743 2201 6.
778 2162 868 2199 Dis-

151 2222 299 2259 cinctos
326 2221 474 2274 Afios;
503 2221 709 2259 mollitiem
736 2221 865 2258 homi-

151 2292 250 2316 num
270 2281 400 2332 arguit
416 2288 523 2316 veste
539 2280 627 2316 laxa
648 2289 686 2316 et
702 2279 864 2316 fluente.

152 2337 219 2373 An
235 2338 267 2373 is
288 2338 472 2388 proprius
495 2337 689 2375 Afrorum
708 2337 868 2373 habitus

155 2394 292 2441 fuerit,
315 2395 474 2432 aliunde
496 2397 735 2446 ignoramus
762 2395 870 2431 Lele-

151 2464 253 2503 gas,
301 2453 532 2503 Carasque,
579 2461 623 2489 ut
655 2454 869 2489 nominum

156 2517 350 2546 vetustate
370 2512 536 2546 carmini
554 2509 783 2560 dignitatem
804 2523 870 2560 pa·

156 2573 260 2603 raret
279 2595 290 2612 ‚
321 2569 455 2617 posuit
498 2580 572 2616 pro
612 2569 792 2618 populis,
832 2577 871 2604 et

157 2623 316 2676 regibus
334 2625 499 2661 minoris
516 2626 638 2671 Asiae,
659 2640 759 2675 quos
777 2639 871 2662 enu-

156 2690 327 2719 meratos
345 2680 453 2718 vides
484 2682 590 2731 apud
616 2683 870 2720 Plutarchum

155 2739 183 2777 l.
207 2752 241 2777 c.
270 2741 313 2777 B.
335 2739 512 2789 Leleges,
544 2739 592 2775 de
611 2753 784 2789 quorum
810 2754 868 2778 se-

157 2796 275 2834 dibus
296 2797 436 2836 Strabo
453 2796 523 2834 lib.
544 2799 643 2834 XIII
661 2799 782 2835 multa
801 2798 874 2835 dis-

158 2863 289 2907 putat,
319 2868 406 2893 cum
438 2854 602 2894 Caribus
632 2868 738 2892 oram
768 2857 872 2893 Asiae

922 784 1160 820 maritimam
1184 789 1415 829 tenuerant,
1437 788 1648 832 antequam

925 841 974 878 ab
993 841 1160 879 Ionibus
1179 842 1296 889 ejecti
1313 839 1361 878 ad
1378 839 1569 877 interiora
1586 852 1649 876 re·

923 907 1135 937 cesserunt.
1173 901 1232 936 De
1252 898 1314 935 his
1328 926 1340 945 ‚
1367 910 1441 935 nec
1461 896 1509 934 de
1537 896 1649 943 aliis,

923 958 1129 1008 Lelegibus
1147 956 1188 994 h.
1208 957 1235 994 1.
1255 958 1398 1006 agitur.
1418 956 1580 992 Frustra
1600 953 1649 991 ad

925 1017 1054 1052 Dacos
1078 1023 1117 1052 et
1136 1015 1341 1051 Bastarnas
1364 1025 1514 1050 nomen
1532 1024 1647 1049 revo-

927 1081 992 1110 cat
1027 1075 1239 1109 Massonus
1268 1072 1313 1107 in
1345 1072 1454 1107 Jano
1476 1078 1650 1107 reserato

927 1139 1021 1168 sect.
1053 1131 1132 1176 III,
1166 1142 1201 1166 c.
1241 1128 1265 1165 5
1280 1157 1291 1175 ‚
1326 1127 1514 1164 adversus
1549 1139 1653 1177 quos

927 1190 986 1226 M.
1001 1188 1162 1225 Crassus
1175 1186 1327 1222 bellum
1339 1186 1469 1236 gessit.
1481 1184 1650 1222 Meliore

926 1247 1014 1294 jure
1044 1245 1092 1282 ad
1110 1244 1261 1281 bellum
1281 1243 1383 1281 illud
1408 1241 1553 1279 referas
1571 1242 1649 1279 Ge-

932 1304 1044 1340 lonos
1058 1332 1068 1349 ‚
1108 1315 1209 1354 quos
1243 1315 1317 1352 pro
1352 1301 1472 1338 Dacis
1507 1301 1651 1338 vicinis

931 1363 1141 1398 nominare
1159 1361 1306 1410 potuit.
1323 1359 1412 1398 Nisi
1427 1366 1558 1395 tamen
1576 1370 1651 1408 pro

931 1418 1175 1464 Thracibus,
1205 1416 1311 1452 ultra
1331 1429 1431 1466 quos
1449 1415 1511 1452 illi
1539 1414 1652 1452 habi-

931 1475 1069 1512 tabant
1102 1473 1171 1526 (cf.
1203 1472 1252 1509 ad
1280 1474 1427 1524 Georg.
1455 1473 1517 1525 II,
1541 1471 1651 1523 115),

929 1532 1027 1569 dicti
1046 1540 1140 1568 sunt
1154 1559 1164 1577 ,
1186 1531 1258 1580 qui
1275 1531 1319 1568 in
1335 1530 1505 1568 Antonii
1525 1530 1650 1580 copiis

930 1598 1054 1627 erant.
1087 1589 1274 1626 Horatius
1301 1616 1312 1634 ,
1343 1589 1414 1637 qui
1445 1598 1548 1636 saepe
1577 1599 1650 1636 po-

929 1646 1046 1696 pulos
1075 1644 1266 1681 barbaros
1293 1645 1395 1680 ultra
1418 1643 1649 1680 Danubium

931 1710 1143 1749 memorat,
1167 1700 1288 1738 modo
1312 1701 1508 1747 Gelonos,
1528 1700 1648 1738 modo

933 1762 1073 1807 Getas,
1100 1759 1222 1797 modo
1251 1762 1440 1797 Sarmatas
1467 1767 1535 1796 aut
1551 1761 1647 1810 Scy-

934 1817 1019 1855 thas
1040 1820 1232 1855 nominat.

995 1877 1091 1923 726.
1113 1873 1336 1925 Euphrates
1351 1871 1433 1909 ibat
1440 1873 1531 1924 jam
1552 1874 1650 1910 mol-

934 1932 1011 1970 lior
1036 1932 1152 1970 undis
1182 1932 1222 1969 h.
1253 1931 1406 1968 leniore
1438 1943 1574 1977 amne,
1604 1938 1650 1968 ut

935 1991 1134 2029 domitum
1147 2004 1189 2028 se
1204 2003 1248 2027 ac
1264 1988 1518 2038 subjugatum
1529 2015 1540 2035 ,
1554 1987 1595 2026 h.
1614 2000 1653 2026 e..

934 2050 1106 2100 populos
1125 2049 1275 2086 accolas
1292 2048 1418 2084 victos
1437 2054 1476 2082 et
1495 2044 1652 2094 subjec‹

935 2116 996 2145 tos
1005 2136 1017 2153 ,
1038 2105 1288 2158 significaret.
1313 2105 1384 2142 Uti
1404 2103 1561 2141 mollita
1590 2103 1649 2141 di-

934 2174 1082 2202 cuntur
1118 2173 1157 2202 et
1189 2163 1305 2208 alibi,
1339 2174 1428 2212 quae
1463 2163 1567 2199 victa
1607 2173 1650 2198 ac

934 2232 1099 2260 contusa
1150 2222 1399 2269 coercitaque
1441 2227 1559 2265 sunt;
1593 2219 1650 2255 sic

935 2281 1076 2318 molles
1091 2279 1236 2324 animi,
1260 2276 1401 2316 mollia
1419 2276 1554 2314 corda.
1572 2277 1650 2314 No-

937 2347 1022 2376 tum
1041 2347 1172 2374 autem
1191 2337 1254 2374 vel
1275 2349 1326 2373 ex
1351 2335 1516 2372 Horatio
1535 2345 1545 2371 z
1564 2335 1650 2370 Me-

935 2397 1108 2446 dumque
1105 2395 1267 2449 flumen
1277 2391 1457 2446 gentibus
1466 2389 1647 2427 addicam

937 2454 1058 2491 Victis
1075 2453 1245 2490 minores
1263 2450 1424 2488 volvere
1444 2448 1617 2485 'vertices
1630 2462 1643 2485 .·

936 2513 1008 2549 etsi
1026 2511 1104 2549 hoc
1127 2510 1177 2547 ad
1205 2510 1369 2547 seriores
1394 2518 1518 2543 annos
1538 2519 1648 2556 spec-

936 2578 1005 2607 tat.
1030 2571 1180 2619 Magno
1197 2579 1297 2604 vero
1309 2563 1452 2614 spiritu
1471 2563 1555 2600 haec
1571 2563 1650 2601 dic-

938 2636 973 2664 ta
987 2655 996 2673 ‚
1014 2635 1052 2663 et
1069 2627 1111 2662 in
1129 2624 1256 2671 majus
1272 2629 1384 2660 aucta
1402 2619 1650 2671 amplificata-

937 2697 1012 2734 que
1028 2691 1133 2720 sunt.
1148 2681 1350 2718 Adversus
1366 2677 1528 2716 Parthos
1544 2680 1653 2717 enim
1667 2673 1675 2687 ’

935 2742 1005 2779 illo
1025 2753 1129 2778 anno
1155 2738 1254 2775 nihil
1274 2735 1380 2775 aliud
1398 2749 1470 2773 nec
1490 2749 1650 2787 suscep-

938 2808 1044 2844 tum,
1077 2810 1153 2834 nec
1183 2805 1356 2847 gestum,
1390 2803 1649 2845 praeterquam

938 2855 1047 2908 quod
1069 2856 1296 2906 Augustus,
1321 2856 1493 2905 AEgypto
1515 2852 1558 2889 in
1577 2864 1658 2903 po-
