1767 3054
793 149 946 188 LIBER
978 150 1049 187 γι.
1621 167 1669 202 ςμ

172 227 399 275 Redditus
421 224 493 270 his
519 224 728 286 prim-um
754 221 914 279 terris,
936 219 1048 279 tibi,
1071 219 1271 277 Phoebe,
1298 226 1502 270 sacravit

172 302 436 365 Remigium
458 291 664 357 alarum,
686 297 942 361 posuitque
966 297 1175 344 inmania
1202 298 1391 361 templa.

171 384 226 426 In
249 371 432 425 foribus
450 377 598 424 letum
618 374 865 438 Androgei
888 391 900 421 τ
927 385 1029 421 tum
1051 373 1261 438 pendere
1287 390 1448 438 poenas
1638 401 1673 418 w

169 451 443 516 Cecropidae
460 441 582 516 jussi
601 450 616 514 (
630 450 856 496 miserum
871 449 912 513 !)
938 460 1133 513 septena
1157 461 1275 513 quot
1297 451 1430 496 annis

168 531 383 592 Corpora
400 539 644 586 natorum3
673 537 763 574 stat
784 526 939 574 ductis
958 525 1168 574 sortibus
1192 543 1327 574 urna.

168 607 345 651 Contra
369 605 491 651 elata
518 604 638 650 mari
663 603 918 667 respondet
940 604 1118 651 Gnosia
1142 604 1292 650 tellus.

169 679 259 725 Hic
283 678 487 725 crudelis
508 695 640 724 amor
666 679 813 736 tauri,
838 690 1161 742 suppostaque
1184 679 1312 725 furto

169 852 261 883 tem.
306 843 486 881 Sam-avit
530 852 716 893 tanquam
763 842 886 881 dona-

168 904 274 938 rium
315 915 367 939 ex
400 910 511 940 voto.
560 902 698 953 Cogita
744 910 887 939 notum

168 972 320 998 morem
366 971 506 997 eorum
519 987 529 1005 ,
580 961 651 1009 qui
689 973 740 996 ex
787 963 888 997 mari

168 1027 280 1055 erant
300 1018 456 1057 servati.
478 1019 605 1056 Etiam
625 1018 815 1067 templum
835 1031 885 1055 ex

168 1085 265 1114 voto
300 1076 448 1114 factum
482 1075 607 1113 videri
642 1084 788 1126 potest.
825 1078 887 1114 Sic

170 1133 308 1174 Cerdae
330 1136 479 1172 visum.

229 1206 298 1232 πο.
325 1190 542 1243 Androgei·
560 1193 699 1230 Heius.
728 1205 748 1229 e
767 1191 885 1230 codd.

170 1250 540 1301 consensurecepit.
555 1250 811 1287 Grammatici
827 1265 888 1288 ve-

169 1318 270 1348 teres
282 1338 294 1354 ,
316 1310 490 1347 Carisius
503 1335 514 1354 ‚
528 1308 684 1347 Probus
696 1336 706 1355 ,
727 1310 887 1347 Servius

168 1376 209 1406 et
227 1367 453 1406 Priscianus
472 1376 695 1416 agnoscunt
713 1374 752 1404 et
771 1376 886 1404 tuen-

167 1425 465 1477 turAndrogeo
477 1425 492 1477 (
502 1416 712 1480 Ᾰνδρόγεω
727 1425 762 1476 ),
776 1425 885 1476 quod

167 1484 211 1521 in
248 1483 539 1522 recentioribus
575 1492 729 1521 tantum
765 1484 883 1522 codd.

167 1544 365 1590 occurrit,
389 1544 507 1581 etiam
533 1545 576 1581 in
600 1541 706 1580 binis
737 1543 883 1590 Goth„

167 1613 399 1652 expressum
416 1609 549 1640 tamen
562 1609 648 1640 erat
664 1604 706 1638 in
725 1600 814 1640 edd.
828 1625 886 1630 —

171 1671 224 1697 20
247 1671 334 1712 sqq.
364 1663 538 1699 Possunt
559 1659 645 1698 haec
659 1688 669 1706 ,
690 1659 723 1696 si
748 1661 884 1711 paullo

166 1718 343 1756 severius
358 1731 467 1771 agas,
491 1732 512 1756 a
534 1731 576 1756 re
593 1719 720 1757 aliena
737 1718 885 1766 videri,

96 1786 106 1798 ·’
167 1785 207 1813 et
218 1775 376 1814 videtur
388 1786 504 1828 poeta
520 1777 758 1830 argumenti,
775 1778 887 1828 quod

169 1846 191 1870 a
207 1833 344 1872 multis
365 1836 516 1873 Graecis
531 1837 661 1886 poetis
676 1844 886 1874 tractatum

168 1891 263 1934 fuit,
283 1904 457 1942 quorum
473 1901 514 1930 et
528 1893 639 1931 fuere
662 1893 883 1938 Theseides,

169 1948 383 1988 dulcedine
401 1958 440 1987 et
458 1952 573 2002 eopia
584 1951 772 2002 abreptus
790 1965 885 1989 esse.

169 2006 244 2046 Sed
265 2006 432 2046 observa
451 2021 571 2059 quam
590 2008 729 2046 callide
753 2023 886 2046 narra-

170 2067 320 2104 tionem
352 2067 397 2103 in
431 2066 648 2117 sculpturae
679 2080 888 2118 argumen-

171 2132 257 2161 tum
285 2125 519 2169 mntaverit,
545 2133 583 2162 et
610 2124 658 2161 ad
690 2124 768 2162 hoc
795 2138 888 2178 cog-

170 2181 417 2220 noscendum
437 2183 565 2219 otium
586 2182 722 2219 fecerit
732 2185 865 2221 AEneae
878 2211 889 2229 ‚

169 2241 374 2290 praemisso
387 2240 537 2277 Achate
554 2239 602 2276 ad
620 2239 890 2278 arcessendam

170 2298 375 2349 Sibyuam.
389 2298 498 2335 Talia
518 2308 650 2336 autem
669 2298 888 2350 anaglypha

168 2357 213 2393 in
235 2356 476 2408 templorum
497 2356 651 2394 foribus
674 2371 725 2394 ex
748 2357 883 2394 metal-

169 2415 211 2452 lo
226 2415 481 2466 pretiosiore,
505 2415 546 2454 h.
570 2415 598 2454 l.
624 2429 675 2452 ex
701 2428 799 2452 auro
816 2415 882 2467 (v.

115 2520 123 2526 ‚,
169 2472 241 2511 inf.
264 2487 304 2512 v.
338 2473 446 2525 32),
477 2475 690 2525 antiquitas
713 2473 885 2524 probare

170 2530 334 2569 solebat.
355 2532 462 2570 conf.
488 2533 562 2571 Ge.
582 2535 666 2578 111,
695 2532 762 2569 26.
793 2533 886 2568 Imi-

171 2591 361 2628 tationem
383 2591 464 2629 loci
493 2590 586 2629 vide
618 2589 724 2642 apud
748 2590 889 2628 Silium

169 2647 241 2686 lib.
282 2650 362 2696 111,
397 2650 466 2687 23.
501 2649 693 2688 Fabulam
727 2662 892 2701 cognos-

172 2715 261 2744 cant
274 2735 286 2753 ‚
302 2707 449 2758 quibus
477 2720 579 2759 opus
603 2717 685 2754 est,
703 2721 754 2744 ex
770 2707 889 2746 Ovid.

174 2765 272 2803 Met.
285 2767 363 2803 VII
376 2794 388 2813 ,
410 2766 491 2810 456
504 2780 589 2817 sqq.
610 2775 649 2804 et
664 2767 763 2803 VIII
779 2794 789 2812 ,
812 2767 889 2803 153

176 2833 261 2872 sqq.
280 2832 348 2861 aut
364 2836 415 2862 ex
433 2825 578 2864 Catulli
598 2823 766 2875 Epithal.
788 2825 891 2862 Pelei

955 859 993 883 v.
1012 858 1029 892 7
1041 846 1062 882 3
1082 857 1167 895 sqq.
1186 852 1224 881 et
1242 856 1353 882 nunc
1371 856 1422 882 ex
1440 845 1576 896 Apoll.
1594 848 1675 894 ΙΙΙ,

960 903 1009 941 15
1022 932 1031 949 ‚
1061 916 1098 951 7.
1140 904 1315 953 Septena
1349 916 1518 954 corpora
1558 914 1675 941 nato-

954 974 1063 1007 rum,
1079 974 1155 1011 pro
1172 963 1255 998 nati
1267 990 1277 1007 ,
1296 961 1512 1013 elegantius
1527 991 1536 1009 ‚
1550 971 1595 999 ut
1608 976 1676 1000 sae-

954 1032 1017 1069 pe.
1036 1021 1289 1070 Argutantur
1306 1020 1349 1056 in
1367 1033 1535 1058 numero
1554 1022 1677 1059 Inter-

954 1085 1098 1128 pretes.
1118 1078 1256 1127 Quum
1279 1080 1394 1128 pueri
1418 1087 1568 1129 septem
1587 1093 1676 1130 sep-

956 1142 1113 1185 temque
1125 1134 1269 1185 puellae
1284 1137 1553 1185 mitterentur,
1564 1138 1678 1189 quid-

953 1194 998 1231 ni
1020 1194 1256 1230 alterutrum
1286 1202 1442 1231 tantum
1475 1197 1574 1245 poni
1608 1211 1678 1248 po-

955 1251 1058 1289 tuit?
1076 1253 1189 1297 Scae,
1210 1251 1338 1290 adstat
1350 1281 1360 1299 ‚
1374 1265 1477 1290 urna
1491 1282 1501 1298 ,
1523 1256 1676 1306 graphi-

955 1322 998 1346 ce
1034 1307 1113 1347 hoc
1147 1309 1197 1346 ad
1228 1312 1481 1349 sortitionem
1507 1325 1650 1351 eorum
1663 1346 1672 1363 ‚

954 1369 1024 1418 qui
1036 1367 1222 1406 mittendi
1232 1378 1345 1406 erant
1355 1397 1365 1416 ‚
1382 1367 1671 1412 declarandam.

953 1428 1043 1465 Jam
1060 1440 1100 1465 v.
1123 1439 1313 1464 20—22
1340 1430 1384 1465 in
1405 1430 1496 1466 unis
1527 1430 1675 1469 forium

952 1484 1078 1522 valvis
1110 1499 1312 1537 expressas
1339 1495 1437 1538 puta
1471 1488 1673 1536 Athenas,

951 1543 1172 1596 Androgeo
1197 1558 1337 1582 necem
1364 1554 1403 1583 et
1422 1548 1673 1586 sortitionem

952 1615 1199 1653 puerorum3
1222 1616 1243 1641 a
1272 1618 1312 1642 v.
1341 1606 1391 1642 23
1424 1618 1509 1656 sqq.
1542 1616 1674 1644 autem

952 1661 994 1697 in
1013 1659 1144 1698 alteris
1159 1662 1286 1700 valvis
1298 1663 1456 1701 Cretam
1470 1692 1480 1710 ,
1494 1672 1652 1702 taurum
1664 1695 1674 1711 ‚

954 1719 1193 1770 Pasiphaen,
1225 1722 1503 1759 Minotaurum
1518 1751 1528 1769 ,
1548 1724 1675 1776 Laby-

953 1777 1154 1825 rinffium,
1191 1778 1397 1819 Ariadnen
1409 1808 1421 1827 ,
1452 1780 1674 1820 Daedalum.

954 1838 1079 1874 Porro
1097 1836 1308 1887 diligenter
1327 1846 1456 1875 servat
1467 1847 1584 1889 poeta
1596 1854 1678 1877 mo-

954 1907 1038 1930 rem
1097 1902 1279 1932 veterum
1327 1897 1648 1947 anaglyphorum
1665 1927 1675 1943 ,

955 1963 1044 2001 quae
1078 1951 1195 2001 plura
1228 1962 1459 2002 argumenta
1487 1954 1675 2005 deinceps

954 2010 1083 2060 posita
1103 2009 1383 2056 cumulabant3
1404 2009 1501 2048 dum
1517 2011 1566 2049 de
1586 2015 1675 2050 uni·

957 2074 1035 2104 tate
1048 2069 1270 2117 argumenti
1286 2081 1429 2118 parum
1441 2069 1602 2109 solliciti
1613 2085 1677 2108 ve-

958 2133 1057 2161 teres
1077 2133 1201 2162 erant.
1222 2128 1325 2164 Sunt
1349 2134 1481 2165 tamen
1499 2127 1541 2167 h.
1562 2128 1589 2166 l.
1614 2142 1675 2166 res

957 2184 1061 2219 inter
1089 2195 1129 2220 se
1157 2192 1335 2234 cognatae
1362 2193 1400 2221 et
1426 2183 1476 2222 ad
1501 2186 1674 2224 eundem

956 2240 1212 2278 historiarum
1230 2241 1412 2280 ordinem
1435 2253 1670 2295 spectantes.

1019 2299 1069 2336 23
1089 2321 1145 2327 —
1166 2300 1233 2338 33.
1265 2300 1420 2338 Gnosia
1466 2303 1604 2348 tellus,
1631 2313 1676 2341 ut

957 2357 1107 2394 Gnosia
1166 2371 1292 2410 regna
1306 2387 1316 2405 ‚
1372 2360 1452 2407 jam
1503 2361 1676 2399 vidimus

954 2417 1037 2462 111,
1065 2429 1080 2452 1
1095 2429 1110 2452 1
1121 2415 1157 2454 5.
1173 2416 1299 2453 Elata
1312 2418 1419 2456 mari
1434 2428 1674 2470 perpetuum

953 2473 1172 2512 insularum
1189 2475 1416 2525 epitheton,
1433 2477 1542 2523 alca,
1566 2478 1676 2529 quod

955 2532 1051 2570 alibi
1069 2531 1240 2571 vidimus
1263 2533 1341 2586 (cf.
1362 2548 1451 2586 sup.
1473 2538 1524 2582 V,
1550 2536 1628 2573 588
1646 2536 1673 2587 J.

958 2591 1200 2641 Respondet,
1233 2594 1275 2629 in
1295 2592 1426 2630 alteris
1455 2594 1578 2631 valvis
1593 2623 1603 2641 ,
1624 2609 1674 2631 ex

959 2649 1119 2688 adversa
1131 2678 1142 2695 ‚
1161 2651 1362 2701 opposita,
1385 2659 1496 2702 parte
1514 2666 1674 2703 expres-

957 2721 998 2746 sa
1029 2716 1099 2746 est.
1135 2708 1317 2746 Crudelis
1350 2723 1485 2755 amor,
1521 2710 1673 2747 violen-

958 2775 1021 2804 tus
1039 2778 1048 2804 :
1067 2765 1206 2804 eodem
1225 2766 1348 2804 modo
1365 2781 1508 2805 saevum
1523 2796 1533 2814 ‚
1557 2775 1595 2804 et
1620 2769 1675 2803 sic

958 2838 1079 2876 porro
1109 2825 1262 2862 dictum
1285 2827 1415 2876 accipe
1443 2838 1542 2875 pro,
1570 2838 1675 2876 mag-
