1767 3054
681 121 833 160 LIBER
862 120 936 159 vl.

1486 131 1561 167 133

133 203 230 246 Nec
251 197 416 262 procul
439 194 550 241 hinc
565 203 748 256 partem
770 191 861 238 fusi
884 202 1208 238 monstrantur
1229 195 1275 238 in
1296 211 1482 244 omnem
1505 214 1565 246 450

66 279 299 338 Lugentes
322 270 475 334 campi
500 288 511 316 :
533 270 601 316 sic
623 268 727 315 illos
747 267 937 313 nomine
957 265 1134 314 dicunt.

67 459 211 498 Eadem
229 457 395 494 varietas
416 456 562 506 Georg.
583 456 653 501 IV,
674 463 756 506 479
771 484 782 502 ,

70 517 175 563 480,
205 514 277 553 ubi
303 514 345 552 hi
378 513 459 551 duo
480 526 617 551 versus
639 528 782 552 occur-

66 583 172 613 runt.
191 574 370 613 Omnino
381 581 537 623 recepta
549 572 667 612 lectio
674 572 784 611 haud

66 631 188 670 dubie
206 631 423 683 elegantior
435 633 670 678 este-Fas,
692 634 783 682 jura

63 690 295 728 inferorum.
320 691 422 737 Sty-,1-
443 689 594 735 novies,
621 690 700 729 hoc
723 699 782 728 est

64 749 233 799 saepius,
261 747 436 785 flexibus
469 750 550 785 suis
574 761 694 799 regna
715 751 779 787 in—

64 807 145 844 fera
157 805 306 843 ambire
323 805 487 845 dicitur.
501 808 609 846 cons.
632 807 779 860 Georg.

66 867 138 912 lV,
159 865 267 911 4803
292 878 379 916 sup.
402 866 499 915 295.

124 930 206 968 440
220 936 305 973 sqq.
323 922 468 973 Campi
483 926 696 976 Lugentes.
709 926 784 962 Po-

67 983 174 1018 nitur
192 980 270 1018 hoc
284 994 298 1017 x
310 981 403 1033 ulgo
416 981 465 1018 ab
483 981 780 1033 interpretibus,

64 1039 196 1076 locum
218 1038 326 1076 bunc
347 1049 531 1078 amantes
555 1049 706 1077 tantum
717 1039 784 1091 fe-

66 1097 198 1134 minas
217 1109 369 1149 capere.
390 1098 489 1135 Inde
508 1097 782 1149 reprehensio-

66 1167 134 1191 nes
153 1164 280 1205 poetae
299 1163 338 1192 et
348 1154 603 1193 difficultates
621 1164 784 1193 movent

66 1212 159 1249 alias
189 1226 241 1250 ex
269 1212 374 1259 aliis,
397 1226 495 1263 quas
524 1227 607 1251 non
630 1214 782 1250 felicius

26 1317 30 1320 Δ
68 1269 215 1307 tollunt
244 1283 363 1321 quam
396 1281 554 1318 creant3
574 1270 663 1308 xide
684 1285 721 1309 v.
745 1284 780 1308 c.

66 1329 88 1364 J
94 1341 132 1365 o.
148 1328 353 1367 Schrader.
371 1328 419 1365 ad
430 1331 627 1366 Musaeum
642 1342 683 1379 p.
699 1329 780 1366 283

67 1398 153 1435 sqq.
187 1386 302 1424 Certe
331 1388 374 1424 in
404 1387 582 1432 feminis,
609 1399 707 1437 quas
738 1387 780 1422 in

66 1442 222 1493 Campis
238 1444 317 1482 illis
333 1445 546 1482 collocavit
560 1453 692 1495 poeta,
710 1445 784 1480 vix

65 1513 107 1537 in
127 1514 358 1539 miserarum
378 1511 595 1540 amantium
613 1515 782 1539 numero

65 1557 257 1610 Eriphyle
292 1568 333 1597 et
370 1560 536 1598 Caeneus
571 1559 782 1596 memorari

63 1624 245 1666 possunt.
269 1619 388 1655 Dicas
410 1618 511 1655 forte
532 1618 577 1654 iu
599 1615 782 1667 deperdi-

65 1674 115 1710 tis
137 1675 266 1724 poetis
290 1675 411 1713 fuisse
437 1674 487 1712 de
507 1687 651 1712 eorum
674 1687 781 1712 amo-

65 1730 179 1768 ribus
204 1731 378 1780 fabulas,
403 1746 500 1784 quas
528 1745 639 1769 nunc
667 1733 783 1782 igno-

0 1809 1 1826 ;
65 1801 221 1835 ramus;
239 1803 379 1828 verum
392 1818 403 1837 ‚
420 1799 615 1841 quantum
637 1789 783 1827 intelli-

66 1859 142 1897 go,
164 1848 330 1886 omnino
358 1849 486 1885 invito
516 1856 632 1898 poeta
660 1859 781 1884 asser·

68 1913 155 1940 tum
184 1911 266 1951 est,
296 1918 381 1942 non
410 1906 488 1941 nisi
521 1913 695 1942 amantes
726 1905 783 1941 se-

69 1962 194 1998 minas
212 1960 296 1999 haec
318 1962 407 1999 loca
424 1969 580 2007 tenere3
599 1960 786 1998 heroinas

67 2019 135 2057 ille
149 2048 159 2065 ‚
182 2027 226 2057 ut
244 2032 340 2057 mox
363 2017 456 2056 inde
476 2032 496 2055 a
516 2026 595 2066 477
617 2018 778 2063 heroes,

69 2078 303 2115 memoravit
334 2078 474 2128 priscis
506 2075 654 2127 mythis
687 2075 785 2114 cele·

69 2136 222 2182 brutas,
245 2147 418 2186 quarum
455 2147 603 2172 nomen
635 2134 783 2186 insigni

69 2193 205 2243 aliquo
226 2193 398 2243 facinore
414 2192 564 2229 clarum
587 2191 784 2238 fuit,nul-

66 2251 107 2289 lo
127 2258 309 2301 respectu
324 2249 452 2288 laudis
471 2259 509 2287 et
527 2250 710 2296 virtutis3
728 2257 782 2287 et-

69 2311 100 2346 si
125 2322 174 2346 ex
195 2308 256 2345 his
287 2307 529 2346 facinoribus
556 2308 743 2358 pleraque
760 2320 781 2344 3

68 2367 213 2405 misero
231 2378 365 2406 amore
382 2365 560 2417 prosecta
575 2375 671 2403 sunt
687 2377 697 2404 :
715 2379 784 2404 ne-

69 2425 191 2463 fatias
206 2431 289 2462 erat
304 2437 416 2462 amor
434 2423 608 2462 Phaedrae
624 2425 668 2461 in
686 2424 782 2475 Hip-

69 2482 255 2535 polytum
301 2483 556 2534 privignum3
598 2490 636 2518 et
675 2482 780 2520 Pasi-

69 2539 190 2591 phaes
205 2539 465 2579 libidinosum
477 2552 650 2578 amorem
663 2551 782 2577 nemo

74 2598 257 2650 ignorat3
278 2599 435 2638 Procris
464 2598 513 2636 de
532 2599 686 2644 mariti,
709 2598 782 2635 Ce-

75 2654 207 2705 phali,
223 2654 304 2694 fide
328 2657 431 2694 male
447 2656 615 2695 sollicita
632 2655 785 2694 infelici

76 2724 169 2750 cem
199 2714 370 2762 interiit3
391 2723 530 2753 contra
557 2713 719 2753 Evadne
745 2720 786 2751 et

73 2767 281 2810 Laodamia
305 2769 386 2811 fida
415 2781 457 2812 et
489 2773 710 2811 constantia
741 2772 784 2810 in

268 2851 354 2897 111.

852 456 1086 506 maritorum
1124 455 1264 492 funere
1299 455 1414 494 clarae
1455 471 1566 499 sunu

851 513 980 552 Caenis
996 515 1094 551 mira
1114 526 1232 551 sexus
1253 515 1294 552 in
1315 515 1470 553 virilem
1488 530 1570 555 um-

850 574 998 610 tatione
1015 581 1055 610 et
1078 573 1188 610 factis
1201 601 1211 620 ,
1231 586 1322 624 quae
1342 573 1417 611 sub
1440 575 1572 614 Caenei

849 632 1013 670 nomine
1056 631 1206 678 edidit,
1234 631 1435 671 notabilis.
1470 637 1570 672 Sane

849 691 911 728 vel
936 691 1015 737 sic,
1051 689 1098 727 ad
1130 698 1314 728 nostrum
1346 704 1505 730 sensum
1532 703 1570 730 et

843 748 1042 798 judicium
1057 777 1067 795 ‚
1090 762 1110 786 3
1130 757 1246 799 poeta
1272 748 1413 787 melior
1444 753 1570 789 nomi-

847 820 946 845 num
975 806 1144 845 dilectus
1173 806 1424 845 adhibendus
1451 808 1570 848 fuisse

849 865 976 903 videri
1016 874 1166 918 potest;
1199 867 1395 917 potuisset
1430 869 1569 919 ntique

848 924 1009 963 laudare
1032 924 1218 971 feminas,
1246 937 1417 975 quarum
1443 927 1571 964 virtus

849 992 887 1020 et
927 982 1086 1020 fortuna
1125 996 1199 1020 nos
1225 983 1406 1030 jucunda
1439 983 1571 1035 aliqua

850 1042 1129 1079 recordatione
1149 1040 1374 1079 delectaret.
1394 1044 1545 1079 Verum
1561 1072 1571 1088 ‚

851 1098 961 1149 quod
1007 1101 1087 1147 jam
1138 1101 1281 1149 saepius
1315 1099 1570 1138 observatum

851 1166 931 1203 est,
959 1157 1006 1193 ab
1035 1157 1109 1194 hac
1130 1157 1350 1194 dulcissimi
1382 1157 1571 1203 affectus,

850 1216 927 1251 nisi
944 1214 1164 1265 conjugalis
1194 1214 1262 1251 ille
1284 1223 1408 1261 esset,
1431 1224 1470 1252 et
1492 1229 1573 1252 ma-

850 1273 936 1324 gnis
980 1271 1288 1308 difficultatibus
1324 1271 1544 1322 implicitus
1563 1302 1572 1315 ,

850 1329 1110 1366 admiratione
1123 1330 1165 1365 in
1182 1328 1371 1365 muliebri
1386 1342 1485 1367 sexu
1505 1331 1572 1367 ah-

849 1387 987 1424 horret
1009 1388 1246 1437 antiquitas;
1269 1399 1342 1424 nec
1362 1388 1439 1424 nisi
1459 1401 1571 1425 casus

851 1446 1021 1496 tragicos
1043 1446 1086 1482 in
1107 1444 1186 1482 hoc
1208 1457 1352 1495 genere
1380 1454 1566 1483 sectatur.

849 1504 1137 1541 Recentiorum
1159 1515 1251 1539 sane
1265 1510 1476 1553 poetarum
1496 1517 1567 1554 op-

850 1561 971 1597 timus
993 1562 1162 1611 quisque
1185 1559 1234 1597 ad
1249 1569 1408 1599 nostros
1436 1574 1566 1599 mores

849 1631 893 1654 ac
932 1630 1071 1655 sensus
1103 1618 1240 1655 locum
1274 1619 1386 1656 hunc
1415 1628 1566 1670 quanto

847 1675 990 1712 melius
1016 1678 1236 1712 tractasset!
1261 1679 1452 1714 Praestant
1469 1690 1569 1728 quo-

848 1746 926 1783 que
950 1746 1087 1770 versus
1116 1732 1269 1772 Tibulli
1290 1735 1308 1770 I
1344 1734 1404 1772 El.
1431 1735 1454 1771 3
1471 1762 1482 1781 ,
1513 1736 1560 1781 57

850 1791 933 1827 Sed
948 1803 1011 1827 me
1037 1790 1149 1841 quod
1152 1789 1300 1842 facilis
1318 1800 1455 1829 tenero
1479 1805 1562 1829 sum

848 1861 1006 1898 semper
1021 1849 1167 1885 Amori
1193 1850 1279 1898 sqq.
1309 1851 1448 1900 Ipsum
1476 1852 1567 1887 Vir-

849 1905 1039 1957 gilianum
1051 1905 1188 1943 locum
1205 1905 1389 1944 disertius
1400 1920 1568 1944 exorna-

850 1964 909 1999 vit
927 1964 1134 2000 Ausonius
1158 1964 1201 2000 in
1229 1963 1375 2014 Cupid.
1397 1966 1537 2002 crucif.
1555 1993 1565 2010 ‚

848 2019 916 2058 sed
932 2019 1147 2065 desideres,
1170 2029 1215 2057 ut
1232 2020 1348 2067 alibi,
1369 2022 1412 2058 in
1434 2034 1482 2059 eo
1502 2024 1564 2070 ju-

849 2078 941 2115 dicii
961 2077 1233 2116 subtilitatem.
1258 2078 1375 2116 Conf.
1400 2092 1562 2130 quoque

848 2139 1029 2186 Propert.
1056 2137 1135 2181 lv,
1167 2148 1187 2183 7
1205 2163 1216 2181 ‚
1249 2136 1301 2186 59
1329 2149 1387 2186 sq.
1407 2139 1561 2175 Verum

848 2192 1044 2244 Virgilius
1071 2201 1160 2231 ante
1190 2194 1330 2232 oculos
1362 2194 1505 2233 habuit
1523 2203 1563 2232 et
1600 2233 1613 2244 ,

848 2252 1040 2302 expressit
1060 2251 1196 2289 locum
1226 2251 1304 2290 Od.
1327 2255 1373 2299 λ,
1399 2260 1483 2298 224
1500 2266 1561 2304 sq.

849 2310 931 2348 320
948 2322 1005 2359 sq.
1027 2310 1071 2346 iu
1092 2322 1176 2360 quo
1200 2310 1406 2360 pomi-seue
1437 2311 1566 2349 heroi·

846 2379 908 2405 nae
919 2379 971 2404 ex
984 2366 1120 2405 inferis
1135 2367 1338 2419 prodeunt
1354 2367 1465 2407 ὅσσαι
1479 2366 1562 2423 ἀρι-

846 2422 971 2465 σττὶων
988 2421 1126 2475 ἄλοχοι
1145 2423 1250 2473 ἔσαν,
1265 2421 1339 2468 ἡδὲ
1358 2425 1561 2483 θύγατρες.

848 2483 980 2522 elatas
1016 2483 1202 2523 muheres
1232 2486 1277 2522 in
1310 2487 1462 2537 Necyia
1492 2497 1563 2522 sua

848 2542 964 2579 etiam
982 2540 1231 2594 Polygnotus
1251 2543 1437 2594 pinxerat
1456 2542 1563 2594 apud

850 2602 1014 2638 Pansam.
1029 2601 1067 2638 X
1081 2628 1093 2647 ‚
1116 2601 1168 2638 28
1182 2629 1194 2647 ,
1220 2613 1274 2651 29
1288 2629 1299 2648 ‚
1318 2602 1363 2639 in
1380 2600 1563 2640 hisPhae·

850 2656 983 2705 dram,
1001 2659 1188 2707 Procrin,
1223 2658 1458 2711 Eriphylen.
1485 2661 1564 2698 Re-

849 2713 1105 2766 prehendunt
1137 2716 1298 2755 tandem
1323 2724 1481 2768 poetam
1520 2717 1562 2752 in

850 2772 952 2824 hoc,
968 2773 1080 2827 quod
1098 2775 1140 2814 in
1159 2777 1309 2828 campis
1329 2772 1564 2826 Lugeneibus

1342 2869 1397 2900 12
