1767 3054
706 137 860 176 LIBER
889 136 983 173 VII.

1522 145 1605 187 249

96 214 343 261 Paullatim
362 227 462 260 sese
483 210 605 259 tollit
627 226 781 268 mare,
806 220 854 256 et
878 209 1017 254 altius
1043 207 1192 254 undas

97 291 268 352 Erigit,
294 287 403 334 inde
427 289 523 334 imo
548 287 792 350 consurgit
817 284 877 331 ad
902 284 1079 331 aethera
1105 282 1268 330 fundo.
1546 295 1605 325 530

165 365 256 412 Hic
274 363 462 427 juvenis
486 364 688 426 primam
713 373 821 409 ante
841 361 990 408 aciem
1014 359 1244 407 stridente
1269 357 1458 422 sagitta,

95 444 329 489 Natorum
351 439 561 501 Tyrrhei
582 441 737 486 fuerat
759 439 842 501 qui
862 437 1121 495 maximus,
1140 436 1279 482 Almo

96 516 361 573 Sternitur;
387 514 524 562 haesit
545 515 670 562 enim
691 515 780 562 sub
807 525 998 577 gutture
1022 512 1216 569 volnus,
1241 521 1288 558 et
1310 510 1417 558 udae
1477 527 1480 530 ·

93 591 235 637 Vocis
258 591 350 635 iter
371 602 656 652 tenuemque
680 590 868 637 inclusit
891 589 1117 652 sanguine
1136 587 1297 634 vitam.

95 668 309 727 Corpora
333 665 481 710 multa
504 667 662 712 virum
685 665 838 723 circa,
864 664 1118 725 seniorque
1141 663 1374 721 Galaesus,
1544 671 1604 702 ⁵35

97 744 224 787 Dum
249 740 355 801 paci
379 740 588 786 medium
613 757 662 787 se
687 741 856 800 offert3
877 739 1163 803 justissimus
1187 754 1310 785 unus

96 815 192 872 Qui
219 815 332 874 fuit,
357 816 678 877 Ausoniisque
704 816 817 862 olim
838 815 1095 863 ditissimus
1116 815 1241 861 arvis
1264 833 1274 859 :

97 889 321 952 Quinque
349 907 512 953 greges
535 891 602 936 illi
626 889 894 949 balantum,
919 890 1064 953 quina
1088 889 1310 936 redibant

97 967 347 1022 Armenta,
373 976 420 1011 et
446 975 622 1011 terram
647 976 837 1012 centum
861 964 1079 1012 vertebat
1105 964 1287 1010 aratris.

161 1042 318 1102 Atque
343 1056 398 1087 ea
421 1057 507 1104 per
531 1056 723 1104 campos
746 1056 883 1105 aequo
906 1041 1021 1088 dum
1046 1043 1203 1087 Marte
1227 1047 1484 1101 geruntur,
1539 1049 1602 1083 540

96 1254 164 1283 est.
203 1244 349 1282 Probat
371 1245 578 1292 Heinsius,
607 1253 654 1283 ut
679 1243 814 1296 primo

90 1312 220 1353 ponto
249 1303 301 1339 sit
327 1315 337 1340 :
365 1316 385 1339 a
412 1302 553 1349 litore,
577 1312 624 1340 ut
649 1316 813 1354 respon-

96 1360 186 1398 deat
214 1361 449 1406 Homerico,
480 1359 516 1398 ἐν
542 1358 738 1414 αἰγιαλῷ,
769 1362 813 1398 in

96 1418 210 1461 loco,
241 1430 361 1467 quem
395 1426 511 1467 poeta
548 1427 638 1455 ante
674 1417 814 1455 oculos

95 1474 238 1513 habuit
266 1473 380 1512 Iliad.
402 1470 448 1520 ὃ,
479 1482 575 1518 422.
609 1475 684 1513 Sed
715 1483 814 1511 tem-

95 1539 244 1582 pestate
266 1533 418 1568 oriente
452 1530 600 1568 fluctus
631 1544 682 1568 ex
721 1531 815 1578 alto,

94 1601 231 1627 versus
249 1588 345 1625 litus
358 1596 544 1639 aguntur,
562 1601 647 1626 non
665 1589 815 1626 alitore

93 1648 269 1697 primum
309 1646 464 1682 moveri
504 1646 732 1696 incipiunt,
767 1655 815 1683 ut

92 1705 172 1752 jam
208 1706 459 1742 Burmannus
495 1705 667 1742 monuit.
709 1705 811 1741 Bur·

95 1774 264 1799 mannus
287 1760 398 1797 malit
419 1771 429 1798 ε
453 1769 806 1811 summo—ponto,

96 1827 141 1856 ut
177 1819 256 1855 imo
281 1817 419 1868 fiendo
453 1827 695 1868 opponatur.
735 1818 813 1857 Sed

97 1877 300 1913 manifesta
316 1877 408 1911 satis
428 1887 490 1911 res
513 1883 590 1921 est,
614 1884 744 1925 ponto
761 1889 812 1912 ex

99 1933 221 1970 altero
239 1934 330 1970 loco
348 1932 421 1968 Ge.
440 1933 500 1968 111
512 1959 522 1977 ‚
541 1934 619 1979 237
632 1932 714 1969 huc
731 1946 813 1970 esse

97 1990 351 2033 translatum,
372 1988 444 2025 ubi
464 1987 505 2025 in
527 1989 659 2026 medio
672 1999 813 2039 ponto.

97 2049 258 2084 Vax-iare
277 2054 407 2082 autem
420 2055 577 2096 poetam
589 2047 715 2084 verbo
731 2060 814 2085 uno

97 2105 158 2141 vel
175 2105 298 2142 altero
312 2131 322 2148 ,
343 2104 538 2150 ejusmodi
551 2117 701 2150 verSUS,
715 2119 815 2155 quos

97 2164 241 2199 iterum
284 2162 419 2212 pouit,
449 2161 499 2198 ab
536 2163 623 2212 ipso
653 2164 815 2200 Heinsio

98 2220 306 2269 aliquoties
333 2220 532 2256 monitum
559 2228 630 2258 est.
650 2241 709 2248 —
731 2221 812 2258 528

109 2279 253 2315 —530.
283 2279 433 2326 Saepius
465 2287 604 2314 ornata
636 2291 654 2314 a
687 2280 816 2330 poetis

99 2336 364 2386 comparati03
387 2335 559 2385 primum
583 2335 745 2385 quidem
763 2336 813 2373 ab

96 2396 279 2431 Homero.
296 2392 409 2430 Iliad.
428 2388 474 2437 ὃ,
495 2400 575 2437 422
591 2406 700 2445 seqq.
714 2397 815 2432 Ean·

96 2449 186 2488 dem
205 2450 444 2488 elaboratius
471 2451 673 2489 extulerat
699 2454 815 2490 Maro

97 2507 243 2560 Georg.
258 2510 317 2546 ΙΙΙ
332 2537 343 2554 ,
358 2510 437 2556 237
456 2522 514 2559 sq.
533 2518 742 2560 utramque
758 2511 814 2547 vi-

99 2564 167 2612 de,
186 2568 219 2603 si
235 2566 364 2618 placet
378 2595 388 2612 ‚
406 2575 444 2604 et
465 2569 568 2604 inter
584 2582 624 2605 se
639 2568 790 2606 confer.

169 2625 265 2662 532.
300 2625 526 2662 Gnatormn
568 2625 736 2675 Tyrrlzei
762 2627 809 2663 li-

99 2678 162 2717 bri
184 2683 284 2719 Pier.
305 2684 366 2720 Ex
382 2683 523 2720 iisdem
536 2692 574 2720 et
585 2685 667 2720 suis
688 2686 811 2722 Heiu-

98 2737 178 2773 sins
200 2739 321 2777 Almo
343 2742 500 2791 scripsit
527 2755 602 2791 pro
628 2742 780 2780 Almon
795 2757 811 2787 ;

99 2794 250 2832 nullum
291 2798 397 2835 enim
434 2812 584 2836 nomen
626 2802 810 2838 Latinum

882 1260 933 1285 on
972 1245 1098 1282 literis
1133 1241 1241 1280 finiri
1256 1271 1266 1290 ,
1301 1244 1354 1279 ait
1388 1241 1600 1292 Sosipater.

882 1303 1005 1355 Quod
1022 1301 1207 1352 equidem
1233 1302 1338 1337 inter
1365 1300 1601 1337 Grammati-

883 1373 1024 1400 corum
1048 1359 1220 1409 argutias
1245 1357 1425 1395 referam.
1450 1357 1603 1394 Almon

883 1428 942 1457 est
981 1416 1235 1455 communior
1279 1413 1432 1460 forma3
1480 1414 1603 1451 Almo

882 1477 1023 1514 rarior.
1037 1475 1101 1512 Sic
1118 1474 1380 1523 Agamemno
1390 1499 1403 1516 ‚
1431 1470 1599 1517 Tarcho,

883 1542 923 1571 et
942 1534 1016 1570 alia
1036 1542 1111 1581 pro
1122 1531 1280 1581 vulgari
1295 1532 1599 1584 Agamemnon.

881 1592 1040 1636 —532,
1065 1588 1162 1625 533.
1183 1588 1337 1628 Vulnus
1353 1602 1428 1640 pro
1447 1588 1600 1639 sagitta,

880 1652 1016 1696 Serv.,
1045 1654 1093 1683 ut
1114 1646 1178 1694 H,
1211 1646 1317 1696 529,
1349 1655 1389 1684 et
1417 1643 1596 1689 inclusit,

878 1719 954 1757 pro
1013 1703 1193 1755 vulgari,
1234 1705 1481 1751 interclusit,
1529 1702 1604 1740 iter

878 1763 995 1802 vocis
1010 1761 1122 1806 udoe,
1147 1761 1332 1802 traducto
1352 1760 1559 1814 epithetho
1580 1774 1601 1796 a

880 1830 1054 1873 gutture,
1074 1833 1146 1870 per
1163 1819 1274 1870 quod
1288 1835 1371 1859 vox
1389 1821 1599 1863 emittitur3

879 1880 1042 1929 proprie
1055 1876 1132 1913 iter
1139 1877 1273 1917 udum.
1285 1875 1501 1929 Quomodo
1512 1877 1601 1913 Vir-

883 1936 1002 1986 gilius
1044 1943 1190 1971 ornatu
1224 1936 1425 1985 praecellat
1456 1936 1603 1972 Home-

881 2006 973 2030 rum
988 2020 998 2037 ,
1021 1991 1113 2028 vide
1130 1993 1170 2028 in
1192 1992 1296 2030 hoc:
1316 1992 1431 2029 Iliad.
1450 2006 1491 2039 ν,
1516 1992 1598 2030 388
1659 2018 1664 2022 -

883 2048 900 2086 ὁ
922 2046 969 2087 δέ
984 2063 1046 2101 μιν
1065 2046 1163 2096 βάλε
1181 2044 1290 2103 δευρὶ
1308 2047 1457 2103 Λαιμὸν
1477 2045 1602 2101 (κατὰ

881 2107 945 2158 λ.)
979 2105 1050 2144 ὑπ’
1081 2103 1322 2159 ἀνθερεῶνα,
1353 2103 1421 2145 διαί
1444 2107 1520 2161 πρὸ
1556 2102 1599 2144 δὲ

881 2163 1031 2215 χαλκὸν
1059 2163 1210 2203 ἔλασσε.

943 2223 1112 2261 536-5
1120 2224 1185 2272 39.
1200 2225 1414 2261 Homerica
1426 2231 1510 2261 arte
1524 2225 1601 2261 Ga-

879 2280 963 2318 laesi
993 2282 1225 2318 memoriam
1253 2282 1371 2319 nobis
1397 2294 1599 2320 commen-

882 2338 949 2375 dat
971 2347 1010 2376 et
1037 2339 1330 2376 miserationem
1355 2339 1462 2378 facit.
1489 2340 1596 2377 conf.

880 2396 995 2434 Iliad.
1019 2409 1057 2444 ε,
1081 2397 1192 2444 612,
1214 2398 1325 2444 613,
1350 2399 1449 2444 614.
1475 2397 1599 2448 Quod

881 2453 1118 2492 ditissimum
1152 2454 1323 2493 eundem
1361 2464 1401 2494 et
1434 2454 1601 2505 justissi-

884 2526 990 2549 mum
1024 2512 1188 2550 exhibet
1202 2542 1213 2560 ,
1251 2513 1299 2550 ad
1333 2515 1473 2564 primae
1508 2514 1601 2550 vitae

883 2583 1014 2608 mores
1032 2579 1303 2622 comparatum
1323 2580 1395 2610 est.
1414 2570 1522 2608 Illud
1538 2584 1601 2607 ve-

879 2641 925 2665 ro
948 2629 1158 2678 praeclare:
1181 2631 1288 2666 Dum
1305 2629 1404 2680 paci
1419 2642 1473 2666 m.
1491 2641 1522 2666 s.
1543 2641 1594 2672 0.‚

878 2695 924 2724 ut
940 2687 1021 2734 jam
1040 2687 1224 2726 Macrob.
1244 2689 1316 2733 IV,
1340 2695 1365 2732 4
1383 2687 1554 2724 monuit.

939 2745 1020 2789 540
1050 2758 1110 2796 sq.
1134 2747 1244 2782 Scevo
1271 2747 1429 2788 Marte,
1463 2755 1596 2780 emen-

878 2800 947 2839 dat
962 2801 1225 2840 Marklandus
1250 2802 1299 2839 ad
1317 2804 1485 2842 Statium
1504 2799 1598 2837 Silv.
