1767 3054
614 182 689 218 AD
721 180 927 218 LIBRUM
958 181 1029 217 VI.
1492 181 1575 229 350

70 261 135 298 uia
155 260 276 299 verba
299 271 350 298 ex
365 257 602 309 Euphauto,
631 269 696 308 ap.
721 255 919 307 Porphyr.
945 254 994 292 de
1018 253 1179 292 Abstin.
1205 254 1285 299 IV,
1311 266 1360 290 10
1376 266 1386 300 ;
1404 265 1447 290 ea
1471 255 1577 290 enim

69 331 109 366 iu
127 328 231 367 hanc
245 327 479 366 sententiam
497 326 625 376 accipi
640 324 783 362 debere
800 323 1063 376 probabiliter
1087 324 1112 362 J
1115 320 1368 360 ablonskium
1395 320 1576 359 docuisse

70 395 187 434 video
204 394 343 434 Pauth.
367 407 456 446 pag.
479 395 528 431 32
553 407 662 444 seqq.
678 391 692 443 )
706 421 717 439 ,
749 392 822 430 sed
847 391 1023 442 corporis
1044 389 1299 428 contubernio
1317 388 1490 427 aetlzerea
1509 390 1574 427 vis

69 460 295 499 obtunditur
321 473 365 498 ac
395 460 626 498 debilitatur
658 473 696 498 v.
722 472 804 508 720
819 488 830 507 ,
854 472 933 507 722
951 487 961 505 ,
985 458 1091 495 unde
1116 457 1342 495 animorum
1367 455 1573 507 perturba-

69 527 196 564 tiones
212 535 253 565 et
272 527 534 579 cupiditates,
558 542 598 565 v.
619 528 698 575 733
714 555 725 574 ‚
751 527 846 575 734.
875 525 983 563 Vitia
1001 538 1096 563 vero
1118 525 1204 562 haec
1226 538 1246 562 a
1272 523 1452 575 corporis
1476 535 1572 559 con-

68 595 172 646 tagio
191 604 393 634 contracta
414 596 564 634 anima·
588 610 670 634 sese
689 605 773 634 tam
793 595 876 632 alte
895 594 1124 639 insinuant,
1147 602 1191 630 ut
1207 607 1258 630 ne
1280 601 1362 630 tum
1382 591 1543 643 quidem
1556 619 1569 636 ,

67 676 190 714 quum
213 678 241 701 a
269 677 432 715 corpore
467 674 594 702 morte
630 664 810 716 sejuncta
843 672 903 701 ese
930 662 998 715 (et
1032 661 1109 700 hoc
1141 663 1363 713 genuinum
1397 659 1573 698 Platonis

68 731 223 783 dogma.
242 747 280 770 v.
301 732 476 771 Phaedon
491 747 580 786 pag.
602 734 651 771 61
675 735 728 779 C,
748 731 838 784 D),
862 745 915 770 ex
934 730 1077 769 anima
1101 730 1306 767 excedant
1326 727 1444 780 (nam
1471 727 1573 765 illud

67 807 183 849 poeta
214 813 297 838 nou
327 801 504 853 attingit,
538 800 648 852 quod
669 802 747 849 jam
774 801 816 837 in
842 799 916 837 hac
938 800 1019 836 vita
1035 798 1218 850 purgatio
1240 796 1416 847 expleri,
1436 795 1573 832 saltem

69 866 248 905 inchoari
263 896 274 915 ,
297 877 427 919 potest
440 897 451 916 ‚
473 881 597 918 quum
614 882 686 919 per
705 867 997 920 philosophiam
1011 895 1022 915 ‚
1043 876 1128 904 tum
1154 880 1226 918 per
1244 863 1406 917 teletas)
1425 879 1464 903 v.
1488 865 1571 912 735

68 956 125 962 —
140 936 237 982 738.
258 938 402 987 Itaque
430 936 469 972 in
499 936 637 989 itfieris
657 937 752 975 Iocis
768 937 1012 989 purgatione
1037 948 1132 986 opus
1151 944 1212 972 est
1225 962 1236 981 ‚
1257 947 1340 986 qua
1365 932 1474 971 vitia
1494 933 1572 970 ista

67 1003 319 1054 (animorum
345 1004 581 1055 cupiditates
617 1014 656 1043 et
691 1005 1035 1056 perturbationes,
1066 1016 1196 1050 curae,
1226 1004 1320 1049 irae,
1354 1000 1571 1051 libidines)

66 1070 253 1108 eluantur
268 1080 307 1109 et
321 1073 550 1110 eximantur
571 1074 669 1123 739,
690 1081 770 1121 74ο
788 1072 946 1124 (neque
965 1075 1071 1110 enim
1088 1073 1192 1122 parti
1210 1070 1393 1108 rationali
1411 1070 1569 1121 plenam

66 1145 105 1174 et
133 1137 349 1188 perfectam
384 1139 613 1177 felicitatem
651 1141 882 1192 contingere
914 1153 1027 1191 posse
1060 1138 1274 1185 videbant,
1301 1138 1380 1174 nisi
1409 1135 1458 1173 ab
1486 1137 1570 1174 istis

65 1203 217 1241 morbis
235 1217 280 1242 ac
299 1206 405 1242 vitiis
425 1205 600 1244 liberatae
618 1219 628 1246 ε
646 1207 753 1246 conf.
786 1207 977 1246 Bracker.
1008 1216 1104 1244 tom.
1122 1208 1141 1243 1
1154 1234 1166 1253 ,
1183 1217 1273 1256 pag.
1297 1218 1316 1252 7
1329 1217 1344 1240 1
1356 1205 1462 1251 3—-7
1476 1216 1524 1253 ¹9
1539 1202 1567 1253 ).

64 1270 132 1308 Fit
155 1271 347 1324 purgatio
380 1287 497 1318 aere,
533 1288 666 1325 aqua,
700 1273 786 1326 igni
814 1288 852 1312 v.
888 1282 995 1322 740,
1031 1281 1108 1322 ‘541
1126 1302 1137 1320 ,
1172 1280 1253 1321 742
1295 1272 1395 1324 (nec
1427 1271 1569 1310 definit

63 1347 179 1390 poeta
193 1368 204 1386 ,
229 1353 307 1391 qua
325 1342 368 1378 iu
383 1342 604 1380 inferorum
630 1352 753 1393 parte.
782 1342 936 1381 Scilicet
954 1344 987 1379 is
1011 1340 1147 1378 Hades
1173 1348 1251 1386 est,
1272 1341 1470 1391 AEgyptiis
1488 1342 1566 1388 J'am

64 1405 160 1443 olim
181 1407 426 1454 American,
456 1423 493 1447 v.
513 1409 712 1447 Plutarch.
736 1408 785 1446 de
806 1410 857 1447 Is.
879 1417 918 1445 et
937 1409 1042 1448 Osir.
1064 1421 1151 1459 pag.
1175 1408 1256 1445 362
1273 1408 1335 1453 D;
1357 1406 1429 1444 ubi
1446 1408 1567 1444 inter-

61 1477 252 1524 pretatio,
286 1490 368 1514 esse
399 1489 491 1514 eum
521 1477 586 1514 τὸν
618 1472 795 1514 >aedunt
815 1471 883 1513 καὶ
903 1470 1066 1513 διδόντα
1080 1504 1090 1522 ,
1111 1473 1313 1512 referenda
1339 1473 1500 1511 videtur
1516 1474 1566 1511 ad

62 1541 295 1582 descensum
312 1545 530 1582 animarum
544 1571 555 1590 ,
572 1552 610 1581 et
631 1543 805 1581 reditum
823 1545 867 1581 iu
884 1556 990 1581 nova
1008 1555 1177 1594 corpora
1188 1542 1217 1594 ).
1243 1541 1435 1594 Purgatio
1444 1555 1566 1592 porro

60 1610 266 1649 subeunda
291 1621 351 1650 est
372 1612 554 1650 omnibus
573 1625 612 1650 v.
634 1613 729 1660 743.
747 1612 850 1650 Nam
864 1639 875 1658 ,
903 1610 953 1648 de
980 1609 1150 1648 heroum
1164 1638 1176 1655 ‚
1204 1608 1536 1660 philosophorum
1551 1638 1563 1657 ‚

60 1685 100 1716 et
123 1678 326 1718 bonorum
356 1679 561 1717 animabus
591 1693 680 1730 quae
711 1679 822 1718 Plato
852 1679 987 1725 addit,
1014 1687 1132 1729 poeta
1155 1686 1279 1725 tacet;
1300 1691 1374 1715 nec
1402 1677 1563 1726 adjicit,

59 1745 160 1796 quid
178 1745 228 1784 de
245 1747 293 1785 iis
310 1745 380 1784 fiat
392 1774 403 1793 ,
425 1746 572 1798 quibus
592 1754 671 1784 tam
689 1745 765 1784 alte
789 1745 898 1783 labes
923 1747 996 1783 ista
1021 1744 1187 1790 insidet,
1208 1753 1255 1781 ut
1273 1743 1352 1781 elui
1368 1753 1538 1795 nequeat
1551 1773 1563 1791 ‚

60 1812 132 1861 qui
146 1821 279 1851 tamen
301 1813 436 1863 plures
461 1826 629 1851 numero
656 1827 738 1851 esse
768 1812 940 1859 debent;
965 1812 1115 1849 scilicet
1133 1811 1175 1848 hi
1190 1813 1269 1859 jam
1292 1819 1382 1848 ante
1403 1812 1447 1848 in
1467 1814 1564 1850 Tar-

60 1889 188 1917 tarum
207 1889 318 1917 erant
334 1880 498 1918 detrusi.
523 1882 612 1918 Hoc
633 1893 728 1917 vero
743 1909 754 1927 ‚
790 1882 823 1917 si
844 1879 964 1917 modo
984 1893 1004 1916 a
1024 1888 1140 1929 poeta
1160 1887 1217 1916 est
1230 1907 1241 1924 ,
1261 1877 1371 1915 addit
1389 1890 1399 1916 :
1419 1891 1440 1915 a
1458 1892 1562 1916 cras·

57 1945 231 1984 sioribus
249 1945 434 1983 sordibus
450 1945 605 1983 liberati
618 1974 629 1991 ‚
648 1945 696 1983 ad
719 1945 901 1997 Elysium
932 1947 1147 1983 mittuntur
1159 1972 1170 1991 ,
1193 1943 1261 1981 sed
1271 1944 1413 1995 pauci,
1438 1946 1468 1982 ii
1485 1947 1562 1982 sci-

56 2012 174 2059 licet,
207 2012 353 2063 quibus
380 2014 512 2050 inusta
535 2014 629 2049 vitia
657 2012 738 2049 elui
765 2021 955 2063 possunt,
981 2009 1296 2062 eoperveniunt,
1328 2012 1406 2058 743
1423 2039 1434 2058 ,
1463 2018 1560 2058 744.

58 2078 285 2118 Absolvieur
310 2078 395 2124 hic,
422 2080 455 2116 si
482 2087 610 2130 poetae
644 2092 780 2116 versus
806 2078 849 2116 hi
869 2086 987 2125 suut,
1014 2077 1229 2131 purgatio,
1261 2077 1492 2129 animaeque
1520 2078 1562 2116 in

49 2148 266 2199 pristinam
280 2147 498 2199 puritatem
520 2145 704 2185 oethereae
725 2156 881 2184 naturae
904 2145 1177 2191 restituamur,
1204 2147 1285 2195 745
1299 2175 1310 2193 ,
1331 2146 1412 2194 746
1426 2174 1438 2193 ,
1462 2153 1560 2194 747.

58 2219 155 2255 Post
175 2215 284 2254 mille
312 2229 443 2253 annos
475 2215 585 2268 (non
613 2213 829 2262 definitur,
858 2215 1178 2266 purgationisue,
1205 2228 1282 2261 an,
1305 2227 1349 2252 ea
1374 2223 1557 2265 peracta,

0 2274 1 2284 ἵ
57 2284 165 2322 mille
181 2285 293 2322 annis
310 2284 413 2321 iuter
429 2283 554 2335 Elysii
576 2281 736 2320 delicias
753 2281 914 2332 exactis)
932 2280 1143 2318 animabus
1163 2280 1222 2318 lu‘s
1237 2280 1418 2318 omnibus
1437 2280 1557 2333 (748)

57 2362 158 2388 nova
174 2363 338 2401 corpora
355 2359 447 2388 sunt
462 2349 724 2403 ingredienda
736 2364 754 2395 ;
770 2349 881 2400 quod
892 2347 1201 2400 antequamfiat
1212 2376 1223 2392 ‚
1246 2346 1369 2385 Lethe
1383 2347 1558 2385 bibenda

57 2427 138 2464 est,
165 2419 387 2467 748—751
407 2432 418 2465 ;
438 2420 507 2469 qui
535 2420 661 2456 amuis
688 2419 813 2469 Elysii
841 2416 941 2454 fines
966 2415 1257 2468 praeterlabitur
1275 2414 1292 2466 (
1307 2417 1387 2464 705
1400 2415 1430 2468 ).
1449 2417 1556 2455 Illud

54 2487 178 2538 igitur
191 2500 276 2525 non
291 2487 464 2524 declarat
482 2495 597 2537 poeta
611 2514 622 2532 ,
638 2487 694 2534 si,
718 2494 807 2536 post
823 2485 992 2523 reditum
1013 2484 1122 2522 hunc
1144 2485 1187 2521 in
1201 2497 1368 2535 corpora
1380 2512 1392 2531 ‚
1407 2485 1555 2523 iterum

57 2554 268 2594 ininferna
289 2555 374 2594 loca
394 2553 689 2600 descenderint,
714 2555 938 2604 iterumque
955 2561 1131 2604 purgatae
1157 2551 1326 2599 suerint,
1347 2566 1554 2604 semperne

58 2619 163 2658 idem
177 2634 310 2659 rerum
327 2622 436 2660 orbis
448 2651 458 2668 ‚
478 2621 623 2660 eaedem
640 2622 742 2658 vices
757 2620 974 2661 subeunda:
991 2621 1093 2666 sint;
1114 2631 1185 2667 au,
1210 2619 1320 2671 quod
1338 2633 1555 2658 commune

58 2687 135 2724 fuit
158 2687 314 2726 Platoni
330 2688 347 2741 (
361 2703 400 2728 v.
421 2690 526 2741 iupr.
555 2689 773 2734 Timaeum3
800 2695 879 2724 tum
902 2688 942 2725 iu
963 2686 1129 2726 Phaedro
1144 2699 1187 2737 p.
1210 2699 1318 2724 1222
1334 2701 1345 2734 ;
1363 2686 1550 2725 Phaedon.

56 2766 98 2805 p.
124 2754 178 2799 84,
198 2755 259 2801 D;
275 2754 324 2792 de
342 2758 442 2808 Rep.
462 2770 500 2807 p.
525 2757 602 2805 761
623 2758 676 2803 D,
693 2754 752 2805 E)
773 2767 863 2792 cum
881 2755 1076 2806 AEgyptiis
1103 2762 1143 2792 et
1159 2753 1415 2806 Pythagoreis
1431 2754 1552 2805 placi·

58 2828 171 2870 tum,
205 2821 278 2860 etsi
305 2823 423 2861 variis
450 2823 578 2863 modis
607 2824 750 2876 passim
776 2822 1038 2873 illustratum,
1066 2823 1208 2862 animae
1234 2823 1314 2862 illae
1340 2830 1431 2874 post
1459 2822 1550 2862 satis
