1767 3054
647 82 723 120 AD
754 82 960 119 LIBRUM
990 83 1064 119 VI.
1520 89 1570 125 38
1579 91 1600 127 3

101 158 326 194 animorum
354 156 425 193 alis
451 154 623 206 pertinet
652 154 694 190 in
719 151 884 191 Phaedro
909 166 950 203 p.
981 167 996 190 1
1011 155 1087 191 123
1111 154 1190 191 Frf.
1212 157 1273 193 Sic
1294 158 1393 195 etin
1414 159 1601 199 Axiocho

97 226 173 263 sub
193 224 263 263 fin.
290 238 341 262 ex
359 221 715 275 Hyperboreorum
749 221 894 259 tabulis
922 222 966 258 in
993 222 1095 259 Delo
1124 225 1286 260 servatis
1304 228 1426 274 petita
1452 228 1601 268 dicitur

97 293 229 331 afferri
246 291 432 330 narratio.
1293 330 1297 333 ί

155 362 237 399 Etsi
257 372 352 396 vero
371 357 532 408 Virgilii
561 358 694 394 animo
728 356 927 394 Platonica
957 357 1102 408 placita
1128 358 1315 397 insedisse
1346 373 1465 412 supra
1493 362 1599 401 haud

98 428 321 479 negaverim
333 454 343 473 ,
362 439 446 463 non
463 434 594 462 tamen
614 424 679 461 ille
696 424 896 475 putandus
913 434 969 463 est
987 425 1160 464 Platonis
1175 426 1466 479 philosophiam
1483 432 1601 469 nobis

96 505 284 546 tanquam
316 496 466 532 trutina
498 492 753 544 appendisse,
785 502 852 530 aut
879 506 1177 542 annumerasse,
1208 505 1254 534 ut
1283 497 1381 536 adeo
1415 497 1463 536 ad
1492 499 1601 537 illam

96 563 230 601 omnia
251 563 427 599 revocari
454 562 629 611 possint3
658 572 800 597 verum
822 561 983 598 miscuit
1008 562 1074 598 ille
1102 561 1348 613 Pythagorea
1367 564 1599 612 Platonicis,

95 639 182 668 tum
209 629 427 668 tenendum
459 638 535 675 est,
567 627 908 680 philosophemata
931 629 1045 666 illum
1081 642 1171 666 cum
1204 631 1352 669 dilectu
1379 641 1418 670 et
1443 635 1599 684 poetica

94 695 180 748 lege
197 705 380 733 tractasse
395 724 405 742 ‚
426 704 464 732 et
485 695 533 732 ad
550 694 729 746 vulgares
752 695 960 745 opiniones
987 704 1026 732 et
1052 697 1286 747 popularem
1306 699 1599 751 philosophiam

95 763 322 810 deflexisse,
342 773 427 801 tum
448 763 520 800 alia
539 776 589 799 ex
608 764 888 813 superstitione
903 763 1078 815 vulgari,
1095 777 1186 802 cum
1206 779 1284 816 qua
1301 770 1531 805 convenisse
1544 770 1600 805 vi-

95 833 240 871 dentur
257 831 454 871 nonnulla
474 833 517 869 in
536 830 676 877 teletis,
695 832 967 878 immiscuisse,
988 831 1099 882 quod
1116 842 1275 884 poetam
1293 836 1451 886 epicum
1471 836 1599 874 facere

96 901 153 937 fas
172 908 266 938 erat.
285 902 342 938 Eo
362 900 646 951 purgationum
668 898 829 945 modos,
849 912 951 949 quos
973 900 1167 950 supplicia
1187 901 1378 952 appellat,
1395 902 1538 950 refero,
1559 917 1598 941 v.

97 970 340 1018 739—742.
362 967 532 1005 Eosdem
548 968 591 1003 in
608 967 711 1003 vasis
730 968 869 1017 pictis,
887 969 1047 1004 Etrusca
1067 968 1189 1020 vulgo
1207 969 1425 1017 vocabant,
1443 984 1600 1022 expres-

94 1051 157 1075 sos
176 1050 259 1074 esse
277 1037 451 1086 suspicio
469 1042 552 1073 erat
572 1035 705 1080 Gorii‚
726 1036 834 1072 Mus.
855 1037 1010 1073 Etruse.
1032 1044 1060 1073 t.
1083 1038 1122 1074 II
1135 1065 1146 1082 ‚
1169 1049 1210 1086 p.
1237 1037 1330 1084 148,
1359 1039 1436 1076 132
1456 1052 1541 1090 sqq.
1559 1047 1599 1076 et

94 1104 259 1142 Passerii
285 1102 452 1154 Paralip.
472 1116 512 1154 p.
540 1103 618 1153 139
636 1130 646 1148 ‚
665 1104 758 1140 VaS.
778 1104 934 1141 Etrusc.
957 1112 1052 1141 tom.
1081 1106 1121 1151 1,
1146 1118 1185 1155 p.
1218 1105 1284 1143 50.
1310 1105 1441 1143 Aliter
1469 1105 1518 1144 de
1535 1107 1601 1145 his

92 1173 301 1224 suppliciis
322 1171 565 1221 disputatum
589 1184 609 1208 a
632 1170 795 1208 Platone
818 1172 861 1208 in
882 1173 1030 1222 Gorgia
1050 1186 1090 1223 p.
1115 1173 1167 1210 35
1174 1186 1193 1220 7
1215 1174 1268 1219 E,
1287 1174 1356 1223 qui
1374 1173 1485 1211 sedes
1505 1174 1597 1212 doc-

94 1242 209 1278 trinae
235 1248 306 1278 est.
337 1239 447 1284 Alia,
477 1237 691 1276 admodum
709 1240 876 1285 variata,
900 1248 1121 1277 occurrunt
1148 1242 1192 1277 in
1221 1241 1485 1292 scriptoribus
1506 1252 1597 1293 post

95 1307 252 1359 Virgilii
276 1315 466 1357 tempora,
493 1319 582 1356 quae
612 1305 660 1342 ad
686 1318 759 1343 nos
787 1319 871 1343 nou
898 1315 1087 1357 spectant.
1117 1309 1166 1344 In
1191 1307 1252 1344 his
1276 1316 1334 1344 est
1361 1307 1596 1346 Plutarchus

95 1374 249 1424 aliquot
265 1373 386 1419 locis;
407 1373 589 1422 inprimis
606 1374 650 1409 in
675 1372 813 1410 libello
840 1372 888 1409 de
916 1386 999 1410 sera
1020 1387 1129 1412 num.
1150 1375 1262 1413 vind.
1290 1383 1386 1412 tom.
1414 1377 1476 1422 11,
1498 1376 1595 1421 564,

96 1442 169 1478 nbi
188 1441 422 1491 Thespesius
449 1440 588 1490 aliquis
609 1440 800 1487 Solensis,
818 1442 888 1491 qui
906 1442 986 1488 jam
1007 1450 1190 1479 mortuus
1206 1443 1249 1479 in
1267 1444 1389 1478 vitam
1407 1441 1595 1487 redierat,

97 1511 249 1547 somnia
266 1509 442 1546 fabulose
470 1516 633 1545 narrat:
662 1507 711 1544 ad
738 1521 856 1558 quem
877 1509 1012 1546 locum
1042 1510 1235 1547 seriorum
1262 1508 1594 1561 philosophorum

98 1585 318 1616 commenta
340 1575 458 1614 docte
479 1576 665 1626 exposuit
686 1575 973 1626 Wytteubach.
