1767 3054
691 60 843 98 LIBER
875 60 946 97 VI.
1490 73 1505 98 ι
1516 62 1536 99 5
1546 62 1567 97 5

71 133 294 179 Vendidit
317 132 395 177 hic
417 145 536 176 auro
558 129 780 190 patriam,
804 129 1144 191 dominumque
1164 144 1402 192 potentem

71 209 324 272 Imposuit;
351 206 452 251 fixit
474 207 598 267 leges
624 206 778 265 pretio
804 217 946 267 atque
968 206 1136 252 refixit.

69 283 160 329 Hic
186 281 438 329 thalamum
462 279 632 325 invasit
657 288 777 324 natae
800 281 1064 339 vetitosque
1091 280 1358 342 hymenaeos
1381 303 1389 327 :

69 356 186 404 Ausi
209 370 370 401 omnes
389 354 591 399 immane
614 354 768 410 nefas,
793 368 1003 414 ausoque
1025 355 1178 416 potiti.

68 435 202 488 Non,
227 429 343 476 mihi
367 429 406 476 si
431 429 601 492 linguae
627 439 816 474 centum
840 428 956 484 sint,
981 444 1160 490 oraque
1185 442 1397 490 centum,
1503 445 1566 475 625

67 510 241 553 Ferrea
263 520 359 553 vox
373 539 386 563 ‚
408 504 560 550 omnis
582 503 813 550 scelerum
831 502 1174 566 comprendere
1198 505 1372 553 formas
1386 541 1400 564 ,

65 694 287 738 portunum
328 694 367 723 et
403 686 545 723 inutile
583 685 782 722 monitum

66 743 289 795 putandum
305 744 383 781 hoc
402 746 506 781 inter
523 757 589 781 cos
604 772 613 789 ‚
633 743 782 793 quibus

68 802 204 840 nullus
223 803 467 852 poenitenuae
486 803 598 840 locus
615 810 684 839 est.
699 804 782 839 Poe-

67 873 130 897 nae
148 862 254 898 enim
274 860 366 898 loco
390 860 529 897 haberi
547 868 675 910 potest
697 859 782 897 haec

65 919 151 968 ipsa
168 917 398 960 admonitio.
410 932 448 955 v,
463 919 610 956 Jortin.
626 931 664 968 p.
683 918 778 956 288.

68 977 254 1013 Ceterum
288 976 354 1013 hic
389 989 525 1013 versus
556 989 639 1012 non
677 977 781 1012 inter

68 1033 281 1071 rhetoricas
290 1032 436 1085 figuras
446 1043 527 1070 erat
539 1032 778 1080 referendus,

65 1092 212 1142 quibus
240 1105 331 1128 sane
359 1092 435 1128 hoc
465 1090 552 1128 fieri
576 1090 776 1137 videmus,

65 1157 111 1186 ut
138 1151 194 1195 is,
235 1151 350 1197 cujus
385 1149 593 1199 exemplo,
625 1162 718 1186 casu
741 1158 779 1186 et

64 1219 180 1256 potua
195 1236 205 1254 ,
226 1206 484 1244 admonemur
497 1236 507 1254 ‚
530 1208 697 1258 loquens
715 1208 776 1243 in-

64 1263 231 1302 ducatur
260 1264 469 1315 (exempla
499 1280 536 1303 v.
562 1264 668 1316 apud
686 1265 777 1301 Val-

64 1321 271 1360 kenarium
300 1327 427 1361 Oratt.
449 1336 488 1373 p.
514 1323 646 1373 327);
682 1322 772 1360 alie-

65 1392 162 1416 num
180 1381 257 1418 hoc
278 1394 298 1418 a
325 1389 440 1430 poeta
455 1408 464 1426 ,
484 1383 554 1431 qui
584 1394 633 1418 ex
664 1378 772 1433 ἐναιρ-

62 1434 172 1491 γείας
194 1439 360 1489 poeticae
378 1439 463 1490 lege¹
476 1468 485 1486 ‚
511 1447 550 1476 et
565 1452 615 1475 ex
633 1451 773 1488 perpe-

60 1502 131 1532 tuo
151 1509 226 1533 usu
249 1510 338 1543 eos,
367 1495 415 1533 de
445 1496 592 1547 quibus
618 1505 771 1544 narrat,

60 1563 224 1604 agentes
258 1564 299 1592 et
335 1554 539 1605 loquentes
587 1553 773 1592 exhibere

60 1619 238 1659 tenetur,
270 1626 351 1649 non
372 1626 468 1651 vero
496 1613 597 1663 quid
623 1614 775 1664 egerint

60 1676 127 1705 aut
145 1668 342 1717 dixerint,
377 1684 544 1708 narmre
567 1680 605 1708 et
619 1700 630 1718 ‚
660 1684 702 1708 re
721 1673 773 1708 ita

59 1726 221 1775 serente,
233 1742 305 1779 per
317 1727 485 1779 figuram
496 1729 704 1780 loquentes
716 1731 775 1766 in—

60 1783 202 1822 ducere
231 1794 373 1836 potest.
400 1786 537 1833 Venbo
554 1799 564 1825 :
584 1801 674 1824 vere
702 1801 772 1824 ex-

61 1842 226 1880 clamare
254 1843 454 1892 putandus
484 1853 542 1882 est
568 1844 771 1896 Phlegyas.

61 1902 207 1936 Versus
240 1901 318 1937 621
341 1928 352 1946 ‚
385 1902 467 1937 622
499 1915 549 1937 ex
575 1904 618 1939 L.
650 1904 772 1939 Vario

61 1969 173 2006 pfene
209 1959 385 2006 integros
428 1958 627 1994 traductos
666 1973 770 2004 esse,

60 2014 240 2052 Macrob.
271 2016 354 2059 VI,
400 2026 415 2050 1
451 2023 644 2051 testatur:
668 2017 771 2052 Ven-

61 2072 162 2109 didit
182 2071 246 2109 hic
271 2071 422 2108 Latium
434 2071 617 2122 populis,
639 2085 774 2123 agros·

60 2143 136 2180 que
161 2129 355 2179 Quiritum
390 2130 569 2180 Eripuit,
592 2129 698 2183 fi-cl'c
714 2131 770 2168 le·

55 2201 128 2238 ges
152 2186 284 2237 pretio
317 2196 438 2238 atque
472 2187 617 2239 refixit.
649 2189 769 2238 Quod

58 2244 200 2293 adjecit
220 2257 230 2282 :
254 2243 538 2296 dominumque
561 2254 768 2295 potentem

56 2304 195 2354 patriae
230 2303 443 2353 Imposuit,
487 2317 533 2340 eo
573 2305 768 2354 pertinet,

57 2361 167 2410 quod
205 2369 421 2411 t5rannum
455 2361 589 2398 liberae
621 2362 770 2400 civitati

59 2419 235 2456 induxit.
275 2422 483 2456 Potentem
516 2427 665 2457 ornate.
695 2422 769 2457 Le-

55 2489 128 2529 ges
129 2476 234 2530 fixit
242 2477 374 2527 pretio
391 2486 602 2528 corruptus
616 2506 626 2523 ‚
649 2487 770 2528 atque

59 2533 214 2588 reficit,
233 2542 339 2572 recte
353 2537 531 2581 Servius,
559 2535 653 2586 qnia
675 2535 770 2573 inci-

59 2604 116 2629 soe
138 2591 178 2628 in
195 2592 311 2630 aereis
332 2593 475 2631 tabulis
502 2593 605 2645 leges
639 2593 770 2646 affige-

60 2647 206 2687 bantur
237 2651 468 2701 parietibus.
498 2653 635 2690 Minus
668 2652 769 2689 bene

62 2705 188 2745 cerda
217 2716 256 2747 et
283 2709 372 2758 alii,
404 2723 508 2757 esse,
540 2711 584 2748 in
603 2723 653 2749 aes
671 2711 768 2748 inci-

848 683 953 723 dere.
985 683 1109 723 Iidem
1135 684 1237 722 bene
1253 684 1417 724 laudant
1438 687 1562 739 legem

847 742 1057 790 Venuleii‚
1085 756 1175 794 quae
1200 753 1258 781 est
1280 744 1308 781 l.
1332 746 1354 782 8
1380 746 1430 782 D.
1452 746 1499 782 ad
1520 750 1561 784 L.

848 801 996 839 Juliam
1028 801 1351 852 peculatuszqui
1381 803 1562 841 tabulam

848 872 996 896 ceream
1015 859 1364 912 legis—refixerit,
1385 862 1449 899 vel
1465 861 1564 912 quid

847 916 940 954 inde
981 919 1274 964 immutaverit,
1319 921 1419 969 Lege
1453 921 1479 957 J
1484 920 1562 957 ulia

846 975 1053 1025 peculatus
1071 984 1242 1014 tenetur.
1256 978 1445 1027 Sequitur
1463 977 1488 1028 §
1515 991 1531 1014 1
1551 991 1561 1016 :

846 1033 1004 1070 Eadem
1035 1033 1123 1085 lege
1153 1042 1330 1078 tenetur,
1366 1034 1436 1086 qui
1464 1035 1565 1086 quid

846 1090 887 1127 in
910 1090 1055 1128 tabulis
1079 1090 1246 1141 publicis
1278 1091 1469 1130 deleverit
1497 1093 1561 1131 vel

845 1148 1073 1195 induxerit3
1105 1149 1215 1199 quod
1239 1149 1337 1187 adeo
1358 1150 1558 1188 diversum

845 1207 894 1244 ab
911 1207 980 1245 illo
999 1220 1081 1244 esse
1101 1220 1258 1245 necesse
1288 1217 1359 1247 est.
1381 1209 1561 1247 Laudant

845 1278 1005 1316 quoque
1026 1267 1265 1315 Interpretes
1282 1267 1485 1304 Ciceronis
1500 1267 1558 1305 lo-

844 1335 959 1369 cum,
991 1324 1061 1373 qui
1102 1331 1160 1360 est
1194 1323 1368 1375 Philipp.
1392 1327 1497 1372 XII,
1533 1328 1555 1364 5

841 1379 891 1417 ad
913 1380 940 1419 f.
962 1381 1148 1419 Ceterum
1173 1382 1302 1418 inanis
1332 1391 1389 1419 est
1418 1395 1558 1421 eorum

841 1451 982 1489 opera,
1020 1439 1090 1489 qui
1127 1447 1216 1489 post
1252 1442 1433 1477 Servium
1474 1440 1558 1479 haee

841 1499 973 1534 omnia
990 1496 1038 1533 ad
1062 1505 1189 1534 certos
1211 1497 1393 1536 homines
1417 1511 1468 1536 ex
1487 1512 1555 1537 an-

840 1556 1022 1606 tjquitate
1046 1554 1190 1592 referre
1210 1556 1438 1594 voluerunt.
1458 1559 1488 1595 F
1491 1570 1556 1595 or-

840 1620 879 1650 te
900 1614 1074 1664 sagacior
1092 1613 1234 1664 aliquis
1250 1615 1416 1652 miretur
1434 1615 1555 1653 liber-

841 1678 961 1708 tatem
977 1672 1056 1709 oris
1075 1672 1118 1707 in
1145 1680 1261 1722 poeta
1274 1700 1285 1718 ‚
1313 1674 1347 1709 si
1372 1675 1554 1725 Augusto

840 1741 974 1766 coram
1001 1730 1102 1767 lecta
1129 1729 1214 1766 haec
1249 1739 1407 1780 reputet
1424 1743 1434 1769 ε
1454 1744 1555 1768 ven-

839 1786 943 1824 didit
973 1787 1037 1824 hic
1076 1800 1174 1823 auro
1204 1788 1386 1837 patriam
1426 1789 1553 1826 domi-

839 1856 1017 1894 numque
1034 1852 1238 1894 potentem
1259 1846 1446 1896 imposuit
1464 1861 1479 1884 .·
1501 1857 1553 1884 ta·

838 1900 936 1938 lium
967 1904 1073 1939 enim
1101 1902 1310 1939 homiuum
1327 1917 1446 1953 opera
1466 1906 1552 1942 Au-

838 1967 975 2006 gustus
1003 1971 1164 2008 quoque
1194 1972 1332 2011 magna
1361 1974 1412 1998 ex
1443 1970 1554 2012 parte

838 2027 972 2051 rerum
991 2024 1133 2065 potens
1153 2016 1276 2053 factus
1295 2026 1377 2054 erat
1391 2031 1400 2056 :
1414 2032 1553 2056 verum

838 2072 1046 2123 Augustus
1062 2074 1247 2123 princeps
1263 2076 1360 2126 reip.
1381 2076 1552 2115 habeba·

838 2137 904 2165 tur
917 2158 927 2175 ‚
957 2143 1040 2168 non
1060 2130 1260 2170 dominus.

895 2188 978 2225 625
998 2202 1082 2239 sqq.
1103 2190 1165 2226 Ex
1177 2189 1288 2228 Iliad.
1307 2189 1357 2239 β,
1381 2192 1461 2236 488
1483 2207 1552 2232 no-

835 2245 984 2283 tissimo
1018 2247 1123 2285 loco.
1165 2248 1269 2286 conf.
1310 2250 1455 2302 Georg.
1489 2254 1528 2289 11
1541 2282 1551 2299 ‚

842 2304 914 2340 103
938 2317 996 2354 sq.
1015 2305 1216 2343 Praeivisse
1234 2308 1395 2346 Maroni
1412 2310 1454 2346 in
1469 2323 1554 2347 ver-

836 2359 897 2397 bis
929 2364 1113 2400 Hostium
1143 2372 1300 2414 poetam
1331 2367 1375 2403 in
1406 2367 1477 2406 lib.
1512 2370 1553 2405 11

836 2417 931 2456 belli
949 2421 1136 2468 Histrici,
1153 2421 1338 2461 observat
1369 2425 1551 2464 Macrob.

836 2478 916 2524 VI,
939 2479 977 2524 3,
1004 2492 1044 2529 p.
1069 2479 1147 2529 591
1180 2494 1283 2527 non,
1303 2481 1338 2518 .ςί
1364 2482 1461 2519 ιηιἹιί
1478 2483 1553 2520 lin-

832 2547 924 2585 guoe
943 2537 1106 2575 Centum
1120 2547 1241 2589 atque
1259 2553 1332 2577 ora
1348 2539 1450 2577 siene
1466 2541 1551 2578 toci-

835 2592 924 2630 dem
935 2607 1134 2646 vocesque
1146 2596 1322 2647 liquatoe.
1336 2619 1393 2626 —-
1405 2600 1551 2636 Ferrea

834 2663 945 2700 vox,
974 2653 1082 2691 nulla
1110 2654 1291 2694 clamoris
1327 2658 1548 2694 intentione

836 2708 957 2750 fracta
974 2722 985 2749 :
1005 2708 1171 2765 ἀτειρὴς.
