1767 3054
694 123 845 161 LIBER
878 122 946 160 VI.

1496 141 1568 164 101

73 200 138 244 l't
165 197 369 260 primum
389 195 526 242 cessit
551 194 711 259 furor⁸
731 203 778 238 et
803 192 969 239 rabida
995 207 1079 238 ora
1101 194 1347 255 quierunt,

74 275 246 338 Incipit
265 276 433 320 AEneas
459 271 600 317 heros
624 288 634 315 ε
661 291 680 310 «
705 271 813 315 Non
842 269 934 315 ulla
958 268 1199 328 laborum,

74 353 117 396 O
145 350 300 412 virgo,
323 363 448 393 nova
471 346 535 392 mi
557 344 698 391 facies
725 345 981 409 inopinave
1006 346 1171 408 surgit.

73 425 247 471 Omnia
267 423 496 486 praecepi,
518 433 660 482 atquo
686 422 843 464 animo
868 438 1053 467 mecum
1076 433 1183 468 ante
1204 423 1380 485 peregi.
1523 436 1577 464 ,οε

71 503 233 547 Unum
256 515 365 557 oro3
388 496 580 560 quando
601 494 680 540 hic
706 494 879 540 inferni
897 495 1043 557 janua
1061 497 1186 558 regis

70 576 283 633 Dicitur,
307 584 353 619 et
378 571 630 619 tenebrosa
654 570 788 632 palus
815 570 1087 617 Acheronte
1113 573 1272 620 refuso
1295 591 1305 615 ε

71 653 148 695 Ire
173 648 232 695 ad
256 657 560 710 conspectum
580 646 678 692 cari
703 645 929 709 genitoris
955 657 1002 692 et
1022 663 1106 692 ora

71 805 184 851 loca,
209 817 299 856 quae
330 806 568 854 Interpretes
599 802 787 848 laudant,

72 876 180 900 nnus
211 871 268 900 est
295 860 609 899 accommadatus
630 863 788 912 Euripi-

66 920 135 957 dis
156 920 313 971 (lphig.
327 923 369 958 in
389 922 509 958 Taur.
525 919 638 979 93¹5)
658 919 706 956 de
725 920 788 956 fu-

74 980 143 1014 riis
161 990 170 1016 :
191 976 404 1031 ἧλάστρουν
432 973 536 1023 θεαὶ,
556 980 647 1015 Ωστ’
676 975 791 1030 αἱμα.-

73 1048 173 1089 ττιρα
190 1033 315 1088 στόμι’
342 1031 576 1089 &uncant-2
603 1032 700 1088 ἐμοί.

139 1102 232 1139 104.
247 1095 361 1131 Nova
383 1093 512 1146 nous.
534 1095 630 1131 Exc.
652 1095 788 1136 Burm.

75 1150 176 1188 mihi
194 1155 309 1190 Rom.
326 1181 336 1198 ‚
361 1152 426 1189 hic
446 1161 483 1189 et
505 1152 612 1189 alibi.
634 1152 792 1190 Scilicet

75 1208 215 1246 eodem
234 1223 294 1247 res
310 1209 431 1256 redit,
453 1211 484 1246 si
501 1209 672 1261 syllabas
695 1222 789 1247 cou-

76 1275 218 1304 tractas
234 1269 428 1318 scriptura
446 1281 607 1318 quoque
620 1296 630 1314 ‚
645 1281 695 1304 an
708 1276 793 1304 tan-

76 1333 162 1362 tum
192 1327 519 1375 pronuntiatione
534 1354 544 1371 ,
572 1325 699 1363 tollas.
718 1324 793 1363 Sed

75 1385 295 1420 constantia
323 1384 366 1419 in
395 1382 458 1419 his
493 1383 684 1420 servanda
722 1391 791 1420 est.

74 1441 218 1492 Surget
235 1439 605 1479 much—Facies
632 1448 689 1477 est
711 1453 794 1490 spe-

77 1499 155 1535 cies
168 1526 179 1545 ,
207 1511 332 1549 genus
347 1512 358 1545 ;
389 1498 515 1550 surgit
526 1514 540 1543 ;
574 1499 790 1549 exquisite,

74 1556 228 1601 evenit,
256 1558 444 1594 occurrit.
477 1557 635 1594 Scilicet
659 1555 792 1591 audie-

75 1622 136 1650 rat
154 1615 296 1651 AEneas
307 1615 440 1651 omnia
458 1627 479 1651 a
498 1622 610 1666 patre
626 1614 680 1659 V,
697 1626 715 1659 7
728 1613 790 1657 30,

78 1672 182 1718 7313
200 1679 239 1708 et
254 1672 409 1709 Heleno
429 1674 508 1719 ΙΙΙ,
533 1671 792 1715 458.-105.

75 1728 245 1778 Percepi
278 1729 395 1766 multi
435 1730 572 1780 scripti
603 1737 642 1766 et
683 1727 791 1766 editi.

76 1785 152 1824 Sed
162 1787 340 1838 proecept'
353 1789 471 1826 Rom.
496 1787 644 1825 Medic.
666 1795 705 1824 et
727 1787 795 1824 alii

77 1844 313 1881 vetustiores
346 1858 438 1882 cum
466 1847 623 1884 Servio.
647 1847 698 1883 Et
715 1844 794 1882 hoc

79 1899 288 1939 eruditius.
302 1922 360 1929 —-
372 1902 564 1953 Proecepi.
582 1904 676 1940 Non
694 1903 794 1939 male

81 1958 212 1996 AEsch.
227 1968 480 2009 comparatur
496 1959 694 1997 Prometh.
716 1973 764 1997 xo
775 1973 790 1996 1

81 2037 138 2044 —
153 2017 244 2053 103.
271 2016 417 2068 Peregi
437 2030 510 2068 pro
531 2017 683 2068 vulgari
697 2045 707 2063 ‚
729 2030 796 2054 ex-

80 2075 165 2126 egi,
186 2074 394 2125 perpendi.

147 2132 384 2182 106—109.
409 2135 548 2169 lanua
574 2132 677 2183 regis
696 2132 736 2171 h.
757 2147 790 2171 e.

81 2190 216 2241 palatii
231 2190 295 2227 vel
306 2192 415 2242 regni
433 2190 575 2228 aditus,
598 2191 793 2228 Tenebra-

79 2262 125 2285 sa
131 2248 254 2299 palus
266 2247 493 2286 Acheronte
504 2246 645 2299 refuso.
658 2252 793 2300 Quum

80 2306 351 2345 Acherontem
375 2320 472 2344 mox
486 2308 528 2343 in
547 2307 681 2343 inseris
699 2307 795 2345 locis

81 2366 182 2416 poni
201 2377 224 2402 a
238 2373 354 2416 poeta
367 2365 568 2402 videamus
581 2393 592 2411 ,
613 2366 770 2403 Servius
785 2394 793 2410 ,

81 2431 121 2460 et
153 2435 209 2460 ex
241 2435 288 2460 eo
326 2424 570 2474 Pomponius
583 2451 592 2469 ,
618 2436 796 2474 pronun-

82 2481 211 2519 tiant:
233 2483 432 2518 Avernum
445 2479 661 2533 signficat,
678 2494 795 2531 quem

81 2537 175 2575 vult
188 2538 305 2575 nasci
320 2539 370 2576 de
391 2537 629 2576 Acherontis
654 2548 796 2576 aestua-

82 2594 151 2632 riis
168 2608 183 2632 .·
205 2604 253 2634 ut
278 2598 463 2634 Avernus
482 2596 580 2634 adeo
598 2598 649 2635 sit
664 2596 795 2634 Ache-

83 2654 209 2691 rontis
242 2655 499 2693 emissarium.
538 2656 630 2693 Fuit
658 2663 794 2692 tamen

84 2709 128 2746 in
145 2709 207 2748 his
223 2713 318 2763 ipsis
335 2713 434 2751 locis
454 2713 504 2750 ad
521 2713 665 2751 Cumas
675 2714 796 2763 palus

86 2765 330 2819 Acherusia,
368 2771 418 2809 ad
457 2784 577 2823 quam
602 2771 794 2823 Virgilius

857 805 1051 854 respicere
1084 803 1224 842 debuit
1250 817 1259 842 :
1284 805 1489 844 tenebrosa
1507 821 1579 858 pa-

858 862 918 898 Ius
936 861 1163 899 Acheronte
1190 862 1320 914 refuso
1342 878 1354 900 :
1379 867 1451 902 etsi
1471 868 1513 903 in
1531 881 1574 904 ea

857 919 1098 970 designanda
1140 934 1235 958 usus
1266 922 1370 959 forte
1409 932 1466 960 est
1504 925 1551 962 iis
1566 954 1576 970 ‚

858 992 947 1029 quae
965 979 1013 1016 de
1032 979 1262 1017 Acheronte
1281 981 1323 1016 'm
1339 982 1474 1017 inferis
1488 995 1581 1019 nar-

859 1038 936 1073 rari
959 1037 1111 1083 solent;
1136 1039 1202 1074 cui
1233 1047 1350 1074 aestus
1384 1039 1576 1077 tribuitur

859 1095 931 1132 inf.
954 1108 991 1132 v.
1015 1096 1119 1145 296,
1144 1108 1220 1145 297
1253 1097 1307 1133 ita
1335 1105 1379 1133 ut
1403 1111 1453 1134 ex
1471 1098 1575 1135 infe·

860 1154 913 1189 ris
948 1154 1126 1202 partibus
1162 1154 1358 1201 exundet,
1379 1169 1577 1206 supraque

860 1213 1020 1248 crateris
1055 1225 1123 1248 sua
1151 1212 1261 1250 labra
1279 1213 1472 1250 exuberet
1491 1214 1580 1265 (re-

858 1268 943 1304 fusa
970 1270 1048 1318 sit)
1078 1282 1200 1319 aqua3
1239 1270 1408 1308 ductum
1447 1271 1489 1308 id
1528 1286 1579 1310 ex

860 1326 1045 1373 Platone,
1084 1328 1127 1364 in
1157 1328 1272 1375 cujus
1311 1328 1509 1366 I'baedone
1538 1345 1580 1380 p.

866 1396 943 1420 112
977 1385 1020 1422 B.
1057 1385 1191 1434 steph.
1225 1388 1414 1423 Tartarus
1446 1400 1582 1425 omnes

860 1455 994 1478 amnes
1023 1444 1188 1493 recipit,
1209 1456 1311 1493 aqua
1332 1453 1465 1482 autem
1490 1443 1583 1483 αἰω-

861 1498 983 1550 ρεῖται
1019 1496 1069 1539 δὴ
1099 1497 1167 1535 καὶ
1191 1499 1370 1552 κυμαίνει
1398 1500 1477 1539 ἅνω
1503 1513 1580 1542 etc.

859 1558 918 1592 Ita
946 1558 1089 1605 passim
1120 1565 1260 1606 poetae.
1288 1559 1412 1609 Apud
1446 1561 1580 1600 valer.

861 1613 919 1650 ΓΙ.
949 1616 1030 1660 IV,
1064 1615 1146 1664 594
1177 1614 1267 1653 Illic
1293 1615 1431 1666 (juxta
1459 1620 1581 1657 Hera-

862 1671 985 1708 cleam
1002 1672 1280 1724 Paphlagoniae
1294 1674 1309 1725 )
1329 1675 1578 1714 Acheron—

859 1739 1059 1780 vastoque
1074 1731 1260 1769 exundat
1269 1731 1381 1769 hiatu
1393 1736 1586 1783 Famem,-

861 1796 899 1824 et
933 1787 982 1825 de
1020 1788 1159 1826 eodem
1187 1790 1378 1840 Apollon.
1405 1795 1470 1840 11,
1499 1802 1578 1842 747

861 1842 970 1886 κοίλη
1011 1841 1055 1883 δὲ
1100 1844 1261 1901 φάραγξ
1304 1847 1475 1904 κατάγει
1518 1867 1580 1905 μιν

863 1899 1018 1942 ἄνωθεν.
1052 1905 1141 1954 Ipse
1175 1907 1282 1942 enim
1317 1907 1508 1945 Acheron
1538 1912 1582 1947 in

860 1962 950 1998 imis
970 1969 1084 1998 terrae
1104 1961 1303 1999 radicibus
1323 1975 1333 2000 ε
1355 1962 1524 2003 xuni-esav
1539 1963 1577 2004 δ’

863 2009 1057 2071 Ᾰχὲρονθ’,
1076 2017 1113 2062 ὃς
1132 2018 1212 2069 ἔχει
1228 2018 1429 2073 ῥιζώματα
1441 2021 1556 2078 γαίης
1569 2054 1579 2072 ,

863 2076 990 2126 Orph.
1009 2079 1160 2128 Hymn.
1182 2080 1326 2125 XVII,
1353 2093 1416 2118 10.
1437 2084 1498 2119 De
1517 2083 1579 2121 his

862 2135 957 2184 ipsis
988 2144 1119 2172 autem
1146 2136 1244 2173 locis
1272 2137 1426 2188 Ulyssis
1468 2139 1578 2179 aditu

861 2191 1066 2230 celebratis
1090 2206 1206 2244 agens
1223 2196 1401 2246 Lycoph.
1426 2211 1464 2236 v.
1494 2199 1578 2250 695

861 2245 942 2287 zzi’
977 2249 1178 2303 χερουσίαν
1215 2242 1412 2303 ῥὸεχθῦισι
1438 2255 1578 2311 κυμαί-

861 2320 997 2346 νουσσιν
1012 2305 1195 2362 οἴδματος
1207 2308 1314 2360 χύσιν
1326 2339 1335 2357 ,
1355 2321 1393 2349 et
1405 2315 1576 2354 eundem

862 2367 905 2403 in
942 2379 1100 2405 sensum
1129 2368 1247 2407 Silius
1276 2380 1455 2408 eructare
1475 2373 1579 2412 dixit

863 2425 905 2461 in
923 2423 1013 2463 loco
1041 2439 1091 2464 ex
1109 2428 1277 2464 Marone
1306 2442 1492 2480 expresso
1513 2434 1551 2471 X
1565 2461 1576 2479 ‚

865 2483 947 2527 425
978 2497 1113 2534 specus
1131 2507 1189 2513 —
1208 2495 1362 2524 eructat
1388 2489 1579 2528 acerbam

866 2540 1005 2590 Cocyti
1019 2542 1118 2579 laxo
1147 2542 1346 2593 suspirans
1371 2558 1439 2583 ore
1452 2548 1574 2598 palu·

863 2597 967 2636 dem.
986 2601 1054 2637 Est
1070 2601 1201 2652 itaque
1222 2601 1408 2653 refusum,
1428 2606 1462 2642 si
1483 2618 1578 2656 poe-

864 2664 903 2693 ta
928 2665 1062 2695 noster
1083 2659 1132 2696 ad
1159 2667 1299 2697 aestum
1327 2660 1442 2698 illum
1465 2662 1577 2701 ebul-

861 2713 993 2752 lientis
1009 2729 1118 2768 aquae
1135 2719 1309 2768 respexit
1321 2747 1332 2766 ,
1353 2720 1488 2770 paullo
1506 2720 1577 2757 ali-

862 2781 922 2810 ter
958 2772 1111 2813 dictum
1142 2784 1258 2826 atque
1292 2789 1343 2814 ex
1372 2779 1575 2815 communi

1357 2853 1376 2869 ἡ

1322 2871 1351 2914 9
