1767 3054
151 138 232 181 246

779 127 1022 165 AENEIDOS

150 213 446 255 Conmovere
471 219 632 259 canes,
656 199 804 246 fluvio
830 215 979 262 quum
1003 200 1126 245 forte
1147 197 1356 244 secundo

152 283 422 337 Deflueret‚
442 280 641 342 ripaque
667 288 805 323 aestus
823 274 1060 320 viridante
1083 274 1279 320 levaret.
1596 282 1656 321 493

153 362 263 420 Ipse
289 356 452 412 etiam,
478 353 663 399 eximiae
687 350 838 396 laudis
863 366 1114 397 succensus
1138 365 1321 407 amore,

156 431 384 479 Ascanius
410 443 558 475 curvo
585 425 760 472 direxit
783 425 963 487 spicula
987 440 1167 470 cornu:

154 509 254 556 Nec
279 507 456 552 dextrae
481 502 659 549 erranti
683 501 798 546 deus
825 499 1002 557 abfuit,
1027 511 1225 561 actaque
1246 499 1395 545 multo

147 586 338 642 ‘Perque
364 590 551 624 uterum
576 576 734 623 sonitu
756 590 936 637 perque
959 574 1040 620 ilia
1063 575 1193 620 venit
1215 574 1413 620 arundo.

159 657 357 704 Saucius
380 665 427 700 at
447 654 718 716 quadrupes
737 661 851 697 nota
869 649 994 696 intra
1019 660 1142 695 tecta
1165 650 1362 712 refugit,
1598 657 1658 686 bno

158 731 489 792 Successitquc
514 745 702 792 gemens
730 726 949 785 stabulis,
971 738 1236 789 questuque
1260 737 1482 772 cruentus

158 814 315 870 Atque
338 805 596 869 inploranti
618 803 781 849 similis
805 813 984 850 tectum
1007 818 1145 848 omne
1170 801 1399 864 replebat.

159 884 308 932 Silvia
332 882 486 943 prima
509 895 669 936 soror,
693 879 863 941 palmis
889 895 1114 941 percussa
1135 879 1358 935 lacertos,

158 956 404 1003 Auxilium
424 965 586 1012 vocat,
609 965 655 1000 et
676 953 821 1001 duros
842 955 1104 1001 conclamat
1125 955 1336 1017 agrestis.

160 1033 279 1090 Olli,
302 1031 446 1094 pestis
468 1031 594 1076 enim
618 1030 772 1077 tacitis
792 1031 906 1078 latet
931 1047 1098 1094 aspera
1120 1031 1272 1088 silvis,
1606 1035 1664 1064 505

158 1108 402 1170 Inprovisi
427 1107 596 1153 adsunt
619 1126 628 1152 :
649 1106 728 1152 hic
752 1118 882 1153 torre
907 1119 1114 1154 armatus
1134 1105 1328 1163 obust0‚

161 1182 347 1244 stipitis
371 1181 450 1226 hic
470 1180 655 1243 gravidi
679 1181 840 1241 uodis;
866 1182 997 1244 quod
1020 1183 1193 1244 cuique
1216 1191 1460 1244 repertum

159 1255 393 1312 Rimanti,
421 1256 566 1301 telum
585 1256 658 1302 ira
681 1257 794 1303 facit
818 1276 828 1303 :
853 1270 994 1304 vocat
1018 1258 1204 1320 agmina
1225 1255 1493 1318 Tyrrheus,

163 1329 493 1388 Quadrifidam
520 1348 752 1392 quercum
777 1333 938 1379 cuneis
962 1344 1015 1378 ut
1040 1334 1164 1379 forte
1185 1332 1360 1378 coactis

163 1406 443 1464 Scindebat‚
466 1418 603 1469 rapta
623 1409 806 1470 spirans
830 1410 1018 1455 inmane
1042 1410 1211 1456 securi.
1612 1414 1670 1442 ⁵³⁰

225 1486 288 1528 At
312 1499 436 1527 saeva
456 1499 481 1528 e
507 1484 709 1545 speculis
737 1495 922 1546 tempus
947 1485 1035 1531 dea
1056 1496 1194 1530 nacta
1216 1482 1418 1529 nocendi

161 1555 327 1602 Ardua
351 1567 475 1601 tecta
499 1557 618 1617 petit
643 1556 841 1615 stabuli;
867 1570 914 1604 et
937 1559 996 1604 de
1022 1559 1226 1604 eulmine
1250 1571 1434 1603 summo

161 1631 402 1678 Pastorale
429 1631 555 1677 canit
583 1632 793 1694 signum,
819 1648 1064 1695 cornuque
1090 1649 1292 1679 recurvo

160 1809 392 1845 moverunt,
435 1801 675 1836 excitarunt.
704 1821 763 1827 —-
785 1801 882 1849 498.

158 1859 313 1898 Turbas
347 1857 498 1894 faciunt
531 1858 576 1894 in.
611 1857 776 1894 erranti.
807 1860 886 1896 Res

161 1916 343 1967 expedita
388 1917 463 1952 erit
483 1944 492 1961 ‚
541 1917 574 1951 si
620 1917 768 1965 cogites
823 1915 884 1951 in-

160 1988 276 2011 verso
321 1987 439 2010 sensu
490 1972 644 2009 dictum
680 1983 690 2009 :
736 1972 888 2009 erranti

160 2033 257 2071 deus
294 2029 423 2083 abjicit
451 2043 465 2065 .·
501 2032 555 2067 ita
594 2038 640 2066 ut
674 2029 886 2068 aberraret.

160 2092 279 2129 Nunc
314 2089 566 2140 negationem
600 2087 784 2126 addidit:
816 2102 889 2125 nec

163 2148 257 2185 deus
273 2145 424 2198 abfuit,
449 2147 575 2183 adfuit
587 2145 747 2183 fortuna
760 2173 770 2192 ‚
789 2146 889 2182 dex-

162 2215 234 2243 trce
253 2204 406 2243 ermari
416 2233 428 2249 ,
449 2205 504 2241 sic
522 2212 568 2240 ut
579 2216 624 2240 ea
638 2216 726 2241 non
737 2203 891 2241 aberra-

165 2273 237 2301 ret.
258 2268 313 2301 At
332 2265 491 2302 Servius
510 2261 560 2299 ad
579 2262 724 2300 Alecto
743 2262 889 2308 refert3

167 2330 212 2357 ut
229 2323 277 2358 sit
300 2319 324 2361 τ’,
345 2318 438 2364 6253.
468 2323 576 2359 Acta
597 2319 715 2356 venit
731 2320 890 2371 plenius

166 2391 240 2428 pro
280 2378 412 2416 adacta
456 2389 526 2416 est.
554 2399 613 2406 --
644 2379 740 2416 500.
778 2379 890 2415 Nota

168 2445 296 2482 tecta,
328 2433 379 2472 τὰ
407 2434 517 2477 ἤθεα.
558 2439 606 2473 In
638 2437 890 2474 miseratione

170 2506 319 2538 cervae,
338 2493 504 2542 placida:
527 2507 572 2531 ac
595 2503 808 2531 mansuetae
832 2494 890 2531 fe-

170 2564 247 2598 rae,
279 2563 397 2587 versu
439 2553 519 2588 500
556 2559 594 2588 et
633 2552 891 2601 sequentibus

171 2607 345 2646 nobilem
376 2610 469 2646 artis
502 2611 748 2659 sagacitatem
780 2609 891 2647 adhi-

171 2667 259 2703 buit
280 2674 410 2716 poeta.

231 2725 327 2762 505.
352 2723 436 2761 Olli
461 2724 598 2761 Heius.
630 2738 721 2762 cum
753 2727 892 2764 melio-

170 2782 295 2822 ribus.
315 2782 419 2830 Alii,
441 2782 520 2820 Illi.
535 2783 758 2828 -Pesc1·s,·
783 2793 890 2822 recte

952 1805 1062 1840 Serv.
1082 1801 1226 1846 Furia;
1248 1800 1298 1837 cf.
1328 1812 1416 1850 sup.
1451 1800 1555 1847 476,
1576 1806 1672 1845 477.

952 1861 1062 1895 Latet
1081 1860 1188 1895 enim
1202 1858 1269 1894 illa
1283 1860 1328 1894 in
1350 1857 1450 1894 silva
1465 1856 1516 1894 ad
1533 1869 1672 1907 specu-

951 1915 1110 1954 landam
1118 1914 1292 1953 nocendi
1301 1916 1497 1952 rationem
1507 1923 1546 1952 et
1556 1916 1673 1960 viam3

953 1987 1084 2024 neque
1106 1974 1202 2010 inde
1227 1974 1305 2011 nisi
1322 1987 1361 2010 v.
1392 1973 1471 2010 511
1495 1972 1674 2010 discedit.

955 2034 1114 2070 Miceris
1137 2030 1303 2070 Cerdam
1319 2033 1427 2081 ipsos
1445 2040 1619 2082 agrestes
1633 2030 1674 2068 h.

954 2099 1130 2142 pastores
1148 2089 1198 2126 ad
1215 2088 1368 2127 bellum
1384 2087 1632 2126 'movendum
1655 2103 1675 2124 e

955 2149 1064 2186 silvis
1104 2156 1388 2185 concurrentes
1427 2148 1676 2197 interpretari

956 2206 1085 2244 malle.
1107 2208 1268 2244 Torrem
1280 2205 1456 2257 obustum
1466 2234 1479 2250 ,
1495 2205 1583 2254 quis
1593 2216 1676 2241 non

956 2265 1090 2302 videat
1119 2278 1202 2302 esse
1219 2263 1357 2301 sudem
1374 2270 1598 2314 praeustam.
1625 2264 1674 2299 cf.

956 2323 1029 2361 inf.
1062 2323 1144 2368 524
1158 2351 1169 2370 ,
1196 2331 1244 2359 ut
1264 2335 1362 2360 mox
1382 2321 1532 2371 stipites
1551 2318 1675 2356 nodo-

956 2393 1020 2418 sos
1053 2388 1260 2418 memorat.
1301 2380 1454 2417 Cuneos
1489 2386 1650 2415 coactos
1662 2406 1672 2421 ‚

956 2452 1031 2489 pro
1052 2439 1194 2476 adacto
1211 2449 1340 2475 cuneo
1358 2435 1478 2484 dixit„
1494 2454 1553 2463 ·—
1578 2435 1674 2472 510.

960 2496 1210 2534 Scindebanc
1234 2493 1380 2533 Medic.
1398 2500 1439 2529 et
1461 2491 1649 2531 scheffer.
1666 2522 1675 2539 ‚

958 2563 1004 2592 ut
1024 2554 1072 2590 ad
1090 2561 1256 2605 agrestes
1278 2550 1483 2588 referatur.

1020 2612 1116 2649 512.
1156 2608 1361 2647 Stabulum
1374 2636 1386 2656 ,
1409 2609 1578 2658 pastoris
1611 2615 1675 2645 tu—

958 2671 1139 2720 gurium,
1159 2675 1206 2705 ut
1221 2674 1260 2704 et
1281 2665 1457 2705 alibi.-
1471 2666 1568 2704 513.
1586 2666 1678 2703 Fuit

957 2727 1105 2765 scilicet
1125 2725 1252 2771 idem,
1281 2725 1350 2775 qui
1368 2737 1477 2762 nunc
1501 2725 1547 2761 in
1574 2723 1677 2775 agris

957 2793 1015 2822 est
1026 2813 1037 2831 ‚
1072 2797 1156 2822 mos
1174 2813 1185 2831 ,
1223 2783 1397 2820 buccina
1432 2779 1676 2820 convocandi
