1767 3054
239 168 320 218 398
823 165 1097 204 ExcURsth
1128 162 1168 202 11

238 233 621 280 Graeearumrerum
644 238 841 290 cognitio,
863 237 1017 288 partim
1049 240 1282 275 Graecorum
1302 236 1582 275 historicorum
1601 249 1732 276 exem·
1759 284 1767 289 „

237 309 351 359 plum
375 309 419 345 in
446 306 671 358 originibus
692 306 833 342 veteris
862 304 985 341 Italiae
1010 318 1031 341 e
1058 305 1211 342 Graecia
1230 303 1491 352 arcessendis,
1515 317 1736 354 eorumque

235 377 285 415 de
311 384 491 414 veterum
520 375 773 426 Pelasgorum
805 372 1085 410 communibus
1105 386 1195 410 cum
1214 374 1426 411 Ausonum
1455 373 1518 411 vel
1542 372 1732 423 Aborigi-

235 457 334 482 num
353 451 467 495 gente
490 441 650 480 sedibus
671 440 845 477 narratio
869 447 907 476 et
924 438 1141 490 disputatio
1155 468 1165 487 ,
1176 440 1331 490 partim
1360 441 1532 491 denique
1559 439 1732 478 animad-

233 524 345 550 versa
370 512 412 547 in
438 508 645 547 nonnullis
670 507 910 545 Graecanicae
939 506 1104 556 originis
1130 515 1169 544 et
1196 507 1343 558 linguae
1369 509 1554 560 vestigia,
1587 521 1634 546 eo
1663 507 1730 546 ad-

234 579 432 618 duxerant
458 577 629 623 multos,
657 583 703 613 nt
727 575 884 622 omnia,
913 587 1002 625 quae
1028 575 1072 611 in
1096 575 1326 625 antiquitate
1347 575 1469 613 Italiae
1493 576 1661 614 obscura
1690 585 1729 615 et

231 658 374 696 parum
403 644 606 695 explorata
633 651 785 689 essent,
814 641 865 679 ad
895 642 1056 679 Graecos
1082 641 1251 688 referre,
1271 655 1323 679 ex
1350 643 1498 680 Graecis
1527 644 1729 691 moribus,

230 711 420 750 institutis
433 739 444 759 ‚
476 720 518 749 et
537 710 798 761 opinionibus
815 710 1014 747 illustrare
1027 738 1038 756 ,
1061 717 1100 747 et
1120 723 1164 747 ea
1177 739 1187 757 ,
1209 722 1299 761 quae
1319 723 1340 747 a
1363 711 1513 748 Graecis
1539 711 1731 763 discrepa-

230 790 342 827 rent,
372 779 422 819 ad
445 792 586 818 eorum
607 778 729 815 verba
749 785 789 815 et
815 791 877 815 res
895 777 1196 815 accommodare
1216 777 1434 817 studerent.
1453 780 1523 817 Est
1548 793 1591 818 ea
1611 780 1730 819 studii

227 848 408 886 historici
435 849 539 885 inter
570 859 707 885 omnes
731 845 905 897 populos
933 845 1121 893 infantia,
1142 853 1188 883 ut
1213 859 1374 883 suarum
1398 859 1534 884 rerum
1559 848 1729 899 origines

229 924 338 968 aptas
371 924 410 954 et
437 928 560 954 nexas
589 928 670 953 esse
690 914 817 952 velint
839 927 890 951 ex
913 913 1060 951 illustri
1085 914 1218 964 aliquo
1240 915 1301 951 sui
1318 927 1387 952 seu
1404 916 1525 966 prisci
1542 915 1730 967 temporis

228 984 394 1035 populo.
423 984 597 1031 Majores
625 982 753 1020 nostri
771 994 910 1034 regum
935 982 1076 1032 stirpes
1096 981 1144 1018 ad
1160 982 1352 1030 Trojanos
1370 981 1435 1020 vel
1452 982 1613 1020 Graecos
1631 982 1730 1020 refe-

225 1051 380 1089 rebant.
410 1051 597 1089 Similiter
624 1050 796 1088 Romani
817 1049 999 1086 omnium
1019 1048 1099 1086 fere
1123 1049 1352 1089 Italicarum
1380 1049 1544 1086 urbium
1565 1051 1729 1087 nomina

224 1128 266 1157 et
298 1120 469 1171 origines
502 1132 525 1156 a
555 1118 704 1156 Graecis
738 1116 993 1168 repetebant,
1017 1115 1340 1167 quandoquidem
1369 1117 1544 1155 colonias
1576 1117 1729 1154 Graecas

225 1189 268 1225 in
289 1187 424 1224 multis
446 1185 570 1224 Italiae
586 1186 729 1237 passim
751 1185 848 1222 locis
865 1183 1085 1222 consedisse
1104 1193 1349 1235 acceperant.

284 1256 414 1303 Hujus
440 1254 594 1306 generis
623 1252 880 1305 mythologiis
906 1253 1015 1303 pleni
1041 1261 1136 1289 sunt
1158 1253 1436 1300 Grammatici,
1466 1254 1730 1305 inprimisque

223 1322 453 1360 Macrobius
473 1335 483 1361 :
502 1322 546 1359 in
562 1320 709 1372 quibus
730 1328 886 1371 tempus
906 1332 1139 1357 consumere
1169 1320 1368 1371 sigillatim
1390 1320 1636 1371 exponendis
1654 1334 1727 1358 110-

222 1389 294 1426 lim
311 1401 576 1440 quemquam3
596 1388 687 1425 satis
704 1395 762 1424 est
779 1400 863 1425 rem
879 1387 1044 1424 omnino
1065 1395 1212 1427 tenere.
1232 1387 1307 1427 Sed
1320 1417 1330 1437 ,
1355 1388 1466 1438 quod
1481 1391 1636 1440 gravius
1656 1398 1726 1436 est,

224 1458 378 1507 antiqui
395 1458 461 1494 isti
482 1457 693 1506 scriptores
709 1483 720 1502 ‚
747 1468 847 1505 quos
870 1455 929 1492 illi
949 1454 1079 1492 adhuc
1097 1457 1272 1507 integros
1291 1456 1501 1494 versabant
1517 1457 1700 1494 manibus
1713 1485 1723 1504 ,

224 1535 263 1562 et
294 1524 597 1570 exscribebant,
632 1523 773 1561 iisdem
807 1523 1066 1573 opinionibus
1099 1534 1209 1562 erant
1234 1524 1394 1563 imbuti.
1422 1527 1484 1562 Ex
1511 1538 1589 1576 qua
1620 1535 1724 1564 secta

230 1593 329 1631 Caco
348 1592 530 1643 inprimis
551 1590 649 1636 fuit,
670 1591 741 1640 qui
765 1603 852 1627 sero
867 1590 1071 1627 literarum
1091 1592 1317 1630 Graecarum
1345 1592 1477 1631 studio
1497 1593 1546 1630 ad
1563 1606 1723 1644 pravam

227 1672 312 1696 eam
339 1661 533 1696 rationem
557 1657 753 1694 deductus
780 1670 861 1694 esse
888 1656 1061 1694 videtur.
1094 1657 1231 1694 Eidem
1255 1658 1434 1709 adjungit
1465 1662 1512 1697 P.
1542 1661 1724 1710 Sempro-

227 1726 337 1762 nium
354 1724 600 1763 Asellionem
620 1724 840 1773 Dionysius
859 1724 899 1770 Ι,
923 1735 958 1760 e.
990 1735 1053 1761 11.
1075 1722 1276 1761 Caecilium
1289 1753 1301 1769 ‚
1327 1725 1397 1774 qui
1418 1724 1596 1761 Graecam
1612 1726 1723 1764 urbis

225 1796 363 1830 Romae
385 1792 580 1843 originem
604 1789 799 1836 ediderat,
823 1789 965 1828 Strabo
984 1799 1177 1828 memorat
1195 1790 1266 1828 lib.
1283 1793 1344 1837 V,
1363 1804 1451 1842 pag.
1479 1792 1558 1829 352
1583 1792 1633 1838 C;
1652 1795 1725 1843 qui

224 1869 357 1896 tamen
377 1858 478 1896 forte
495 1866 553 1895 est
574 1856 731 1894 Cincius
743 1885 753 1902 ,
777 1857 890 1906 cujus
906 1869 1053 1894 nomen
1069 1857 1174 1908 apud
1193 1858 1434 1908 Dionysium
1452 1871 1613 1908 quoque
1632 1859 1659 1898 l.
1677 1862 1697 1897 Ι
1710 1888 1720 1906 ,

229 1934 281 1974 74
297 1954 307 1973 ,
324 1939 412 1978 pag.
435 1926 486 1976 59
515 1925 644 1964 Huds.
662 1921 822 1969 Καίκιος
851 1927 895 1962 in
917 1924 1015 1963 Cod.
1038 1926 1167 1963 Vatie.
1189 1925 1383 1974 scriptum
1400 1938 1481 1962 esse
1500 1924 1638 1972 video,
1658 1926 1723 1963 vel

230 1992 271 2030 C.
298 1992 475 2038 Acilius,
505 1993 618 2040 cujus
638 1992 796 2030 annales
816 2004 941 2043 graece
964 1992 1104 2043 scripti
1130 2004 1152 2028 a
1179 1990 1348 2030 Claudio
1367 1988 1512 2042 'aliquo
1541 1994 1722 2030 conversi

223 2061 470 2112 legebantur.
503 2062 603 2108 Eos,
639 2062 709 2112 qui
737 2073 862 2114 graece
886 2074 947 2098 res
976 2062 1120 2111 patrias
1150 2060 1496 2109 conscripserunt,
1520 2062 1720 2098 Romanos

224 2130 381 2166 Graecas
408 2142 570 2180 quoque
589 2128 740 2166 fabulas
761 2142 841 2166 esse
867 2127 1090 2179 amplexos,
1114 2141 1233 2166 nemo
1248 2126 1480 2174 mirabitur3
1499 2135 1545 2164 ut
1567 2129 1615 2178 Q.
1639 2129 1719 2164 Fa·
1766 2174 1767 2177 Ἰ

222 2197 326 2234 bium
351 2198 395 2234 in
414 2196 637 2234 Annalibus
651 2224 662 2243 ,
681 2205 719 2234 et
746 2199 790 2234 L.
816 2195 995 2234 Cincium
1022 2197 1066 2233 in
1092 2195 1317 2233 Annalibus
1338 2196 1486 2232 Graecis
1504 2193 1593 2246 (ap.
1619 2196 1717 2232 Dio-

221 2278 311 2315 nys.
329 2265 400 2302 lib.
422 2266 442 2301 I
455 2293 466 2312 ,
485 2277 520 2302 c.
540 2263 618 2315 6),
656 2265 710 2301 A.
740 2261 954 2308 Albinum,
980 2262 1050 2314 qui
1065 2277 1197 2315 groece
1226 2262 1380 2313 scripsit
1395 2261 1601 2300 historiam
1631 2263 1713 2301 Cic.

225 2334 336 2370 Brut.
357 2345 405 2369 21
423 2360 434 2379 ,
459 2340 498 2370 et
522 2332 596 2370 Cn.
615 2330 818 2384 Aufidium
831 2359 842 2378 ,
869 2334 986 2370 Tusc.
1005 2334 1057 2377 V,
1078 2332 1146 2369 38.
1168 2333 1381 2369 Enimvero
1403 2330 1574 2368 necdum
1594 2330 1714 2368 alium

221 2413 459 2450 quemquam
478 2401 709 2450 scriptorem
726 2407 897 2436 veterem
911 2427 921 2445 ,
940 2408 1132 2449 quantum
1148 2398 1309 2449 quidem
1336 2412 1386 2435 ex
1412 2398 1636 2448 fragmentis
1652 2399 1714 2435 in-

221 2466 343 2517 telligi
359 2476 488 2517 potest
505 2467 714 2518 (inspiciat
730 2466 872 2517 aliquis
890 2479 928 2504 v.
947 2479 981 2504 c.
1003 2466 1153 2503 librum
1176 2466 1223 2503 de
1243 2467 1353 2517 Orig.
1371 2466 1422 2502 G.
1443 2467 1490 2501 R.
1503 2461 1518 2513 )
1531 2491 1541 2509 ‚
1563 2467 1711 2514 reperi,

223 2533 291 2581 qui
321 2545 404 2569 non
435 2534 590 2571 Graecas
616 2533 767 2570 fabulas
797 2540 1025 2571 sectaretur.
1042 2534 1173 2570 Varro
1201 2544 1358 2582 quoque
1370 2558 1381 2576 ‚
1412 2530 1482 2579 qui
1511 2536 1641 2567 tamen
1668 2531 1713 2567 in

222 2600 305 2636 aliis
319 2627 328 2645 ,
349 2601 465 2636 etiam
483 2602 527 2637 in
545 2601 815 2652 etymologiis,
837 2613 962 2652 graeca
978 2601 1128 2650 respuit
1142 2627 1152 2645 ,
1170 2598 1297 2636 eidem
1316 2596 1448 2633 studio
1467 2596 1634 2633 nimium
1650 2598 1711 2635 in-

218 2666 367 2712 ·dulsit,
391 2674 437 2703 ut
460 2667 525 2703 vel
541 2681 590 2704 ex
613 2681 697 2706 uno
721 2668 813 2705 loco
839 2667 887 2705 de
906 2670 954 2706 R.
974 2669 1022 2705 R.
1046 2667 1132 2711 III,
1159 2678 1175 2701 1
1193 2691 1203 2710 ,
1224 2664 1248 2700 6
1266 2664 1354 2700 satis
1382 2663 1549 2714 intelligi
1567 2673 1709 2714 potest.
1756 2712 1758 2720 k

222 2734 407 2785 Inprimis
436 2740 568 2769 autem
596 2736 639 2770 in
667 2734 830 2771 urbium
858 2734 1080 2771 Italicarum
1107 2729 1324 2782 originibus
1345 2743 1366 2766 e
1391 2729 1540 2768 Graecis
1566 2729 1710 2767 fabulis

223 2799 445 2854 repetendis
469 2799 701 2842 laborarunt
728 2808 882 2840 tantum
909 2813 993 2838 non
1013 2810 1172 2845 omneS,
1196 2804 1241 2835 ut
1259 2810 1332 2836 nec
1351 2797 1538 2844 modum,
1563 2809 1636 2835 nec
1654 2809 1709 2834 ra-

1738 2867 1749 2922 s,
