1767 3054
167 116 243 151 106

792 118 1035 157 AEXEIDOS

159 188 522 252 Lethaeumquc,
547 187 711 235 domos
734 191 940 251 placidas
965 193 1046 252 qui
1068 203 1319 253 praenatat,
1343 207 1540 238 amnem.
1597 203 1658 243 705

159 267 299 310 Hunc
320 265 498 311 circum
518 265 776 310 innumcrae
799 276 958 327 gentes
979 268 1240 329 populique
1262 266 1511 324 volabant3

159 342 252 396 Ac,
272 340 418 386 veluti
443 340 490 385 in
517 339 663 400 pratis
679 374 690 395 ‚
715 338 799 384 ubi
825 356 936 400 apes
957 351 1116 386 aestate
1135 358 1300 386 serena

159 412 377 459 Floribus
404 412 615 458 insidunt
639 412 782 457 variis
798 446 809 467 ‚
831 423 876 457 ct
898 412 1098 458 candida
1123 414 1301 459 circum

120 539 125 544 ,
159 487 279 532 Lilia
306 486 594 543 funduntur,
616 485 783 546 strepit
811 487 962 531 omnis
984 503 1227 533 murmure
1248 503 1454 550 campus.

157 562 404 608 Horrescit
426 562 531 606 visu
549 560 732 619 subitO,
755 576 1037 623 caussasque
1062 563 1262 624 requirit

157 637 338 683 Inscius
359 639 551 694 AEncas,
579 652 683 697 quae
704 636 796 681 sint
817 652 871 681 ea
895 637 1090 682 flumina
1111 653 1280 699 porro,

158 712 313 768 Quivc
331 711 424 756 viri
449 722 578 757 tanto
600 710 864 772 conplerint
889 711 1072 773 agmine
1095 712 1235 773 ripas.

156 789 276 831 Tum
300 797 434 847 pater
457 784 684 831 Anchises
708 804 716 830 :
740 806 761 828 «
786 785 991 844 Animae,
1013 786 1187 847 quibus
1213 785 1358 831 altera
1383 784 1477 830 fato

155 967 294 1005 nantia
324 966 423 1002 silvis
460 966 560 1004 nihil
603 966 713 1003 aliud
755 975 871 1012 sunt,

154 1038 273 1075 quam
290 1024 470 1075 ‘virgulta
489 1023 676 1061 silvarum
688 1038 717 1062 5.
727 1052 739 1068 ‚
762 1024 877 1062 adeo-

153 1097 231 1133 que
263 1083 515 1132 simpliciter‚
543 1082 652 1119 sz'lvce
683 1090 874 1119 sonantes

151 1155 204 1178 se.
220 1142 329 1177 venti
342 1140 519 1177 ssatu.-—-
533 1140 716 1191 Virgulca
728 1153 874 1176 sonan-

151 1199 209 1235 tia
242 1198 363 1235 silvis.
399 1200 509 1234 Inter
541 1197 675 1247 plures
703 1197 842 1234 modos
861 1226 871 1244 ,

149 1256 297 1306 quibus
331 1257 520 1306 accipiaS‚
545 1255 792 1305 probabilior
816 1264 874 1292 est

148 1314 234 1359 hic,
265 1322 310 1349 ut
344 1315 422 1350 sint
448 1313 552 1349 dicta
579 1327 653 1362 pro
688 1313 872 1362 virgultis

148 1371 338 1408 silvarum
397 1370 653 1416 sonantibus,
694 1370 870 1419 adeoque

150 1429 337 1473 omnino,
368 1429 477 1464 silvae
507 1436 711 1472 sonantes,
747 1435 868 1463 vento

149 1494 266 1522 motae
287 1497 295 1522 :
317 1494 362 1521 ut
378 1488 458 1522 XII
472 1513 483 1530 ‚
505 1486 585 1521 522
607 1493 702 1520 sunt
716 1483 868 1534 virgul-

148 1552 191 1579 ta
215 1541 405 1579 sonantia
426 1542 554 1579 lauro.
576 1541 713 1577 Paullo
734 1540 865 1577 diver-

144 1612 188 1637 so
205 1599 325 1637 modo
345 1598 495 1634 dictum
521 1611 640 1648 supra
673 1599 756 1643 III,
782 1604 863 1641 442

143 1659 308 1693 Averna
351 1655 539 1692 sonantia
580 1654 707 1699 silvis,
750 1654 790 1691 h.
827 1669 859 1692 e.

142 1715 250 1751 silvae
285 1716 388 1751 eirca
428 1714 633 1750 Avernum
664 1721 860 1749 sonantes.

140 1771 271 1809 Habet
284 1780 414 1808 autem
425 1771 606 1821 Elysium
621 1783 708 1806 suas
722 1782 834 1806 auras
847 1798 858 1815 ‚

138 1842 231 1865 suos
260 1829 478 1879 Zephyros,
514 1830 604 1866 Jam
633 1840 754 1877 porro
778 1829 858 1875 705

137 1886 258 1923 Lethe
281 1888 324 1923 in
357 1886 506 1922 finibus
529 1886 677 1937 Elysii,
694 1898 859 1935 praena-

138 1951 208 1988 cac,
225 1943 471 1993 praeterfluit.
495 1946 602 1981 Serv.
619 1956 628 1982 :
651 1960 670 1975 «
684 1944 859 1980 Ennium

137 2010 292 2039 secutus
318 2011 398 2048 est,
427 2002 496 2051 qui
518 2002 570 2037 ait
591 2013 601 2039 ε
626 2002 858 2054 fluctusque

139 2067 339 2096 natantes.
355 2078 373 2092 „
399 2059 536 2096 Paullo
556 2059 668 2096 aliter
692 2071 702 2097 :
724 2058 861 2108 campi

136 2125 321 2153 natantes
342 2117 461 2154 Geor.
485 2118 569 2162 111,
594 2117 686 2166 198.
711 2116 856 2153 Gentes

132 2175 258 2221 majus
280 2183 374 2211 sunt
392 2188 402 2213 :
424 2187 514 2211 nam
531 2175 573 2210 in
593 2183 708 2224 gente
726 2187 855 2224 popu-

130 2230 185 2267 li:
210 2245 247 2269 v.
272 2232 344 2269 inf.
377 2235 441 2278 X,
469 2244 577 2279 2023
601 2232 780 2270 Gronov.
803 2232 854 2269 ad

130 2288 214 2324 Liv.
239 2291 289 2333 V,
314 2290 389 2336 34,
417 2290 484 2327 35.

192 2358 432 2396 707—709.
466 2347 675 2396 Optimum
702 2355 760 2384 est
776 2355 851 2383 sta-

130 2410 239 2438 tuere
254 2430 263 2447 ‚
278 2403 343 2439 illa
358 2416 367 2442 :
385 2404 522 2453 strepit
539 2404 669 2440 omnis
682 2417 850 2441 murmu-

130 2473 172 2495 re
196 2472 359 2510 campus
374 2489 383 2503 ‚
417 2461 609 2510 apodosin
629 2462 779 2508 facere,
811 2470 851 2498 et

126 2518 318 2567 jungere:
345 2522 407 2554 Ae
431 2517 568 2567 strepit
591 2519 721 2555 omnis
744 2532 848 2556 mur-

130 2587 240 2610 mure
268 2588 432 2624 campus
459 2589 508 2611 ex
531 2577 749 2613 animarum
770 2577 848 2613 dis-

129 2633 368 2678 cursatione,
380 2631 511 2668 veluti
522 2632 562 2668 in
569 2633 713 2682 pratis,
727 2633 851 2670 ubi—-

128 2692 278 2726 Ornata
301 2703 395 2727 vero
428 2698 466 2726 et
495 2691 623 2726 suavis
645 2703 846 2741 compara-

128 2747 183 2783 tio
194 2775 207 2792 ,
253 2760 303 2784 ex
337 2747 559 2798 Apollonio
596 2746 715 2784 ducta
750 2748 842 2785 loco

946 982 1036 1006 cum
1070 968 1147 1006 hoc
1185 968 1351 1006 omnino
1392 966 1657 1018 comparando

942 1028 1013 1065 lib.
1032 1029 1051 1063 1
1065 1055 1074 1073 ‚
1103 1027 1184 1075 879
1206 1039 1290 1075 sqq.
1305 1052 1315 1071 ,
1349 1026 1421 1062 etsi
1444 1033 1482 1061 et
1499 1025 1569 1062 illo
1588 1024 1656 1061 ad-

941 1085 1126 1121 umbrato
1150 1097 1200 1121 ex
1219 1084 1434 1120 Homerico
1450 1082 1497 1119 11.
1517 1079 1540 1129 β
1557 1109 1568 1129 ,
1601 1082 1651 1130 87

939 1156 1024 1192 sqq.
1048 1143 1107 1180 Cf.
1126 1154 1213 1190 sup.
1233 1142 1276 1186 Ι,
1301 1142 1381 1185 430
1405 1153 1464 1189 sq.
1486 1139 1558 1176 Ge.
1579 1141 1652 1185 IV,

946 1201 1022 1237 188
1046 1213 1130 1250 sqq.
1178 1200 1226 1235 51
1254 1211 1339 1248 sqq.
1370 1196 1518 1247 Strepit
1548 1209 1652 1233 mur-

941 1271 1049 1295 mure
1069 1270 1232 1307 campus
1252 1255 1410 1292 doctius
1432 1267 1550 1304 quam
1566 1253 1653 1291 vul-

938 1329 1027 1367 gare
1047 1344 1057 1363 ,
1093 1328 1183 1365 apes
1216 1321 1398 1363 strepunt
1438 1325 1510 1362 per
1547 1324 1650 1348 cam-

936 1387 1047 1424 pum.

997 1443 1016 1477 7
1030 1443 1045 1466 1
1059 1443 1074 1466 1
1084 1461 1093 1469 .
1120 1433 1245 1467 Porro
1274 1427 1505 1477 simpliciter
1520 1434 1650 1476 potest

931 1488 1073 1538 jungi:
1104 1497 1343 1537 caussasque
1371 1483 1538 1535 requirit
1556 1496 1648 1533 por-

933 1557 1000 1591 ro,
1032 1544 1097 1581 vel
1118 1556 1266 1594 porro,
1308 1554 1361 1579 sc.
1388 1549 1523 1593 rogat,
1558 1553 1647 1590 quae

931 1603 1009 1638 sint
1038 1610 1113 1638 etc.
1141 1599 1215 1638 Sed
1246 1600 1402 1637 doctior
1428 1599 1529 1635 ratio
1557 1605 1643 1635 est:

930 1673 1019 1709 quae
1037 1658 1115 1695 sinc
1130 1657 1516 1711 eaflmninaporr0‚
1549 1651 1645 1706 πόρ’-

932 1715 983 1770 ῥω
1000 1745 1010 1763 ,
1034 1715 1074 1753 h.
1100 1729 1133 1753 e.
1156 1713 1289 1768 πόρῥω
1306 1743 1316 1761 ,
1347 1711 1543 1766 πόῤῥωθεν
1567 1723 1646 1748 ποι-

931 1772 1144 1827 ραρῥέοντσ.
1159 1802 1169 1819 ,
1215 1773 1338 1823 longo
1381 1770 1475 1808 inde
1526 1781 1646 1806 cursu

927 1832 1185 1882 praetexentia
1201 1842 1396 1879 campum.
1423 1828 1562 1866 Minus
1578 1825 1646 1862 be-

927 1903 978 1925 ne
998 1892 1106 1927 Serv.
1130 1897 1169 1924 et
1191 1886 1421 1934 Cerda.—7
1435 1898 1498 1923 12.
1523 1882 1645 1934 Quid-

927 1960 970 1983 ve
999 1947 1150 1996 aliquot
1176 1945 1370 1990 Pieriani,
1402 1943 1469 1981 ah'i
1498 1941 1644 1992 quique

925 2003 1030 2049 viri,
1059 2012 1106 2040 ut
1122 2004 1219 2040 etin
1238 2002 1382 2041 Hamb.
1400 2015 1462 2052 pr.
1481 2008 1520 2037 et
1542 2000 1645 2036 Dor-

924 2062 1007 2099 vill.
1047 2062 1208 2098 lectum.
1259 2058 1505 2110 Complerint
1535 2057 1637 2094 Pier.

921 2119 965 2156 in
981 2119 1095 2156 nullo
1110 2132 1184 2155 suo
1200 2110 1406 2155 invenerat
1418 2145 1428 2163 ‚
1453 2115 1522 2153 sed
1540 2126 1642 2151 com-

917 2177 1080 2227 plerunt
1090 2205 1101 2222 ,
1139 2176 1203 2213 vel
1218 2175 1473 2225 complerent.
1491 2171 1637 2210 Eadem

920 2236 1085 2272 varietas
1115 2234 1223 2285 apud
1251 2236 1537 2271 Burmannum.
1562 2227 1638 2265 Sed

919 2293 1169 2342 complerent
1203 2292 1407 2344 fragment.
1454 2286 1633 2325 Vatican.

918 2350 1065 2389 Medjc.

978 2410 1073 2456 713.
1106 2408 1252 2446 Altera
1277 2415 1441 2454 corpora
1471 2414 1484 2436 .·
1509 2413 1634 2450 quum

916 2466 996 2502 sint
1018 2466 1102 2502 ah‘ae
1119 2467 1280 2510 animae,
1310 2473 1399 2511 quae
1422 2460 1548 2509 prima
1575 2460 1634 2494 vi-

918 2535 961 2558 ce
981 2535 1124 2572 corpus
1142 2523 1291 2557 intrant
1305 2546 1315 2564 ,
1337 2517 1420 2553 aliae
1433 2544 1443 2562 ,
1465 2529 1632 2566 corpore

917 2579 1080 2624 solutae,
1112 2586 1152 2615 et
1178 2578 1221 2613 in
1236 2577 1323 2613 loca
1339 2574 1462 2610 infera
1488 2573 1632 2612 deduc—

917 2643 967 2672 tae
981 2663 991 2681 ‚
1014 2648 1101 2685 quae
1117 2633 1291 2684 posthaec
1308 2640 1483 2684 purgatae
1498 2633 1542 2669 in
1563 2643 1631 2668 no-

916 2704 1012 2729 vum
1042 2704 1186 2742 corpus
1219 2692 1364 2727 intrare
1446 2697 1626 2742 guntur:

914 2761 1024 2786 nunc
1055 2748 1102 2786 de
1137 2748 1259 2786 altero
1290 2748 1367 2786 hoe
1380 2702 1537 2799 &nere
1573 2754 1630 2785 est
