1767 3054
185 135 202 171 J.
809 125 1056 164 AENEmos

180 197 354 243 Mutati
376 206 641 242 transversa
667 195 895 253 fremunt,
923 207 968 242 et
991 213 1187 260 vespere
1210 199 1268 245 ab
1292 211 1394 246 atro

180 276 483 335 Consurgunt
502 271 654 328 venti,
678 281 818 333 atque
841 272 889 316 in
914 271 1091 319 nubem
1116 274 1301 337 cogitur
1324 292 1417 322 aer.
1640 298 1677 319 20

179 351 279 395 Nec
298 363 382 393 nos
408 346 563 394 obniti
584 359 770 405 contra,
796 363 882 393 nec
909 347 1102 394 tendere
1126 361 1307 396 tantum

183 424 465 472 Sufficimus.
491 427 695 486 Superat
714 423 941 485 quoniam
963 424 1180 484 fortuna,
1203 442 1479 487 sequamur,

179 504 385 562 Quoque
409 512 571 557 vocat,
597 511 836 546 vertamus
856 499 946 546 iter
968 519 978 546 ε
1001 516 1087 546 nec
1110 501 1249 552 litora
1274 501 1410 565 longe

177 577 293 623 Fida
318 592 426 623 reor
447 577 655 624 fraterna
673 577 861 638 Erycis,
883 587 1145 637 portusque
1168 577 1386 635 Sicanos,

179 653 228 698 Si
250 652 392 697 modo
418 652 508 697 rite
534 667 716 696 memor
736 662 923 698 servata
944 651 1169 696 remetior
1193 662 1330 697 astra.
1356 672 1374 692 »
1643 662 1678 692 25

244 729 364 772 Tum
388 726 493 788 pius
514 729 685 772 AEneas
707 744 716 771 :
744 748 762 767 «
784 725 1017 787 Equidem
1043 725 1109 771 sic
1133 742 1330 788 poscere
1355 738 1519 773 ventos

177 806 198 846 J
207 800 486 858 amdudum,
506 810 552 846 et
571 801 746 847 frustra
771 818 913 847 cerno
935 813 979 847 te
1003 800 1198 846 tendere
1224 811 1414 846 contra:

178 877 336 922 Flecte
355 877 482 922 viam
503 875 633 920 velis.
655 878 729 918 An
750 876 809 920 sit
830 874 948 919 mihi
968 874 1148 935 gratior
1172 873 1290 931 ulla,

180 955 350 1009 Quove
370 951 517 1013 magis
546 951 688 995 fessas
716 960 877 1011 optem
901 948 1149 996 demittere
1171 950 1328 1007 navis,

180 1031 335 1085 Quam
357 1043 461 1090 quae
487 1025 781 1072 Dardanium
807 1025 942 1072 tellus
964 1025 1082 1072 mihi
1106 1036 1262 1072 servat
1281 1030 1504 1084 Acesten,
1641 1039 1678 1068 30

178 1107 236 1149 Et
258 1104 404 1165 patris
427 1101 646 1149 Anchisae
671 1102 852 1165 gremio
876 1101 1208 1165 complectitur
1233 1104 1365 1148 ossa?
1389 1122 1407 1143 »

187 1291 201 1314 1
214 1291 232 1325 7
276 1286 417 1313 auctor
453 1275 570 1313 etiam
600 1276 641 1314 h.
670 1276 697 1313 l.
732 1283 895 1313 ornatus

180 1347 315 1372 caussa
350 1334 570 1382 adjectum,
603 1341 799 1383 quatenus
827 1333 895 1370 ali-

177 1391 276 1443 quid
294 1391 464 1443 spondet
483 1404 527 1428 ac
547 1392 759 1442 promittit.

244 1463 308 1500 19.
333 1450 396 1487 Ab
416 1451 500 1486 alto
526 1449 674 1488 Medic.
700 1462 719 1485 a
737 1462 790 1486 m.
818 1462 893 1487 sec.

180 1508 310 1546 Colot.
326 1509 423 1545 alter
434 1511 549 1546 Voss.
564 1506 802 1546 etRottend.
817 1520 894 1545 see.

179 1565 255 1604 Sed
284 1565 493 1616 vulgatum
522 1567 740 1603 ornantius.
762 1587 820 1592 —
847 1578 896 1615 19

180 1624 308 1661 —25
339 1623 566 1660 Adversum
592 1625 715 1675 igitur
741 1625 899 1673 naviga-

181 1683 280 1719 tioni
303 1683 347 1718 in
366 1682 519 1718 Italiam
537 1690 703 1718 ventum
721 1681 773 1718 ob
793 1682 899 1718 occi-

179 1739 297 1776 dente
312 1739 536 1787 habebant;
557 1741 811 1776 transversim
831 1739 898 1776 ille

177 1799 329 1847 spirans
367 1808 528 1833 cursum
568 1796 802 1834 retardabat.
841 1799 899 1832 Ita

179 1854 312 1891 malim
332 1855 532 1904 accipere,
565 1865 684 1902 quam
708 1852 756 1889 ad
784 1853 897 1903 aqui-

177 1913 311 1950 lonem
340 1925 450 1948 nunc
482 1919 647 1947 ventum
674 1910 723 1947 ab
755 1923 898 1947 occasu

181 1971 385 2006 accessisse
413 1977 578 2020 putare3
611 1981 684 2005 nec
708 1981 746 2006 v.
773 1969 822 2005 16
846 1969 896 2004 O-

181 2027 336 2077 bliquat
351 2026 482 2070 sinus,
504 2039 550 2063 eo
571 2025 717 2064 ducere
741 2035 870 2076 potest
884 2054 895 2071 ‚

181 2098 274 2121 cum
308 2093 474 2121 ventum
503 2096 524 2119 a
552 2085 651 2120 laeva
682 2085 897 2133 spirantem

179 2143 369 2193 designet.
383 2163 440 2169 —
459 2154 480 2177 2
493 2153 526 2177 1.
548 2140 703 2176 obnixi
718 2141 898 2190 plerique

180 2201 332 2238 Pier.et
350 2200 520 2236 Dorvill.
541 2199 682 2249 Neque
701 2208 727 2235 t.
746 2199 898 2249 aliquot

181 2259 283 2295 Pier.
297 2279 354 2286 —-
371 2257 549 2294 Tendere
569 2265 722 2293 tantum
737 2285 747 2303 ‚
772 2269 898 2307 quan-

182 2324 269 2351 tum
313 2314 474 2352 adversa
524 2323 733 2364 tempestas
780 2314 896 2352 valet.

183 2373 419 2417 ὅσω-24.
434 2372 500 2409 Ad
512 2375 743 2422 Drepanum
759 2386 794 2408 v,
805 2385 893 2421 sup.

183 2431 242 2465 III
258 2459 267 2475 ‚
287 2443 364 2477 707
387 2444 471 2480 sqq.
487 2432 528 2474 1,
548 2431 629 2467 550
645 2458 655 2474 ‚
682 2431 772 2478 195.
794 2428 896 2465 Fida

181 2496 345 2537 propter
372 2491 568 2524 Acestam.
589 2487 727 2523 Litora
751 2485 896 2535 frater-

182 2557 237 2580 na
258 2546 294 2580 E
298 2544 409 2593 tyois,
423 2546 493 2593 qui
513 2547 683 2594 Erycem
700 2542 894 2589 condidit3

179 2611 262 2639 erat
277 2604 309 2638 is
330 2601 437 2639 silius
455 2603 622 2639 Veneris
645 2611 684 2639 et
699 2603 823 2639 Butae.
844 2600 894 2636 cf.

182 2659 374 2710 Apollon.
396 2662 479 2706 IV,
512 2667 594 2710 914
625 2674 708 2710 sqq.
743 2662 898 2696 Porcus-

182 2731 258 2768 que
287 2718 478 2763 Sicanos,
508 2720 681 2769 proprie.
709 2718 810 2755 Nam
838 2716 895 2754 Si·

181 2778 271 2813 cani
287 2776 335 2813 ab
355 2776 482 2814 Iberia
500 2776 688 2827 profecti,
709 2788 799 2813 cum
813 2803 823 2822 ,
842 2787 897 2812 re-

963 1275 1065 1312 lictis
1093 1275 1252 1312 sedibus
1279 1276 1325 1312 in
1352 1276 1464 1323 Italia
1491 1276 1539 1314 ad
1558 1277 1676 1314 Tibe-

964 1335 1039 1370 rim
1052 1360 1062 1379 ‚
1098 1334 1272 1371 Siciliam
1309 1335 1525 1371 tenuissent
1537 1362 1548 1381 ‚
1584 1335 1675 1372 reli-

964 1392 1053 1441 quis
1077 1391 1218 1429 Siciliae
1243 1391 1421 1442 partibus
1438 1391 1593 1443 depulsi
1609 1406 1675 1430 oc-

963 1448 1156 1486 cidentale
1176 1458 1308 1486 tamen
1322 1449 1416 1486 litus
1434 1458 1610 1488 tenuere.
1625 1451 1673 1487 cf.

964 1506 1148 1557 Thucyd.
1168 1509 1250 1553 VI,
1274 1520 1295 1544 2
1313 1521 1323 1554 ;
1357 1515 1473 1558 atque
1492 1508 1596 1544 inter
1619 1508 1676 1547 Si-

965 1577 1084 1601 canos
1102 1565 1176 1603 hos
1187 1565 1349 1613 Trojani
1363 1564 1583 1602 consedisse
1595 1578 1676 1603 me-

964 1631 1183 1661 morantur.
1202 1621 1404 1660 Remetior
1419 1625 1549 1660 animo
1567 1633 1677 1660 astra
1694 1615 1697 1618 ’

964 1688 1121 1717 servata
1142 1688 1230 1718 ante
1251 1688 1519 1730 tempestatem
1533 1708 1543 1726 ‚
1569 1680 1679 1718 adeo-

964 1751 1042 1788 que
1062 1751 1154 1775 eum
1178 1739 1289 1774 astris
1309 1739 1441 1787 ipsum
1460 1750 1621 1775 cursum
1637 1752 1679 1775 ae

965 1796 1256 1845 navigationem
1278 1794 1431 1833 factam.

1027 1853 1093 1890 28.
1108 1853 1242 1890 Flecte
1261 1851 1376 1889 viam
1390 1880 1400 1898 ‚
1422 1860 1468 1889 ut
1483 1865 1572 1902 sup.
1591 1853 1676 1898 iter,

965 1908 1004 1946 h.
1025 1923 1058 1948 e.
1079 1923 1264 1956 cursum,
1289 1923 1430 1946 navem
1444 1938 1455 1956 ,
1478 1909 1576 1947 velis
1592 1923 1679 1948 mu-

965 1970 1066 2005 tatis.
1088 1968 1193 2005 Male
1217 1967 1352 2004 turbat
1369 1970 1478 2006 Serv.
1497 1976 1536 2005 et
1555 1968 1604 2006 al.
1622 1990 1680 1997 —-

968 2038 1035 2075 29.
1070 2027 1202 2075 Quove
1235 2026 1371 2063 Heins.
1398 2023 1488 2061 cum
1514 2027 1680 2075 potiori-

963 2083 1040 2120 bus
1056 2084 1173 2120 etiam
1190 2084 1292 2120 Pier.
1324 2083 1369 2120 it.
1382 2128 1387 2132 Π
1402 2081 1523 2119 Goth.
1547 2083 1680 2134 Vulgo

967 2142 1145 2190 Quoque.
1182 2141 1316 2189 Quave
1337 2137 1505 2176 Oudart.
1537 2140 1678 2189 Optem

951 2196 1090 2248 fessas
1101 2196 1209 2234 Leid.
1220 2210 1289 2234 un.
1310 2195 1528 2233 Demittere
1542 2198 1677 2236 Burm.

965 2269 1016 2292 ex
1038 2264 1188 2306 septem
1208 2255 1321 2292 libris
1336 2255 1505 2304 recepit,
1541 2254 1678 2292 suffra-

964 2322 1079 2364 gante
1103 2315 1254 2350 ratione
1280 2312 1541 2363 grammatica.
1570 2315 1678 2350 Mare

964 2371 1068 2408 enim
1096 2370 1223 2407 alcum
1252 2370 1414 2419 proprie
1436 2368 1607 2416 dicitur;
1640 2380 1678 2407 et

963 2428 1236 2472 descenditur,
1253 2425 1482 2472 decurritur,
1505 2428 1549 2464 in
1565 2426 1675 2467 litus.

962 2485 1093 2537 Vulgo
1111 2484 1309 2522 dimittere
1322 2513 1332 2531 ‚
1354 2483 1463 2535 quod
1482 2494 1581 2523 esset
1597 2498 1619 2522 a
1637 2487 1677 2523 s'e

962 2543 1138 2594 ablegare
1154 2551 1194 2579 et
1210 2541 1286 2579 alio
1304 2543 1471 2581 mittere.

1025 2601 1090 2638 31.
1130 2601 1280 2637 Versus
1319 2599 1367 2636 ad
1405 2600 1677 2637 Lucretianam

963 2657 1128 2695 formam
1167 2657 1237 2695 lib.
1271 2659 1356 2704 IV,·
1394 2658 1472 2706 738
1503 2659 1676 2707 Quorum

965 2724 1088 2752 morte
1119 2715 1225 2753 obita
1261 2715 1378 2752 tellus
1409 2715 1682 2765 complectitur

965 2787 1082 2819 ossa;
1103 2783 1141 2812 et
1173 2775 1214 2820 I,
1262 2774 1365 2822 136,
1403 2775 1534 2811 Morte
1573 2773 1680 2811 obita
