1767 3054
115 194 134 202 m

177 190 228 214 20

805 171 1046 208 AENEIDOS

239 243 328 289 llic
349 242 455 288 laeta
475 239 697 287 extremis
719 257 824 303 spes
848 252 915 286 est
939 256 1132 286 accensa
1153 239 1360 297 duobus,

175 322 394 380 Sergesto
418 316 773 377 Mnestheique,
797 320 933 376 Gyan
952 331 1176 377 superare
1197 326 1473 361 morantem.

175 396 420 455 Sergestus
443 391 569 453 capit
591 402 696 436 ante
716 390 896 448 locum,
917 391 1208 452 scopuloque
1228 390 1540 453 propinquat3

1614 397 1671 429 185

174 472 274 515 Nec
296 478 395 514 tota
415 478 571 513 tamen
591 466 667 510 illc
693 465 825 527 prior
845 476 1085 526 praeeunte
1113 465 1296 522 carina3

175 547 313 588 Parte
334 542 489 604 prior,
511 551 694 601 partem
714 550 870 585 rostro
896 539 1069 601 premit
1089 540 1257 585 aemula
1280 538 1455 585 Pristis.

176 622 238 663 At
260 615 415 661 media
435 615 586 661 socios
606 613 827 659 incedens
848 629 967 659 nave
989 629 1074 675 per
1094 613 1220 675 ipsos

177 697 411 740 Hortatur
430 690 707 736 Mnestheus
732 707 742 734 z
767 692 960 745 «Nunc,
987 705 1113 734 nunc
1130 688 1360 751 insurgite
1380 688 1544 746 remis,

178 766 404 813 Hectorei
428 764 566 822 socii,
586 766 742 827 Trojae
763 779 881 825 quos
902 774 1028 809 sorte
1054 779 1276 826 suprema

1619 783 1676 813 190

178 841 345 903 Delegi
366 841 582 898 comites;
607 856 733 884 nunc
754 839 854 885 illas
880 839 1082 901 promite
1105 838 1255 894 vires,

179 919 318 962 Nune
343 915 546 971 animos,
572 913 745 975 quibus
767 914 816 958 in
838 914 1032 960 Gaetulis
1059 911 1267 974 syrtibus
1292 912 1388 969 usi,

181 991 412 1052 Ionioque
436 989 577 1046 mari,
604 988 865 1049 Maleaeque
885 987 1166 1049 sequacibus
1188 986 1339 1033 undis.

248 1147 488 1195 183—187.
519 1146 723 1184 Extremis
752 1147 901 1184 duobus

184 1206 264 1243 vid.
279 1219 367 1256 sup.
389 1207 435 1242 15
443 1213 466 1250 4
483 1218 567 1255 sqq.
585 1207 786 1257 Sergestus
806 1206 901 1244 Cen-

185 1273 322 1310 tauro,
358 1277 499 1315 magna
521 1264 637 1310 navi,
670 1263 903 1301 Mnestheus

185 1322 314 1359 veloci
347 1323 464 1359 Pristi
507 1322 703 1359 invectus.
726 1344 784 1350 —-
809 1323 902 1367 184.

187 1378 461 1430 DInestlzeique
489 1381 626 1417 Heius.
649 1390 898 1431 reposuerat,

188 1451 279 1475 cum
303 1438 490 1475 Pierianis
512 1445 550 1474 et
573 1450 666 1474 cum
692 1439 838 1477 Medic.
860 1451 903 1475 ac

192 1495 298 1534 Gud.
334 1508 355 1532 a
387 1509 440 1533 m.
461 1508 548 1545 pr.,
576 1496 619 1532 in
648 1497 794 1546 quibus
814 1498 903 1547 qui-

188 1553 277 1591 dem
313 1562 395 1590 erat
421 1552 616 1600 Mnesthi,
654 1568 704 1591 ex
721 1554 901 1596 Μνησθεῖ.

188 1614 247 1649 Ita
266 1611 360 1648 alibi
383 1610 592 1648 ‚Mnesthea
614 1611 729 1650 dixit.
751 1615 904 1650 Tuetur

188 1669 266 1707 hoc
296 1682 457 1719 quoque
483 1673 676 1720 Pompon.
708 1670 797 1708 Sab.
821 1672 906 1707 Ser-

186 1737 341 1779 gestum
362 1727 586 1778 flltzestique
613 1731 728 1766 Rom.
755 1729 831 1767 Sed
852 1737 906 1765 ta-

190 1787 265 1823 cite
283 1793 463 1822 revocata
480 1794 562 1822 erat
578 1797 597 1821 a
614 1787 749 1824 Burin.
774 1788 907 1837 vulga-

191 1852 230 1880 ta
243 1844 361 1880 lectio
378 1842 600 1880 Mnestheo.
619 1865 678 1871 --
702 1845 794 1882 186.
820 1846 907 1882 Nec

192 1911 328 1938 tamen
346 1900 414 1937 ille
423 1901 538 1951 prior
550 1911 634 1938 tota
644 1915 708 1952 pr.
727 1903 907 1954 plerique

191 1959 309 1997 codd.
331 1972 392 2009 ap.
411 1961 512 1998 Pier.
531 1962 909 2013 exinterpolatione‚

188 2026 284 2055 ‘cum
307 2019 350 2055 in
366 2017 524 2069 vulgata
542 2020 785 2071 syllabarum
802 2021 908 2057 simi-

192 2076 292 2113 lium
329 2088 546 2114 concursus
581 2078 815 2117 offenderet.
851 2100 910 2106 --

201 2135 290 2181 187.
337 2135 507 2182 Sergesti
540 2136 782 2173 Centaurum
814 2145 909 2187 puta

192 2193 360 2241 propius
392 2191 440 2227 ad
477 2194 687 2242 scopulum
720 2197 909 2232 interiore

194 2248 368 2299 adeoque
400 2248 583 2287 breviore
613 2254 739 2301 spatio
771 2253 909 2304 (quod

192 2320 235 2343 in
254 2321 296 2344 re
313 2319 479 2344 circensi
495 2317 700 2347 Sinistrum
717 2321 821 2350 erat:
836 2325 910 2348 un-

195 2364 242 2402 de
261 2364 301 2403 h.
326 2366 352 2403 1.
375 2365 424 2402 ad
445 2367 582 2404 navale
605 2377 803 2406 certamen
834 2377 910 2405 tra-

197 2422 374 2460 ductum.
406 2424 487 2462 vid.
515 2439 554 2462 v.
604 2426 682 2462 116
703 2425 742 2477 ),
777 2440 910 2465 sucee-

198 2479 289 2517 dere
303 2509 313 2526 ,
344 2482 491 2520 Pristin
521 2483 721 2521 Mnesthei
739 2487 909 2523 exterio-

199 2551 241 2574 re
283 2551 418 2575 versus
456 2540 635 2578 dextram
686 2542 908 2581 decurrere.

202 2596 302 2633 Cum
321 2604 448 2633 tamen
469 2599 603 2635 Pristis
626 2602 788 2652 remigio
809 2602 911 2638 vale-

200 2661 284 2700 ret,
306 2654 547 2691 Centaurum
571 2656 636 2692 illa
659 2666 717 2693 est
735 2671 914 2707 assequu-

202 2719 264 2758 ta,
291 2712 347 2747 ita
376 2720 422 2748 ut
444 2714 639 2750 anteriore
664 2716 775 2751 navis
803 2725 913 2765 parte

204 2769 444 2807 Centaurum
472 2780 665 2821 aequaret,
697 2781 736 2809 et
758 2780 913 2809 tantum

203 2840 285 2865 non
307 2840 420 2879 aequo
442 2841 532 2866 cum
559 2829 628 2867 illo
656 2844 774 2868 cursu
796 2831 912 2869 ferre-

967 1158 1052 1195 tur3
1072 1147 1164 1184 inde
1176 1149 1294 1184 etiam
1306 1158 1427 1183 cursu
1439 1145 1680 1184 Centaurum

968 1214 1212 1243 antevertere
1229 1208 1428 1256 Sergestus
1445 1205 1489 1241 in
1507 1204 1681 1241 animum

967 1264 1142 1301 induxit.

1035 1323 1111 1359 188
1133 1344 1189 1350 -—
1208 1334 1300 1371 197.
1342 1323 1498 1359 Factam
1534 1320 1680 1357 oratio-

970 1394 1061 1418 nem
1094 1379 1399 1430 pulcherrimam
1445 1377 1496 1415 ad
1533 1379 1680 1415 Home-

970 1440 1005 1475 ri
1034 1439 1316 1482 imitationem,
1344 1436 1416 1473 ubi
1443 1435 1682 1473 Antilochus

970 1510 1091 1546 equos
1103 1509 1195 1533 suos
1207 1497 1394 1544 increpat,
1414 1493 1526 1532 Iliad.
1540 1489 1581 1544 ψ,
1600 1501 1679 1538 402

969 1569 1053 1605 sqq.
1070 1583 1080 1601 ,
1110 1567 1246 1591 omnes
1272 1552 1533 1590 observarunt
1552 1552 1681 1601 intpp.

971 1611 1167 1664 Insurgit-‘3
1203 1611 1341 1656 remis,
1365 1610 1447 1648 vid.
1470 1611 1556 1656 III,
1585 1610 1680 1648 560.

971 1673 1032 1708 Ex
1043 1670 1182 1708 eodem
1192 1669 1411 1720 profecerat
1422 1667 1613 1718 Apollon.
1626 1668 1679 1711 II,

977 1729 1056 1766 588
1077 1742 1162 1778 sqq.
1179 1727 1286 1765 Socii
1294 1725 1463 1771 navales,
1479 1726 1551 1776 qui
1563 1724 1686 1762 iidem

971 1787 1141 1824 heroicis
1155 1785 1398 1836 temporibus
1416 1786 1582 1835 remiges
1594 1790 1687 1819 sunt

974 1853 1013 1881 et
1029 1845 1171 1881 milites
1186 1857 1196 1890 ;
1216 1841 1421 1888 Hectorei,
1443 1841 1574 1892 simpl.
1586 1841 1686 1879 Tro-

971 1904 1076 1951 janig
1112 1912 1215 1940 sorte
1237 1913 1420 1952 suprema
1443 1901 1478 1936 T
1476 1898 1599 1951 rojce,
1622 1911 1688 1935 ex-

976 1960 1103 2007 cidio;
1127 1959 1235 1998 haud
1251 1959 1385 1997 dubie.
1401 1969 1556 2007 ——191.
1577 1954 1689 1994 Dile-

972 2019 1019 2071 gi
1035 2022 1191 2070 Hugen.
1208 2021 1369 2055 Vestras
1394 2015 1570 2055 Pan—has.
1592 2016 1688 2051 Pro-

977 2077 1118 2114 mitcite
1148 2076 1319 2114 Dorvill.
1348 2071 1562 2125 promitte,
1591 2084 1687 2122 pro-

977 2135 1130 2172 mittere
1168 2133 1289 2170 Goth.
1329 2132 1395 2169 alt.
1431 2138 1470 2167 et
1502 2137 1590 2167 tert.
1629 2151 1687 2158 —

975 2195 1092 2230 Nunc
1135 2190 1226 2228 illas
1239 2219 1249 2237 ,
1291 2189 1427 2227 similis
1465 2187 1688 2225 adhortatio

976 2250 1146 2288 Patrocli
1162 2249 1213 2287 ad
1228 2250 1368 2296 Ajaces
1385 2246 1486 2284 facta
1500 2244 1611 2283 Iliad.
1631 2257 1663 2281 π
1675 2272 1687 2291 ,

979 2310 1060 2347 556
1092 2321 1176 2358 sqq.
1212 2305 1408 2354 Syrtibus,
1443 2317 1482 2342 v.
1521 2316 1609 2353 sup.
1644 2304 1687 2348 Ι,

981 2381 998 2404 1
1012 2382 1027 2404 1
1042 2380 1075 2404 1.
1111 2366 1290 2403 Gaetulas
1320 2365 1453 2410 Syrtes
1485 2360 1564 2408 jam
1600 2374 1688 2411 sup.

976 2428 1037 2474 V,
1073 2427 1121 2464 51
1152 2425 1319 2462 dixerat,
1343 2418 1458 2457 Ionio
1486 2417 1527 2455 in
1559 2418 1688 2468 mari,

977 2497 1069 2522 cum
1085 2498 1135 2521 ex
1152 2484 1266 2522 Creta
1284 2480 1492 2520 solvissent
1509 2490 1595 2528 sup.
1614 2480 1689 2526 ΙΙΙ,

984 2554 1058 2591 192
1095 2555 1179 2592 sqq.
1219 2552 1267 2576 21
1280 2553 1296 2576 1
1336 2550 1420 2588 sq.;
1456 2545 1543 2574 tum
1573 2537 1690 2573 etiam

977 2602 1125 2637 Maleae
1147 2601 1190 2635 in
1209 2606 1382 2635 extrema
1403 2595 1572 2632 Laconia
1596 2607 1689 2644 pro-

979 2657 1244 2701 montorium,
1285 2655 1358 2692 etsi
1385 2652 1521 2704 paullo
1552 2652 1691 2689 latiore

980 2714 1086 2752 flexu
1102 2742 1112 2760 ‚
1137 2713 1391 2751 circumvecti
1409 2718 1515 2748 sunt.
1541 2711 1691 2759 Sequa-

980 2773 1085 2809 eibus
1101 2771 1239 2810 undis:
1260 2770 1448 2808 convenit
1465 2768 1545 2805 fere
1570 2765 1692 2821 ῥεῦμα

979 2828 1263 2877 πολύκλυστον,
1296 2823 1566 2880 παλιρῥεῗθιον,
1595 2824 1691 2865 dum
