1767 3054
728 103 882 141 LIBER
916 103 967 139 V.
1544 107 1593 144 δι

93 180 180 226 Cui
201 196 373 243 genus,
393 188 439 224 et
459 174 701 239 quondam
724 190 921 231 nomeu,
947 173 1141 235 natique
1166 175 1384 238 fuissent5

93 259 162 301 Ac
184 255 250 300 sic
275 249 603 300 Dardanidum
625 249 829 296 inediam
853 267 902 297 se
925 249 1158 297 matribus
1182 251 1324 299 infert
1347 274 1356 298 :

92 354 109 370 «
137 332 180 376 O
202 329 409 384 miserae,
429 342 546 389 quas
572 341 668 372 non
690 342 857 372 manus
867 362 881 384 ‚
906 325 1083 388 inquit,
1105 326 1315 374 Achaica
1334 328 1459 376 bello

90 402 308 450 Traxerit
332 402 392 449 ad
416 402 562 448 letum
578 438 590 459 ,
615 403 782 465 patriae
807 401 896 449 sub
920 402 1178 450 moenibus!
1203 419 1232 449 o
1257 421 1369 467 gens

90 479 282 527 Infelix!
305 478 382 525 cui
407 490 453 525 te
478 479 625 525 exitio
647 481 855 525 Fortuna
879 481 1118 526 reservat?
1538 496 1600 526 625

90 554 299 616 Septima
318 564 427 617 post
450 555 606 615 Trojae
635 554 873 600 excidium
893 556 992 617 jam
1012 554 1218 600 vertitur
1236 566 1394 613 aestas,

91 633 251 688 Quum
280 631 424 687 freta,
452 645 599 691 quum
627 640 776 675 terras
802 630 976 686 omnis,
1003 639 1072 674 tot
1094 629 1335 692 inhospita
1357 648 1470 679 saxa

90 703 351 766 Sideraque
376 721 577 750 emensae
605 704 825 763 ferimur3
851 703 964 749 dum
984 719 1071 766 per
1089 720 1221 750 mare
1245 721 1469 768 magnum

89 780 274 827 Italiam
299 781 542 843 sequimur
565 780 844 843 fugientem,
870 791 917 826 et
942 780 1182 827 volvimur
1199 781 1354 829 undis.

90 855 178 902 Hic
203 855 367 917 Erycis
392 855 505 901 fines
531 855 750 913 fraterni,
771 866 913 918 atque
937 855 1110 918 hospes
1130 860 1348 914 Aceste-55

88 1028 129 1066 h.
146 1029 174 1066 l.
194 1036 232 1065 et
249 1027 300 1066 ef.
322 1027 370 1064 ad
387 1027 468 1066 Ecl.
489 1029 588 1064 vm
602 1057 612 1075 ‚
641 1036 693 1073 44
709 1057 719 1074 ,
740 1028 812 1064 ubi

85 1086 225 1124 similis
259 1099 372 1123 error
405 1085 604 1123 insederat
642 1086 732 1124 edd.
754 1108 812 1114 —

86 1146 158 1181 Iris
165 1144 224 1197 fic
243 1146 393 1190 Beroe,
431 1153 475 1181 ut
505 1144 672 1182 Laodice
704 1145 811 1195 apud

87 1204 250 1240 Homer.
279 1200 349 1248 fit,
384 1202 496 1240 Iliada
523 1218 571 1258 γ,
610 1216 702 1240 121.
738 1203 813 1240 Cui

87 1263 167 1298 sive
181 1261 230 1298 ad
250 1261 474 1312 Doryclum
491 1263 572 1298 sive
591 1260 637 1297 ad
654 1263 808 1298 Beroen

85 1318 229 1356 referas
244 1348 254 1365 ‚
280 1332 422 1370 parum
446 1321 623 1357 interest.
647 1321 735 1356 Hoc
756 1319 807 1356 al-

85 1385 211 1414 terum
231 1377 332 1414 forte
351 1377 492 1414 melius
507 1406 517 1425 ,
544 1377 743 1428 siquidem
761 1379 805 1415 in

84 1436 241 1472 feminae
266 1436 499 1472 auctoritate
522 1449 630 1473 nunc
654 1449 714 1473 res
737 1449 806 1487 po-

82 1495 169 1532 sita.
191 1494 274 1531 Vix
300 1502 432 1530 tamen
463 1494 620 1531 feminae
655 1508 803 1532 nomen

81 1551 210 1590 tribui
243 1553 388 1602 potuit.
424 1554 589 1590 Praestat
626 1565 721 1604 ergo
755 1553 803 1590 ad

79 1612 270 1648 maritum
295 1610 453 1648 referre.
475 1611 632 1657 Genus,
655 1612 804 1649 nobili-

80 1676 137 1706 tas
160 1668 201 1707 h.
229 1669 257 1707 l.
283 1683 321 1707 v.
344 1670 480 1706 Burm.
498 1697 508 1715 ‚
534 1682 653 1720 quem
671 1670 804 1721 indig-

80 1729 186 1764 neris
206 1740 367 1778 operam
391 1736 430 1765 et
449 1727 624 1764 chartam
643 1729 685 1765 in
702 1730 803 1766 Har-

80 1783 206 1822 duino
225 1786 444 1823 refellendo
456 1785 637 1837 perdere.
653 1787 800 1837 Georg.

82 1844 144 1888 11,
168 1850 250 1887 240
271 1845 390 1880 Salsa
409 1844 595 1881 tellus—
608 1857 682 1881 nec
699 1847 803 1881 Bac-

79 1899 153 1937 cho
184 1914 311 1952 genus
337 1911 478 1940 servat.
513 1901 694 1938 fuissene
725 1915 800 1952 pro

84 1957 158 1996 Cui
162 1958 349 2010 ficet-ane.
360 1979 420 1989 --—
433 1959 530 1996 622.
546 1959 799 1996 Dardanium

79 2016 233 2068 aliquot
249 2018 351 2055 Pier.
373 2029 463 2053 cum
481 2015 598 2052 Wall.
616 2021 655 2050 et
675 2015 799 2053 Goth.

79 2083 171 2112 tert.
206 2074 397 2112 Manibus
420 2071 543 2110 Goth.
579 2084 640 2120 pr.
671 2072 804 2124 Offerc

79 2133 177 2170 alter
195 2132 340 2171 Hamb.
357 2161 368 2179 ‚
393 2140 431 2168 at
451 2145 489 2168 v.
516 2131 651 2166 Burm.

138 2191 221 2229 623
234 2213 293 2220 —
306 2191 404 2235 640.
436 2190 576 2226 Artem
607 2199 773 2237 agnosce
787 2216 797 2234 ,

77 2248 189 2300 quod
208 2246 462 2287 miseratione
486 2245 628 2282 animis
644 2258 684 2281 se
703 2245 798 2282 insi-

76 2315 200 2354 nnat,
248 2315 461 2356 antequam
498 2303 546 2341 ad
586 2303 799 2340 consilium

76 2377 195 2402 suum
212 2362 500 2416 proferendum
517 2360 732 2400 descendit.
750 2363 798 2398 Iu

77 2435 136 2461 vs.
161 2423 245 2461 623
271 2436 329 2473 sq.
350 2423 544 2459 sententia
569 2420 648 2457 fere
672 2419 796 2470 qualis

45 2468 54 2483 ⁶
76 2493 167 2532 sup.
195 2483 238 2527 Ι,
271 2488 327 2531 94
357 2493 415 2531 sq.
444 2488 483 2517 et
502 2482 587 2525 111,
623 2479 718 2516 321.
739 2499 798 2507 —-

76 2538 177 2577 626.
205 2537 385 2589 Septima
406 2549 503 2589 pose
533 2537 663 2590 Trojce
687 2535 796 2574 exci-

77 2596 188 2634 dium
218 2606 351 2634 oeseaS.
387 2598 450 2635 Sic
479 2606 519 2634 et
541 2599 585 2643 Ι,
624 2596 795 2644 755.—

79 2654 177 2704 627.
209 2656 305 2693 Iam
337 2664 461 2693 terras
488 2654 678 2694 Rouend.
703 2660 791 2692 tert.

83 2713 227 2751 Terras
253 2713 388 2752 aberat
417 2726 439 2751 a
461 2715 576 2752 Voss.
592 2741 603 2760 ,
631 2721 671 2752 et
699 2725 797 2751 mox

80 2779 164 2809 erat
194 2771 322 2811 saa-is.
358 2773 458 2811 Sane
492 2771 656 2824 quidem
689 2784 796 2809 saxa

239 2850 329 2895 111.

1537 872 1599 902 630

879 1041 1022 1079 parum
1061 1030 1270 1068 commode
1304 1031 1600 1082 subjiciuntur,

879 1087 1062 1137 inprimis
1088 1088 1194 1124 inter
1226 1097 1352 1125 terras
1383 1099 1421 1127 et
1447 1090 1597 1132 sidera.

880 1147 978 1182 Puta
1006 1153 1136 1182 tamen
1159 1154 1316 1196 poetam
1344 1147 1466 1186 litora
1493 1162 1598 1188 cotn-

878 1216 1095 1241 memorare
1129 1204 1325 1252 voluisse,
1362 1214 1401 1243 et
1434 1208 1598 1257 quidem

877 1260 1145 1298 barbararum·
1167 1270 1374 1302 terrarum.
1405 1286 1462 1293 ——
1494 1266 1594 1305 628.

874 1336 892 1350 ιι
909 1318 1052 1356 Sidera
1071 1328 1138 1357 aut
1156 1328 1406 1371 tempestates
1423 1324 1489 1369 ait,
1506 1337 1596 1374 quae

873 1387 967 1415 ortu
1001 1379 1065 1416 vel
1102 1391 1246 1416 occasu
1279 1379 1457 1418 siderum
1491 1394 1596 1433 saepe

872 1446 1092 1474 nascuntur
1105 1466 1115 1484 ‚
1141 1445 1210 1474 aut
1230 1439 1459 1488 provincias
1473 1467 1483 1485 ‚
1505 1453 1596 1490 quae

872 1493 1067 1533 sideribus
1101 1495 1336 1544 subjacent,
1376 1505 1422 1534 ut
1455 1497 1593 1550 Eelog.

871 1555 909 1591 X
922 1581 932 1599 ‚
951 1553 1003 1590 68
1023 1553 1259 1604 AEtlziopum
1277 1568 1485 1592 versemus
1505 1569 1594 1594 oves

871 1611 940 1648 sub
969 1611 1100 1650 sidere
1133 1612 1284 1649 cancri.
1314 1632 1332 1646 n
1355 1615 1451 1651 Haec
1481 1616 1592 1654 Serv.

870 1671 1111 1721 Exemplum
1136 1669 1301 1721 quidem
1333 1684 1476 1721 pamm
1505 1671 1594 1710 ido-

871 1741 1015 1773 neum,
1046 1728 1116 1765 sed
1145 1728 1194 1765 de
1227 1731 1458 1780 acceptione
1482 1731 1593 1769 vocis

869 1785 909 1824 h.
932 1786 960 1824 l.
977 1787 1021 1823 in
1036 1785 1147 1823 hunc
1177 1799 1338 1824 sensum
1353 1800 1438 1825 non
1471 1787 1592 1826 dubi-

868 1853 937 1886 t0;
958 1853 1004 1881 ut
1027 1852 1149 1881 terras
1165 1843 1331 1881 diversis
1354 1845 1445 1882 coeli
1464 1846 1589 1897 plagis

868 1902 1066 1949 subjectas
1088 1902 1354 1948 intellexerit,
1390 1911 1483 1952 post
1501 1903 1592 1954 fie-

868 1967 909 1994 ta
923 1986 934 2003 ‚
978 1967 1128 2002 terras,
1162 1972 1293 2002 saxa,
1329 1959 1369 1996 h.
1403 1972 1437 1996 e.
1471 1960 1588 1998 litora

866 2028 1017 2052 saxosa.
1043 2019 1168 2053 Porro
1198 2029 1373 2052 emensa·
1386 2015 1585 2067 ferimur,

866 2073 1024 2122 plenius
1062 2085 1182 2122 quam
1224 2086 1392 2111 emensae
1436 2087 1588 2114 sumus,

866 2131 969 2167 Mox
993 2143 1103 2166 mare
1126 2144 1318 2182 magnum
1343 2132 1475 2182 simpl.
1501 2147 1587 2171 vas-

868 2196 977 2234 tum,
1014 2189 1277 2236 immensum,
1313 2190 1371 2227 nil
1403 2190 1586 2241 amplius.

869 2245 1075 2283 Vols-imur
1101 2245 1239 2292 undis,
1277 2249 1449 2298 graviter
1483 2262 1584 2299 pro,

865 2305 1109 2355 navigamuS.
1134 2306 1227 2344 Non
1255 2306 1355 2343 adeo
1382 2305 1586 2344 dissimilia

865 2362 926 2399 his
943 2362 1121 2412 versibus
1141 2372 1234 2401 sunt
1248 2365 1321 2402 inf.
1340 2365 1401 2401 VI
1413 2392 1424 2410 ‚
1449 2364 1500 2402 58
1523 2378 1583 2416 sq.

865 2433 1039 2472 magnas
1061 2421 1249 2459 obeuntia
1269 2431 1394 2460 terras
1410 2425 1487 2460 Tot
1501 2435 1583 2460 ma-

862 2478 925 2515 ria
942 2477 1111 2526 intravi,
1137 2479 1237 2518 duce
1257 2489 1318 2526 te,
1338 2480 1583 2531 penitusque

862 2545 1039 2587 repostas
1055 2538 1277 2588 stlassylum
1295 2548 1461 2591 gentes,
1477 2551 1583 2589 proe-

864 2604 1054 2646 teneaque
1077 2597 1107 2633 S
1097 2596 1254 2646 yrtibus
1269 2610 1365 2634 arva
1383 2596 1399 2649 (
1418 2605 1465 2634 ut
1485 2595 1527 2634 h.
1548 2597 1579 2635 l.

860 2666 953 2690 saxa
972 2653 988 2706 )
1006 2665 1017 2692 ε
1035 2656 1130 2692 Jam
1161 2654 1328 2693 tandem
1350 2654 1486 2693 Iealioe
1503 2653 1580 2707 fit-

859 2711 1006 2764 gientis
1015 2712 1253 2765 prendimus
1274 2726 1379 2753 oras.
1400 2735 1459 2743 —
1477 2713 1578 2750 630.

864 2769 1009 2823 Hic-fi.
1029 2773 1080 2812 E.
1089 2771 1200 2826 fines
1217 2771 1394 2811 Parthas.
1411 2793 1470 2803 --
1482 2769 1579 2808 vid.

1352 2852 1383 2897 6
