1767 3054
136 160 158 198 4
171 154 217 191 16
463 159 738 199 EXCURSUS
768 161 808 197 11
839 161 914 199 AD
945 163 1151 201 LIBRUM
1181 164 1291 200 vm.

136 237 274 263 omnes
293 229 507 268 vertebant
525 232 806 284 terga·Sabaei.
825 235 920 282 Ipsa
938 233 1152 271 videbatur
1165 234 1302 272 ventis
1318 233 1458 285 regina
1472 232 1629 271 vocatis

137 294 239 330 Vela
264 294 384 344 dare,
404 307 445 336 et
468 299 588 337 laxos
608 300 866 351 jamjamque
891 300 1101 339 immittere
1117 301 1311 354 fimes—
1326 301 1476 339 Contra
1494 310 1628 338 autem

135 361 274 400 Nilum
290 385 348 393 ·—
365 367 700 419 Pandencemque
725 368 834 405 sinus
860 376 901 406 et
928 378 1012 406 tota
1037 379 1152 407 ‘veste
1174 379 1393 408 vocantem
1412 377 1487 407 etc.
1505 368 1627 407 Vides

132 430 218 469 haec
239 432 336 471 locis
359 448 402 472 ac
421 436 667 487 temporibus
693 450 775 474 esse
798 445 877 474 tam
904 436 1056 475 diversa
1069 465 1080 484 ,
1101 445 1148 475 ut
1165 450 1249 476 uno
1275 446 1507 489 argumento
1520 465 1531 484 ,
1556 450 1627 474 seu

131 510 211 535 una
237 501 370 539 tabula
395 502 508 540 nullo
531 503 651 541 modo
679 503 967 554 comprehendi
990 505 1155 555 possint.
1183 506 1233 541 In
1259 504 1462 556 triumpho
1492 513 1622 541 autem

131 566 292 605 Caesaris
318 570 434 620 plura
460 570 633 609 admixta
659 581 775 620 sunt,
795 585 885 624 quae
907 574 1061 623 poetica
1083 572 1351 622 phantasmata
1377 580 1494 618 sunt,
1524 585 1624 622 prae-

131 635 258 683 clara,
287 637 355 674 sed
374 638 483 676 nulla
510 648 614 687 arte,
645 653 728 678 nno
759 642 948 692 temporis
977 648 1203 687 momento,
1228 652 1391 690 unoque
1421 647 1460 676 et
1485 639 1622 677 eodem

128 704 311 742 locorum
328 708 455 757 spatio
467 735 477 754 ‚
502 707 683 745 exhiberi
701 717 868 758 queunt.

186 773 296 810 Artis
315 775 520 812 notionem
545 784 674 826 poetae
699 790 784 814 non
810 789 892 814 esse
917 777 1164 814 obversatam
1181 777 1324 815 ultimo
1343 776 1433 814 loco
1453 776 1624 815 declarat

130 839 298 877 maceria
328 841 479 892 clypei,
504 844 603 879 mira
632 844 808 881 mixtura
836 856 958 890 auro,
989 852 1175 894 argento,
1200 843 1305 880 ferro
1324 842 1369 880 in
1389 842 1494 880 idem
1522 856 1622 894 opus

128 908 313 947 conflato.
343 912 416 948 Per
443 911 622 961 porticus
646 911 831 962 Capitolii
856 911 922 964 (v.
946 910 1057 962 655)
1079 920 1246 948 auratas
1273 924 1386 949 anser
1411 921 1621 963 argenteus

126 975 266 1012 volitat
283 988 292 1013 :
313 976 390 1026 ipsi
410 977 514 1014 Galli
540 991 664 1015 aurea
683 980 837 1016 caesarie
850 1007 861 1025 ‚
886 978 1016 1016 aureis
1037 978 1197 1030 virgatis
1215 977 1393 1016 vestibus
1412 986 1452 1015 et
1467 980 1619 1028 torqui-

126 1041 200 1079 bus
219 1043 362 1082 aureis.
384 1046 477 1082 Non
496 1046 617 1096 igitur
639 1054 782 1097 ectypo
804 1046 926 1084 modo
946 1059 1065 1097 opere
1084 1045 1168 1083 haec
1187 1057 1369 1096 expressa
1382 1073 1393 1092 ‚
1411 1058 1550 1082 verum
1570 1045 1622 1082 ad

124 1111 299 1160 priscum
317 1119 356 1149 et
374 1114 541 1150 Homeri
561 1115 635 1151 aevi
655 1127 805 1152 morem
827 1116 944 1152 etiam
961 1115 1162 1153 coloribus
1181 1116 1349 1163 variata,
1367 1127 1463 1152 auro
1481 1114 1616 1152 saltem
1640 1155 1644 1159 ⁴

124 1186 163 1215 et
181 1188 366 1231 argento,
386 1181 430 1217 in
451 1194 547 1218 aerea
567 1182 698 1233 clypei
726 1196 824 1221 area.
845 1185 970 1221 Porro
988 1197 1027 1221 v,
1053 1183 1103 1230 67
1117 1196 1133 1219 1
1160 1195 1266 1220 mare
1285 1195 1383 1219 auro
1406 1180 1585 1220 effictum
1609 1196 1618 1221 :

123 1246 138 1297 (
149 1247 296 1285 Melius
312 1248 416 1299 apud
432 1252 611 1300 Propert.
630 1251 658 1288 l.
680 1264 714 1289 e.
733 1253 806 1298 IV,
830 1251 854 1288 6
869 1279 880 1297 ‚
906 1252 959 1288 26
987 1263 1190 1288 armorum
1215 1250 1342 1288 radiis
1348 1250 1464 1300 picta
1479 1259 1617 1288 treme-

122 1315 192 1352 bat
209 1316 346 1369 aqua)
373 1317 446 1354 sed
450 1318 580 1370 fluctu
607 1318 850 1368 spumabant
874 1319 1024 1357 caerula
1043 1332 1158 1358 cano.
1186 1321 1235 1355 In
1255 1318 1402 1356 σεεν-αἶα
1419 1330 1503 1356 non
1530 1326 1613 1369 ety-

121 1395 216 1420 mon
234 1384 344 1420 vocis
364 1385 618 1434 cogitandum
636 1385 811 1434 videtur,
836 1386 903 1424 sed
929 1386 1161 1437 simpliciter
1182 1399 1289 1423 mare
1309 1397 1319 1423 :
1336 1385 1456 1436 idque
1473 1397 1610 1435 argen-

121 1459 203 1487 teos
218 1449 365 1488 fluctus
380 1451 525 1489 habere
543 1453 683 1491 debuit
703 1465 712 1491 :
730 1455 911 1492 innatant
926 1463 1057 1492 tamen
1071 1453 1296 1504 delphines,
1313 1452 1435 1490 iidem
1452 1464 1612 1502 quoque

120 1520 292 1568 argentei
313 1530 323 1557 :
343 1521 399 1555 Ec
412 1519 557 1556 circum
577 1531 744 1572 argento
761 1521 863 1558 clari
879 1520 1087 1572 delphines
1104 1522 1146 1559 ἱη
1166 1521 1296 1559 orbem
1319 1522 1501 1571 AEquora
1518 1533 1611 1556 ver-

117 1586 260 1624 rebant
294 1587 432 1625 caudis
471 1597 688 1639 aestumque
724 1589 926 1626 secabant.
971 1590 1072 1626 Mox
1111 1589 1272 1625 Mavors
1308 1588 1472 1624 caelatus
1493 1585 1609 1637 ferro

119 1669 155 1692 v.
181 1668 262 1702 700
275 1683 284 1701 ,
307 1655 346 1694 h.
367 1670 400 1694 e.
419 1655 523 1693 ferro
539 1656 603 1693 vel
621 1656 790 1708 chalybe
806 1657 1046 1707 exsculptus.
1060 1655 1149 1694 Alia
1166 1669 1284 1706 supet·
1303 1655 1381 1692 hoc
1400 1655 1541 1704 clypeo
1559 1655 1604 1692 in

117 1723 220 1759 notis
240 1724 382 1773 passim
402 1732 495 1760 sunt
514 1722 734 1761 observata.

619 2093 737 2124 TOMI
760 2095 924 2124 TERTII
954 2095 1093 2125 FINIS.
