1767 3054
737 113 889 151 LIBER
922 114 1014 150 VII.
1548 134 1563 155 ,x
1576 121 1595 154 ‘3
1608 120 1624 152 ἶ

132 189 236 230 aliud
251 220 262 238 ,
287 189 427 228 frustra
448 185 637 232 sumitur,
667 186 739 223 etsi
764 190 844 237 jam

133 253 237 288 inter
267 248 451 287 Sei-viana
488 253 726 297 nugamenta
761 246 778 299 (
795 247 845 284 ad

135 308 204 347 lib.
229 307 331 352 vn,
371 318 386 343 1
403 303 419 356 )
438 303 707 349 venditatum3
741 319 815 343 nec
834 334 845 352 ,

132 367 218 404 siin
233 363 398 415 singulis
414 362 615 414 partibus,
640 362 703 399 vel
719 365 846 414 episo-

130 423 205 461 diis
227 423 392 459 Homeri
410 422 581 472 vestigiis
598 421 741 458 insistit
758 424 846 459 Ma·

129 493 204 526 ro,
222 493 313 517 eum
342 480 397 517 ita
424 480 598 516 imitatus
623 491 704 516 esse
738 479 846 518 credi

126 538 318 584 debebat,
338 547 382 575 nt
399 538 484 585 ejus
501 539 700 589 corpusin
717 547 846 589 partes

127 597 340 634 dissectum
381 609 489 633 novo
530 595 713 646 exemplo
755 610 846 634 con-

126 654 353 706 glutinaret.
378 656 602 704 Antequam
622 653 670 691 ad
693 654 845 692 Italiam

126 712 330 750 accederet
346 716 486 751 AEneas
505 740 515 758 ,
532 713 608 750 iter
624 714 739 760 Troja
769 713 846 749 fac-

126 779 211 808 tum
223 780 306 809 erat
313 769 844 820 commemorandum.Quod

124 830 168 866 in
179 830 357 867 Africam
368 828 542 866 defertur
552 830 695 873 classis,
711 829 820 878 quod
831 857 842 874 ,

124 900 248 937 quum
278 889 388 925 Juno
422 886 624 924 fraudibus
653 886 731 923 hoc
760 889 842 924 suis

125 953 372 995 consequuta
401 957 484 982 non
513 954 634 990 esset,
653 954 697 982 ut
715 945 841 982 Dido-

123 1005 186 1040 nis
212 1016 346 1041 amore
377 1004 554 1041 irretitus
581 1006 721 1041 AEneas
750 1004 842 1041 Car-

123 1061 281 1112 thagine
314 1060 527 1106 desideret,
566 1063 710 1098 iterum
747 1075 840 1098 con-

123 1120 268 1155 scensis
296 1119 465 1156 navibus
499 1120 669 1157 Siciliam
695 1119 844 1156 adeunt

123 1178 286 1224 Trojani
299 1204 308 1222 ,
331 1185 369 1213 et
387 1175 480 1215 inde
503 1178 670 1226 profecti
686 1177 843 1215 tandem

124 1233 279 1272 Tiberis
295 1235 392 1272 ostia
409 1235 674 1282 invehuntur3
696 1249 738 1272 ea
760 1249 843 1273 om-

124 1294 189 1329 nia
208 1292 258 1329 ad
281 1306 401 1330 unam
416 1292 525 1330 illam
543 1296 737 1331 actionem
758 1308 841 1332 non

124 1351 256 1387 minus
275 1353 474 1401 pertinent
487 1381 498 1398 ,
527 1366 645 1403 quam
667 1351 841 1390 difficul-

125 1417 222 1446 tates
235 1436 245 1454 ,
269 1422 358 1458 quae
385 1422 547 1446 escensu
574 1412 618 1447 in
636 1412 775 1448 Latino
794 1411 840 1448 li-

126 1476 209 1503 tore
242 1467 345 1503 facto
376 1467 660 1514 suboriuntur,
678 1469 841 1518 quibus-

120 1537 200 1573 que
221 1523 439 1562 verendnm
458 1533 562 1571 erat,
576 1540 626 1563 ne
644 1540 664 1563 a
680 1526 840 1563 sedibus

121 1584 163 1618 in
179 1584 290 1619 Latio
308 1582 551 1634 occupandis
581 1593 620 1621 et
640 1597 744 1621 nova
771 1598 837 1622 co-

120 1639 225 1677 lonia
254 1640 335 1677 hnc
363 1640 543 1678 ducenda
576 1641 837 1692 prohiberen-

119 1707 184 1735 tur
226 1699 389 1746 Trojani
423 1698 596 1738 advena».
629 1702 835 1738 Invocatio

121 1757 248 1794 Musae
276 1769 358 1794 non
385 1771 457 1808 per
476 1771 516 1794 se
534 1767 684 1808 partem
705 1760 835 1809 operis

120 1815 360 1851 constituere
373 1823 502 1864 potest
515 1828 656 1852 novam
672 1828 681 1853 :
703 1816 770 1853 sed
787 1815 836 1852 ad

121 1870 350 1908 excitandos
371 1880 409 1908 et
439 1872 740 1910 inflammandos
759 1874 835 1910 sub

120 1940 267 1980 iuagnae
287 1929 343 1965 rei
363 1928 572 1966 exordium
586 1943 676 1966 cnm
694 1939 834 1980 poeta-²,

123 1996 206 2022 tum
224 1985 382 2023 lectoris
398 1987 550 2023 animos
562 1987 689 2024 valere
704 1987 833 2026 debet.

119 2043 239 2094 Quod
260 2042 412 2080 diversa
431 2052 524 2080 sunt
545 2057 678 2081 rernm
705 2047 747 2082 in
776 2046 836 2082 his

119 2115 163 2138 ac
189 2101 463 2153 superioribus
487 2101 599 2138 libris
622 2102 815 2140 narranda

120 2173 210 2196 rum
243 2159 502 2211 genera,hoc
532 2161 661 2209 ipsum
691 2160 739 2197 ad
771 2173 835 2197 va-

119 2219 264 2254 rietatis
276 2230 319 2253 ac
335 2218 459 2267 copiae
475 2217 630 2253 laudem
648 2219 831 2268 pertinet.

117 2276 217 2325 Quis
244 2278 286 2312 iu
321 2276 496 2312 Homero
525 2287 731 2312 recensum
763 2289 831 2312 na-

116 2334 227 2370 rium
267 2345 411 2370 novam
461 2333 643 2369 carminis
680 2341 830 2383 partem

115 2392 353 2428 constituere
365 2390 524 2436 dixerit,
537 2391 726 2440 quoniam
738 2403 830 2441 poe-

115 2457 153 2484 ta
171 2449 299 2486 Musis
308 2449 501 2486 invocatis
516 2448 627 2485 illum
646 2448 802 2486 orditur
814 2450 831 2485 ?

117 2505 251 2557 stlajus
270 2519 367 2557 opus
390 2520 430 2544 se
451 2519 632 2550 movere,
650 2506 803 2557 ingredi
816 2535 828 2553 ,

114 2564 211 2602 dicit
238 2573 386 2615 pocta:
418 2578 550 2602 rerum
579 2572 736 2601 naturas
767 2578 826 2601 re·

112 2623 304 2672 spiciens,
330 2621 433 2660 bella
462 2635 508 2659 ac
530 2635 706 2673 pugnaS,
734 2635 824 2659 cum

112 2679 314 2718 erroribus
333 2681 539 2718 maritimis
555 2688 794 2731 comparatas
811 2692 821 2717 :

116 2736 259 2774 Dicam
296 2736 461 2775 horrida
504 2737 630 2783 bella,
676 2737 817 2776 Dicam

110 2794 218 2831 acies
234 2803 307 2833 etc.
334 2809 369 2833 v.
391 2803 437 2840 4¹
458 2823 467 2840 ‚
490 2803 554 2839 42.

969 186 1285 238 Reprehendunt
1331 193 1395 230 alii
1445 204 1599 245 poetam
1616 228 1626 239 .

910 244 1020 296 quod
1039 245 1184 283 horum
1200 264 1270 287 sex
1291 250 1486 288 librorum
1518 269 1629 305 argu-

911 312 1090 341 mentum
1120 307 1224 346 intra
1260 307 1362 345 bella
1397 321 1441 345 ac
1476 304 1627 361 pugnas

913 365 1171 405 continetur:
1201 366 1272 404 hac
1303 380 1438 404 rerum
1474 381 1628 419 semper

913 433 957 458 ac
980 422 1085 460 idem
1116 436 1241 474 genus
1267 424 1518 462 redeuntium
1545 436 1626 463 tur-

912 477 962 515 ba
977 509 988 526 ,
1012 481 1116 518 nasci
1138 484 1304 534 legentis
1320 481 1494 521 taedium.
1519 485 1628 522 Scili-

910 544 973 572 cet
993 541 1049 575 sic
1066 538 1116 575 ab
1135 542 1245 578 omni
1261 541 1486 578 narratione
1503 543 1626 592 epica,

910 606 1000 643 quae
1033 598 1077 633 in
1103 599 1223 635 rebus
1249 600 1365 650 gestis
1397 601 1549 651 magnis
1587 615 1628 636 ac

910 652 1158 708 mirabilibus
1177 685 1188 702 ,
1219 656 1408 708 factisque
1452 657 1627 695 audaci-‘n

910 723 954 747 ac
971 713 1129 750 virtutis
1147 714 1316 752 heroicae
1330 716 1460 766 specie
1476 717 1626 753 animos

909 771 1164 810 moventibus
1190 781 1394 819 versatur,
1415 775 1489 810 erit
1505 773 1625 811 absti-

909 827 1098 868 nendum.
1123 832 1225 869 Nam
1243 839 1282 868 et
1301 844 1441 882 magna
1462 840 1520 868 est
1543 845 1626 869 oiu-

908 887 1022 923 nium
1054 888 1297 936 similitudo,
1319 898 1358 926 et
1387 903 1525 940 magna
1560 904 1625 927 eo-

908 955 998 980 rum
1018 958 1106 994 pars
1129 947 1247 983 rebus
1270 947 1378 985 bello
1396 949 1513 998 gestis
1530 961 1625 984 con-

909 1002 1087 1040 tinetur:
1111 1005 1292 1055 inprimis
1321 1005 1354 1042 si
1381 1006 1430 1042 de
1453 1007 1500 1041 iis
1518 1019 1624 1055 quae-

909 1060 1034 1106 ritur,
1058 1075 1146 1110 quae
1166 1071 1443 1113 argumentum
1467 1065 1624 1112 epicum

908 1118 1161 1168 suppeditare
1185 1122 1351 1170 possint.
1372 1124 1477 1158 Tum
1493 1120 1597 1158 bello
1612 1150 1621 1161 ‚

909 1174 958 1210 ad
974 1177 1102 1226 ipsum
1122 1176 1377 1215 historiarum
1396 1177 1516 1215 fidem
1531 1206 1542 1224 ‚
1562 1192 1626 1229 pa-

907 1241 1002 1270 ratae
1036 1232 1200 1272 fuerunt
1235 1237 1414 1283 Trojanis
1444 1235 1553 1273 sedes
1582 1238 1625 1273 in

908 1293 1043 1338 Latio;
1077 1301 1116 1330 et
1151 1295 1290 1330 variati
1318 1302 1411 1331 sunt
1448 1307 1468 1330 a
1505 1303 1624 1343 poeta

906 1362 1131 1400 pugnarum
1160 1364 1271 1387 casus
1295 1351 1483 1397 mirilice3
1508 1353 1622 1388 etiam

907 1407 1093 1457 episodiis
1127 1411 1207 1446 suis
1242 1409 1431 1446 distincti.
1471 1409 1622 1446 Bellum

906 1467 1018 1502 aiunt
1056 1476 1218 1518 propter
1257 1467 1429 1518 puellam
1443 1495 1453 1513 ,
1489 1469 1623 1504 AEneae

906 1537 1112 1574 nunquam
1130 1527 1277 1577 visam,
1294 1527 1375 1576 geri
1396 1536 1405 1563 :
1428 1524 1538 1576 quod
1555 1539 1621 1561 ie-

905 1597 995 1620 rum
1014 1597 1097 1621 non
1117 1592 1187 1622 est.
1208 1584 1372 1621 Geritur
1393 1583 1544 1620 bellum
1562 1596 1622 1619 su-

903 1655 975 1692 per
983 1643 1248 1690 Trojanorum
1259 1640 1419 1678 sedibus
1434 1643 1477 1678 in
1489 1642 1619 1678 Latio:

904 1699 1053 1737 accedit
1070 1701 1243 1737 Laviniae
1260 1700 1492 1750 conjugium
1504 1727 1514 1742 ‚
1541 1707 1621 1735 tan-

900 1770 1019 1806 quam
1035 1759 1181 1808 pignus
1197 1757 1355 1794 foederis
1371 1769 1460 1792 cum
1479 1757 1619 1792 Latino

901 1814 949 1851 de
969 1815 1030 1851 his
1049 1815 1209 1851 sedibus
1231 1816 1274 1851 in
1291 1815 1400 1852 Latio
1423 1814 1618 1850 concessis

902 1872 991 1907 facti
1013 1874 1141 1917 :V11,
1167 1872 1249 1908 260
1277 1885 1336 1921 sq.
1360 1871 1437 1917 267
1460 1884 1517 1920 sq.
1543 1872 1613 1907 La-

902 1930 1020 1966 xiniae
1055 1942 1250 1975 amorem,
1287 1928 1442 1978 qualem
1482 1937 1614 1965 nostr-i

901 1995 992 2023 aetas
1011 1986 1154 2036 probat
1169 2015 1180 2032 ‚
1200 1986 1249 2022 ab
1266 1988 1386 2023 AEnea
1406 1985 1549 2022 frustra
1571 1988 1616 2023 in

900 2043 1058 2081 heroica
1079 2046 1158 2080 vita
1186 2045 1431 2094 exspectari,
1456 2043 1532 2081 alio
1553 2043 1612 2080 lo-

902 2114 949 2138 co
979 2103 1131 2139 monui.
1160 2103 1311 2140 Amatae
1342 2114 1505 2151 quoque
1526 2114 1614 2151 par-

902 2168 980 2205 tes,
997 2159 1131 2209 quales
1162 2160 1299 2197 Mariae
1323 2158 1513 2196 Mediceae
1549 2160 1612 2195 vel

901 2219 1030 2253 Annae
1053 2218 1296 2263 Austriacae,
1317 2229 1360 2254 ea
1388 2225 1502 2254 aetate
1525 2215 1609 2253 dari

899 2287 981 2311 non
1022 2283 1217 2324 poterant.
1251 2275 1377 2312 Etiam
1415 2275 1496 2312 icto
1530 2274 1610 2322 jam

898 2344 989 2368 cum
1008 2334 1145 2369 Latino
1168 2331 1334 2378 foedere,
1351 2345 1504 2369 caussas
1517 2332 1610 2370 belli

896 2391 1006 2427 aiunt
1022 2389 1247 2441 (Macrobii
1263 2389 1447 2441 exemplo
1462 2392 1541 2428 Sat.
1556 2391 1608 2435 V,

904 2459 917 2482 1
930 2461 948 2494 7
967 2449 981 2498 )
1000 2449 1117 2485 nimis
1133 2461 1214 2485 esse
1233 2448 1355 2486 exiles
1381 2461 1425 2485 ac
1444 2456 1581 2484 tenues
1597 2463 1607 2493 ;

896 2518 1051 2542 cervam
1065 2534 1076 2552 ‚
1099 2506 1242 2557 puellae
1263 2507 1394 2545 Silviae
1421 2504 1580 2542 delicias
1597 2535 1606 2546 ,

893 2575 988 2600 casu
1018 2575 1038 2599 a
1064 2564 1244 2612 Trojanis
1263 2576 1414 2602 caesam.
1446 2565 1527 2601 Nec
1550 2571 1604 2599 ta-

893 2633 984 2658 men
1006 2633 1137 2658 caussa
1166 2621 1251 2659 haec
1279 2621 1374 2658 belli
1395 2620 1489 2666 suit,
1510 2619 1577 2656 sed
1591 2648 1601 2663 ,

889 2678 1131 2716 exacerbatis
1157 2681 1236 2728 jam
1264 2680 1494 2717 Latinorum
1520 2679 1602 2714 ani-

888 2738 960 2774 mis
978 2738 1102 2787 prima
1115 2764 1127 2783 ,
1146 2750 1223 2788 qua
1243 2743 1493 2787 erumperent
1510 2736 1600 2778 irae,

885 2795 1039 2832 occasio
1056 2794 1122 2845 (cf.
1145 2794 1195 2832 ad
1213 2796 1314 2841 VII,
1338 2793 1460 2844 475):
1479 2803 1603 2841 eaque
