1767 3054
747 151 899 187 UBI-:n
930 150 982 187 Y.

118 246 132 261 n
157 223 287 270 Vade
313 237 423 284 age,
444 230 512 277 et,
535 219 760 275 Ascanio,
784 219 822 265 si
841 220 941 282 jam
967 220 1149 282 puerile
1175 235 1390 284 paratum

113 301 296 359 Agmen
319 294 462 342 habet
485 309 667 351 seeum,
693 309 954 355 cursusque
976 293 1200 340 instruxit
1222 313 1477 358 equorum,

114 377 268 420 Ducat
291 386 381 417 avo
403 383 603 426 turmas,
625 378 670 414 et
691 385 791 414 sese
817 368 1033 415 ostendat
1057 369 1105 414 in
1126 372 1289 428 armis,

111 449 223 506 Dic,
246 468 264 488 υ
287 447 365 494 ait.
387 449 495 508 Ipse
519 460 707 490 omnem
729 444 871 506 longo
897 443 1126 490 decedere
1145 445 1272 492 circo

112 522 328 568 Infusum
355 519 610 582 populum,
636 530 682 565 et
706 535 898 581 campos
911 518 1049 582 jubet
1075 536 1175 566 esse
1200 523 1416 582 patentis.

111 595 344 643 Incedunt
364 595 523 658 pueri,
549 594 823 656 pariterque
847 603 955 639 ante
980 609 1063 639 ora
1089 607 1341 656 parentum

112 671 325 720 Frenatis
350 672 508 717 lucent
528 670 576 715 in
595 670 728 732 equis
750 690 759 716 :
782 685 901 731 quos
927 670 1077 715 omnis
1100 681 1263 717 euntes

111 746 367 793 Trinacriae
391 746 560 791 mirata
586 745 741 791 fremit
766 745 1014 807 Trojaeque
1029 744 1270 806 juventus.
1559 761 1615 789 535

112 820 346 868 Omnibus
372 821 420 866 in
445 836 625 866 morem
650 832 783 867 tonsa
810 835 944 865 coma
968 835 1130 882 pressa
1153 835 1343 867 corona.

110 1025 191 1049 rem
212 1011 363 1061 aliquot
390 1011 544 1048 Heinsii
573 1010 689 1056 libri,
718 1010 828 1059 quod

109 1072 192 1120 ipse
230 1077 366 1106 monet
406 1070 568 1105 comicis
605 1082 686 1105 esse
717 1068 827 1105 fami-

108 1128 228 1173 liare3
258 1125 368 1177 quod
393 1135 524 1163 tamen
551 1127 584 1162 si
606 1134 686 1172 est,
716 1127 828 1176 epico

109 1198 290 1223 sermone
329 1185 462 1221 minus
501 1184 666 1234 dignum
703 1184 829 1221 videri

109 1242 240 1280 debet.
259 1243 365 1280 Bene
380 1243 497 1278 etiam
518 1244 652 1278 Burin.
678 1250 827 1289 monet,

111 1302 153 1337 ιή
172 1313 309 1337 aurem
331 1313 412 1336 esse
433 1300 599 1347 alicujus
616 1301 702 1336 auri
723 1312 829 1336 arca-

110 1359 152 1396 ni
185 1357 283 1408 quid
311 1358 584 1402 insusurrare,
612 1356 671 1393 ad
690 1370 827 1394 aurem

109 1429 204 1454 vero
225 1414 363 1468 fidam
390 1414 576 1466 Epytidae
606 1414 712 1451 idem
746 1428 827 1453 esse

108 1487 173 1520 ac,
195 1473 245 1510 ad
269 1471 397 1510 fidum
418 1472 704 1510 hominem.--
719 1475 829 1523 Epy-

109 1531 230 1569 tidem
251 1544 301 1568 ex
323 1531 539 1569 Homerico
566 1530 802 1581 Periphante
817 1561 826 1577 ,

111 1591 234 1640 Epyti
265 1587 375 1635 filio,
408 1587 519 1626 Iliad.
552 1601 594 1641 ρ,
628 1590 709 1633 343
741 1602 827 1640 sq.‚

110 1648 361 1685 adumbrasse
376 1646 549 1684 videtur.
560 1668 619 1674 —
633 1647 656 1684 5
662 1648 727 1684 50.
755 1648 827 1684 Os·

109 1714 234 1743 tentet
266 1707 374 1744 Serv.
408 1704 458 1741 ad
477 1706 573 1758 {XL
599 1713 738 1750 42.—-
756 1708 827 1744 Or-

109 1773 224 1802 natus
251 1775 389 1801 versus
419 1762 468 1800 de
494 1763 681 1803 Ascanio.
715 1766 820 1809 Avo,

108 1823 152 1858 in
182 1821 290 1858 ludis
325 1822 368 1858 in
406 1819 592 1859 Anchisae
628 1822 827 1860 honorem

110 1877 386 1916 habim—55
395 1891 428 1916 1.
451 1879 539 1923 Dic,
555 1880 627 1926 aie,
641 1892 689 1917 ex
707 1880 824 1920 codd.

109 1945 147 1973 et
167 1937 320 1973 ratione
338 1934 549 1972 firmarunt
569 1937 670 1975 Pier.
695 1946 734 1974 et
751 1939 824 1976 Ge.

110 1993 263 2032 Fabric.
283 1992 366 2031 Alii
386 1992 463 2030 Sic.
476 2015 533 2022 —-
546 1993 658 2031 Circo
676 1994 725 2031 de
742 2008 826 2046 spa-

110 2053 173 2089 tiis
182 2060 220 2089 et
229 2051 319 2089 loco
332 2052 373 2087 in
394 2063 475 2100 quo
492 2050 683 2088 decursus
694 2065 827 2102 eques-

110 2119 168 2147 ter
187 2108 233 2146 fit
246 2138 257 2156 ,
279 2118 325 2146 ut
340 2122 428 2159 sup.
454 2110 535 2159 289
552 2108 600 2146 de
618 2109 755 2147 stadio.

170 2168 251 2212 554
266 2189 324 2196 ——
344 2168 439 2204 556.
461 2169 658 2205 Ornatam
681 2167 824 2205 verbo-

108 2239 200 2263 rum
227 2224 319 2262 vide
345 2226 389 2262 in
417 2225 553 2262 lacem·
578 2238 652 2275 pro
669 2225 823 2262 vehun-

109 2293 197 2332 tur,
221 2291 261 2321 et
280 2282 429 2321 mirata
443 2281 591 2334 fremit
614 2296 688 2332 pro
707 2284 824 2320 mira-

108 2350 197 2388 tur,
222 2350 261 2380 et
283 2343 339 2379 sic
362 2353 485 2392 porro
503 2341 546 2377 in
566 2339 675 2387 aliis;
697 2349 741 2377 ut
763 2342 822 2378 in-

105 2398 164 2436 fra
184 2398 395 2451 :fulgent,
413 2407 642 2450 vagantur,
666 2407 741 2437 ete.
764 2419 822 2427 ·—

108 2458 133 2495 5
139 2458 206 2495 56.
232 2459 366 2495 Tonsa
376 2470 492 2494 coma
500 2469 640 2506 pressa
655 2470 817 2501 corona,

106 2516 307 2561 coronati,
338 2523 377 2552 et
404 2514 587 2566 quidem,
621 2523 666 2551 ut
686 2515 755 2552 inf.
781 2528 819 2552 v.

106 2573 188 2621 673
226 2572 485 2624 intelligitur,
521 2571 592 2609 ubi
627 2574 823 2610 Ascanius

101 2630 269 2682 galeam
292 2640 386 2668 ante
403 2630 530 2682 pedes
546 2630 719 2682 projecit
735 2629 823 2666 ιἰια-

107 2700 226 2736 nem,
252 2701 400 2728 corona
422 2701 542 2739 super
572 2688 719 2739 galeam
748 2689 820 2725 im-

106 2747 232 2795 posita
250 2761 261 2794 ;
299 2746 426 2797 qualis
466 2745 537 2784 inf.
579 2747 660 2783 vn
681 2774 692 2792 ,
739 2746 816 2793 751

107 2803 263 2841 Fronde
293 2817 409 2855 super
438 2803 603 2856 galeam
643 2813 682 2842 et
700 2802 824 2856 felici

896 1020 1045 1047 comcus
1080 1011 1198 1050 oliva.
1235 1013 1286 1050 ef.
1321 1014 1459 1052 Cerda.
1494 1015 1616 1052 Coma

894 1077 1028 1106 tamen
1057 1069 1121 1106 vel
1148 1072 1202 1107 sie
1228 1085 1254 1106 α
1282 1084 1429 1108 corona
1456 1071 1569 1122 <non
1593 1087 1611 1109 a

895 1126 1002 1177 galea
1015 1126 1181 1176 >pressa
1201 1127 1281 1165 dici
1301 1131 1432 1179 potuit
1447 1157 1457 1176 ,
1482 1139 1617 1180 quate-

896 1197 972 1220 nus
988 1183 1073 1221 haec
1098 1195 1218 1236 caput
1240 1186 1450 1224 ambiebat.
1486 1190 1618 1226 Tonsa

896 1254 1068 1286 corona,
1095 1242 1135 1280 h.
1166 1257 1199 1281 e.
1229 1257 1279 1280 ex
1308 1244 1448 1281 arbore
1478 1254 1613 1289 tonsa,

896 1299 961 1336 cui
974 1299 1136 1336 frondes
1149 1300 1366 1350 decerptae:
1385 1310 1431 1338 ut
1444 1304 1515 1340 inf.
1533 1317 1550 1350 7
1562 1317 1580 1351 7
1591 1312 1615 1348 Ι,

895 1366 1010 1393 tonsa
1042 1356 1159 1396 oliva.
1178 1358 1309 1409 (Male
1343 1359 1391 1396 ad
1427 1361 1566 1399 Horat.
1599 1364 1618 1398 Ι

895 1415 1024 1452 Carm.
1051 1428 1070 1463 7
1087 1444 1097 1461 ,
1122 1429 1140 1463 7
1165 1416 1230 1454 hic
1245 1417 1357 1454 locus
1377 1419 1619 1470 excitatur.)

897 1474 946 1509 In
973 1486 1122 1510 morem
1136 1502 1146 1520 ‚
1176 1488 1227 1512 ex
1246 1488 1357 1512 more
1376 1475 1497 1524 hujus
1516 1476 1619 1514 ludi-

896 1531 967 1568 cri.
1003 1533 1129 1568 Docta
1155 1532 1340 1582 quidem,
1372 1533 1440 1570 sed
1469 1536 1617 1585 impor-

896 1597 992 1626 tuna
1013 1598 1107 1627 nota
1123 1599 1181 1627 est
1197 1592 1323 1629 Servii
1343 1591 1392 1628 ad
1411 1592 1451 1629 h.
1473 1592 1519 1639 l.,
1544 1595 1615 1643 qui

894 1648 1010 1684 etiam
1033 1660 1224 1685 coronam
1245 1648 1294 1685 de
1314 1650 1422 1700 galea
1437 1652 1616 1701 accipere

893 1705 1006 1751 vult,
1029 1707 1179 1757 quippe
1210 1720 1300 1757 quae
1329 1709 1504 1746 Homero
1532 1708 1615 1746 στέ-

895 1775 1012 1815 φανος
1044 1765 1094 1800 sit
1131 1764 1242 1802 Iliad.
1275 1779 1320 1811 ῃ,
1353 1779 1400 1802 12
1431 1766 1445 1816 (
1464 1766 1614 1804 scilieet

893 1820 1083 1873 στέφανην
1115 1821 1246 1860 dicere
1275 1822 1428 1869 voluit,
1457 1837 1547 1874 quae
1575 1832 1613 1862 et

893 1879 987 1916 alibi
1016 1880 1123 1930 apud
1153 1883 1372 1918 Homerum
1405 1883 1582 1918 occurrit
1602 1909 1611 1920 .

894 1945 933 1972 et
950 1937 1070 1986 galeae
1087 1939 1248 1987 proprIe
1260 1951 1350 1987 pars
1362 1946 1422 1974 est
1439 1939 1612 1976 fr0ntem

893 1994 1070 2031 ambiens
1087 1996 1349 2040 eminentior,
1372 1995 1496 2045 qualis
1515 2009 1555 2033 v.
1575 2010 1609 2035 e.

891 2051 935 2087 in
957 2050 1174 2089 VVinkelm.
1197 2053 1376 2090 Monam.
1407 2052 1543 2091 inedd.
1569 2067 1609 2092 n.

898 2108 974 2145 108
989 2108 1018 2158 ).
1049 2111 1097 2146 In
1125 2109 1265 2147 iisdem
1294 2110 1491 2148 Servianis
1518 2111 1609 2149 sub-

888 2166 1038 2214 jectum
1057 2167 1192 2217 paullo
1214 2176 1304 2218 post
1324 2180 1333 2205 :
1356 2169 1438 2205 Sed
1453 2168 1531 2206 alii
1550 2170 1609 2206 di-

892 2233 1007 2269 cunt,
1024 2224 1201 2275 potuisse
1218 2238 1285 2262 eos
1298 2225 1444 2277 galeas
1463 2225 1608 2264 habere

891 2292 1115 2321 coronatas.
1134 2282 1292 2320 Baebius
1311 2292 1447 2321 tamen
1467 2286 1609 2322 DIacer

890 2338 998 2390 (ejus
1011 2342 1252 2378 mentionem
1269 2342 1362 2378 facit
1371 2343 1479 2381 Serv.
1493 2344 1609 2380 etiam

888 2397 938 2434 ad
953 2398 1037 2436 Ecl.
1052 2401 1109 2436 IX
1121 2428 1132 2446 ,
1153 2406 1202 2447 47
1220 2398 1235 2449 )
1254 2399 1360 2436 dixit
1373 2412 1386 2435 .·
1401 2413 1426 2437 a
1450 2401 1608 2438 Coesare

888 2457 1068 2507 Augusto
1105 2457 1242 2508 pueris
1257 2486 1269 2502 ‚
1322 2457 1393 2508 qui
1433 2458 1609 2495 luserunt

892 2512 1051 2564 Trojam
1066 2543 1077 2561 ,
1101 2511 1276 2553 donatas
1301 2528 1385 2552 esse
1399 2516 1544 2568 galeas
1570 2527 1612 2553 ec

887 2570 983 2608 bina
998 2570 1161 2610 hastilia
1172 2588 1188 2618 ;
1207 2573 1267 2610 ad
1277 2573 1389 2625 quod
1399 2573 1607 2625 Virgilium

888 2638 1042 2667 constat
1075 2631 1268 2676 alludere.
1315 2633 1446 2670 Poetae
1483 2633 1606 2683 igitur

884 2686 1079 2734 judicium
1101 2690 1145 2726 in
1162 2689 1224 2726 his
1250 2688 1299 2726 ad
1323 2702 1433 2728 suam
1453 2697 1605 2727 aetatem

888 2746 1230 2785 accommodandis
1279 2747 1480 2784 declarant
1520 2746 1605 2784 haec

887 2804 1015 2842 Macri
1033 2803 1163 2843 verba.
1191 2804 1250 2844 Cf.
1272 2808 1435 2844 Sueton.
1464 2807 1602 2843 Octav.

1313 2882 1364 2926 5*
