1767 3054
150 178 229 216 274

778 170 1020 208 AENEIDOS

146 238 372 286 Sarrastis
396 239 624 302 populos,
652 250 697 285 et
718 256 823 301 quae
849 242 970 302 rigat
994 255 1187 301 aequora
1212 242 1411 298 Sarnus,

146 313 338 375 Quique
362 314 534 360 Rufras
559 314 874 376 Batulumque
898 324 1078 372 tenent,
1106 327 1248 377 atque
1273 331 1387 362 arva
1409 315 1647 373 Celennae,

145 392 205 436 Et
227 404 345 451 quos
370 390 594 435 maliferae
620 389 894 451 despectant
915 389 1087 435 moenia
1111 389 1313 451 Abellae3

1587 405 1648 445 740

145 463 407 509 Teutonico
429 464 524 509 ritu
546 464 671 509 soliti
695 474 919 524 torquere
944 464 1138 521 cateias;

144 537 372 599 Tegmina
392 538 496 599 quis
522 537 730 599 capitum
756 548 919 599 raptus
945 537 1003 583 de
1029 537 1199 584 subere
1224 550 1410 600 cortex3

146 613 413 673 AErataeque
439 612 614 657 micant
638 612 799 674 peltae,
825 611 967 657 micat
992 627 1142 657 aereus
1166 613 1301 660 ensis.

210 690 269 733 Et
294 698 339 733 te
355 721 367 744 ,
389 697 618 734 montosae
643 685 812 733 misere
835 686 884 731 in
906 685 1069 747 praelia
1092 689 1277 746 Nersae,

144 762 313 820 Ufens,
342 762 573 824 insignem
598 762 744 819 fama,
770 772 817 806 et
846 759 1063 806 felicibus
1088 760 1257 819 armis3
1592 772 1651 814 745

144 836 356 883 Horrida
377 838 617 899 praecipue
639 836 716 882 cui
740 852 874 899 gens,
901 835 1190 898 adsuetaque
1213 836 1361 883 multo

143 916 330 959 Venatu
352 928 600 960 nemorum
613 947 626 973 ,
649 911 781 960 duris
805 911 1056 975 AEquicula
1077 910 1239 974 glebis.

147 1080 242 1128 738.
271 1081 465 1119 Sarrastis
493 1082 630 1120 Heius.
656 1095 707 1120 ex
732 1091 863 1120 vetus-

143 1137 327 1177 tioribus.
349 1140 484 1190 Vulgo
518 1142 730 1178 Sarrastes.
765 1141 863 1178 Cor-

143 1204 260 1246 rupte
279 1196 328 1234 al.
357 1198 600 1241 Sarrastres,
643 1199 857 1242 Serestres,

143 1253 381 1299 Sarrascrls,
423 1256 647 1291 San-antes.
681 1256 737 1292 At
770 1256 862 1291 Sar-

141 1319 273 1347 rastas
291 1325 490 1361 nusquam
509 1311 593 1348 vidi
608 1320 858 1350 memoratos,

138 1368 260 1406 Silius
275 1371 397 1416 VIII,
419 1370 498 1407 538
520 1371 722 1406 Sarrastes
739 1369 860 1406 eciam

133 1427 307 1474 populos
338 1435 520 1477 totasque
549 1426 709 1464 videres
741 1426 865 1463 Sarni

142 1482 249 1518 mitis
279 1496 384 1532 opes.
419 1486 476 1520 Ec
503 1497 584 1534 qua
603 1484 712 1535 rigat
740 1487 858 1523 Rom.

142 1547 182 1575 et
205 1539 359 1590 aliquot
378 1542 515 1578 Heius.
543 1554 636 1578 cum
660 1543 774 1579 Witt.
792 1541 863 1590 qui

141 1611 173 1634 r.
195 1599 225 1634 F
228 1610 336 1634 rane.
354 1620 413 1626 —-
437 1600 660 1642 Sarrastes,
685 1598 798 1636 Sarni
814 1598 856 1637 fl.

141 1655 290 1704 (quem
311 1655 407 1692 olim
438 1657 600 1691 Sarrum
629 1656 860 1704 pronuntia-

143 1720 230 1748 tum
267 1725 349 1749 esse
392 1712 579 1764 apparet)
615 1711 769 1749 accolae.
801 1734 859 1740 ——

146 1770 241 1818 739.
263 1768 409 1820 Rufras
431 1771 567 1807 Heius.
590 1782 610 1806 e
630 1770 858 1807 vetustiori-

141 1827 230 1863 hus.
251 1827 398 1878 Vulgg.
431 1825 569 1878 Rufas.
601 1829 706 1864 Tum
730 1828 857 1863 Bata-

140 1884 224 1921 Ium
242 1886 358 1922 Rom.
378 1893 417 1920 et
440 1883 548 1922 Gud.
568 1897 588 1920 a
611 1897 664 1921 m.
686 1896 748 1933 pr.
775 1886 857 1920 Ba-

140 1942 264 1989 tylam
283 1941 430 1979 Medic.
453 1955 472 1978 a
493 1955 546 1979 m.
568 1954 645 1979 see.
668 1941 857 1978 Batulum

140 1999 299 2037 Zulich.
318 1999 514 2036 Bacalum
535 1999 657 2036 Goth.
679 2006 767 2036 tert.
790 1999 859 2036 Ce-

139 2056 232 2093 Iene
261 2056 410 2095 Medic.
433 2070 452 2094 a
480 2070 532 2094 m.
565 2070 627 2107 pr.
657 2056 858 2093 Celemnoe

139 2114 293 2164 aliquot
316 2117 416 2153 Pier.
439 2128 532 2152 cum
548 2115 685 2152 Heius,
706 2113 855 2152 multis.

141 2172 346 2210 Calemnoe
363 2176 480 2212 Rom.
495 2172 560 2209 alii
579 2171 760 2216 Culenoe,
780 2171 856 2208 Ca-

139 2228 290 2274 lennoe,
318 2230 498 2275 Celenoe,
525 2229 710 2266 Celoenae.
729 2230 855 2266 Etiam

141 2287 263 2325 Goth.
290 2296 378 2326 tert.
402 2287 548 2338 quique
575 2300 685 2325 arva.
706 2308 764 2314 —
783 2288 854 2325 AE-

139 2357 267 2393 quera
299 2357 554 2396 camporum,
586 2352 633 2381 ut
663 2357 720 2382 vs.
756 2345 850 2391 728.

139 2421 197 2428 ———-
235 2408 330 2447 740.
367 2402 521 2440 Moenia
553 2402 682 2438 Belloe
717 2415 853 2439 omnes

139 2460 241 2496 Pier.
275 2466 313 2495 et
334 2461 471 2499 Heius.
502 2460 658 2497 Scilicet
693 2456 853 2510 antiqua

139 2517 334 2565 scriptura
353 2528 362 2554 :
380 2517 662 2554 Moeniabellae.
682 2517 757 2554 Sed
775 2519 855 2565 jam

140 2581 230 2610 aute
259 2574 441 2611 Servium
471 2573 722 2611 emendatum
746 2574 852 2613 fuit:

141 2629 287 2668 moenia
316 2630 484 2668 Abelloe.
517 2634 710 2680 Pompon.
741 2632 856 2669 Avel-

140 2689 204 2726 loe.
247 2689 298 2725 In
334 2689 528 2726 Servianis
563 2690 679 2724 etiam
726 2702 855 2726 narra-

140 2746 318 2783 tiuncula
358 2746 558 2791 occurrit,
609 2746 728 2782 Noloe
771 2748 853 2796 pri-

139 2817 250 2842 mum
281 2816 302 2841 a
342 2811 458 2855 poeta
483 2803 602 2840 fuisse
636 2804 853 2854 scriptum,

932 1080 1001 1120 sed
1049 1088 1247 1120 mutatum
1290 1093 1438 1118 nomen
1483 1088 1649 1132 propter

931 1148 1117 1191 negatum
1171 1141 1249 1189 ipsi
1298 1139 1530 1188 hospitium.

934 1198 1038 1247 Quos
1071 1198 1300 1247 despectant
1335 1196 1482 1233 moenia
1524 1195 1646 1233 Abel-

929 1254 1009 1299 loe;
1052 1254 1212 1291 videtur
1260 1254 1386 1291 altum
1435 1255 1478 1290 in
1512 1262 1647 1291 monte

929 1311 1051 1348 situm
1091 1311 1276 1348 habuisse
1308 1311 1387 1348 hoc
1426 1310 1643 1361 oppidum,

929 1368 1036 1405 unde
1053 1377 1286 1419 prospectus
1305 1377 1389 1405 erat
1407 1369 1452 1406 in
1475 1380 1588 1420 agros
1608 1377 1648 1405 et

929 1438 1161 1477 camporum
1195 1426 1414 1476 planitiem.
1450 1446 1509 1454 --
1548 1433 1643 1474 741.

931 1484 1096 1528 Caceia‚
1142 1481 1211 1520 teli
1247 1496 1393 1535 geum,
1436 1482 1516 1520 hoc
1555 1483 1645 1521 loco

927 1540 1179 1578 Teutonibus
1195 1541 1393 1577 tributum
1405 1568 1416 1586 ,
1435 1553 1518 1590 quo
1535 1553 1645 1578 nunc

927 1598 1118 1634 Sarrastes
1137 1607 1176 1634 et
1198 1599 1361 1647 Hirpini
1390 1606 1577 1635 utuntur.
1611 1600 1643 1636 E

927 1655 1120 1706 Virgilio,
1140 1654 1322 1691 Valerius
1342 1654 1447 1691 Flac.
1468 1663 1508 1691 et
1526 1655 1644 1693 Silius

925 1724 1013 1748 eam
1042 1712 1299 1762 repetierunt.
1328 1713 1482 1749 Vocem
1523 1712 1643 1750 Celti-

927 1781 1011 1805 cam
1045 1782 1152 1815 esse,
1185 1781 1273 1819 quae
1302 1770 1467 1806 omnino
1485 1768 1644 1821 longius

924 1824 1045 1862 hastae
1063 1839 1185 1876 genus
1203 1826 1393 1877 designet,
1413 1825 1551 1864 doem't
1567 1839 1643 1863 nu-

925 1896 997 1933 per
1015 1883 1146 1920 Bullet
1166 1883 1370 1935 (Diction.
1394 1883 1531 1921 Celtic.
1544 1892 1641 1923 tom.

926 1942 990 1987 H,
1025 1954 1114 1991 pag.
1157 1938 1269 1991 286)
1307 1948 1347 1977 et
1376 1940 1644 1990 Maepherson

926 1996 943 2048 (
966 1996 1006 2033 in
1052 1997 1218 2035 Cricical
1256 1996 1543 2034 Dissertations
1591 2011 1644 2035 on

926 2054 991 2092 tlze
1022 2054 1293 2092 Caledoniam
1314 2069 1355 2105 p.
1372 2055 1464 2100 <153
1481 2054 1510 2107 ).
1541 2056 1645 2093 Mox

1589 1159 1648 1168 -ι

925 2112 1075 2149 suberis
1091 2123 1227 2150 cortex
1239 2141 1252 2158 ,
1274 2126 1412 2150 recens
1429 2112 1643 2159 detractus,

925 2170 969 2207 in
993 2170 1141 2220 galeam
1159 2170 1312 2208 inflecti
1332 2179 1372 2208 et
1394 2164 1557 2208 fermari
1579 2168 1642 2207 de-

923 2227 1027 2266 buit.
1053 2228 1158 2266 conf.
1184 2230 1306 2267 Serv..

983 2292 1225 2336 744—749.
1249 2289 1480 2337 Sequuntur
1499 2284 1638 2335 AEqui,

921 2344 986 2381 vel
1009 2343 1237 2394 AEquiculi,
1273 2345 1345 2394 qui
1363 2342 1412 2379 ad
1430 2350 1638 2391 utramque

920 2402 1090 2438 Antenis
1110 2404 1236 2452 ripam
1255 2401 1497 2438 habitarunt.
1518 2400 1639 2450 Oppi-

921 2458 1018 2496 dum
1054 2472 1195 2496 eorum
1231 2458 1445 2495 obscurum
1478 2456 1632 2495 Nersoe.

921 2537 980 2546 ——-
1013 2524 1109 2564 747.
1140 2514 1356 2565 AEqu-z'cula
1387 2511 1478 2563 (sc,
1516 2526 1635 2564 gens;

921 2587 1014 2611 nam
1047 2574 1132 2610 haec
1162 2570 1462 2623 jungenda35ic
1490 2571 1634 2621 AEqui-

922 2631 1014 2668 cula
1040 2643 1133 2667 rura
1155 2629 1271 2667 Silius
1298 2628 1401 2665 dixit
1414 2640 1425 2674 ς
1446 2626 1634 2676 adjectiva

922 2688 1046 2725 forma
1068 2686 1083 2738 )
1121 2685 1227 2723 duris
1271 2685 1423 2737 glebiS,
1465 2686 1532 2722 cui
1574 2695 1635 2724 est

922 2758 1013 2796 ager
1047 2757 1182 2795 asper,
1220 2751 1259 2780 et
1287 2748 1399 2779 aratu
1432 2741 1632 2791 difficilis,

923 2802 1093 2841 declarat
1107 2810 1269 2854 gentem
1289 2799 1492 2840 horridam
1510 2810 1550 2840 et
1564 2814 1633 2839 ve-
