1767 3054
1107 24 1129 41 b

420 129 423 131 ,
778 87 930 124 LIBER
961 88 1010 122 v,
1593 92 1642 128 83

215 165 347 210 Talia
368 164 492 210 dicta
512 159 679 216 dabat,
705 158 986 220 clavumque
1008 157 1191 205 adfixus
1217 174 1261 205 et
1287 162 1468 210 haerens

147 243 389 302 Nusquam
414 235 682 293 amittebat,
708 235 966 297 oculosque
990 233 1078 280 sub
1105 245 1229 283 astra
1252 237 1454 284 tenebat.

148 317 267 361 Ecce
291 313 407 359 deus
431 328 615 359 ramum
638 310 835 357 Lethaeo
861 326 971 356 rore
993 309 1286 368 madentem,

146 391 299 451 Vique
321 399 596 450 soporatum
622 387 809 450 Stygia,
833 402 977 449 super
997 399 1199 450 utraque
1224 401 1413 450 quassat
1589 404 1648 432 855

145 467 405 525 Tempora,
431 463 768 525 cunctantique
793 461 1004 509 natantia
1028 463 1207 509 lumina
1231 464 1385 510 solvit.

143 540 236 585 Vix
260 539 437 601 primos
462 539 656 602 inopina
682 540 814 602 quies
841 540 1080 586 laxaverat
1102 550 1254 598 artus;

144 618 202 661 Et
226 629 370 676 super
393 615 696 673 incumbens,
723 608 831 663 cum
855 616 1030 679 puppis
1055 626 1190 678 parte
1214 615 1423 672 revolsa,

147 833 202 868 Ee
217 832 308 869 coeIi
323 832 434 869 toties
451 832 636 883 deceptus
647 855 706 861 —-
718 841 756 870 et
777 835 861 883 qui-

147 889 236 926 dem
250 919 260 936 ,
300 893 369 941 qui
404 892 520 927 toties
559 891 748 941 deceptus
788 893 861 928 sim

147 950 353 986 serenitate
388 948 501 986 coeli!
525 952 674 986 Versus
706 949 787 986 852
812 963 863 985 ex

148 1005 273 1056 Odys.
285 1019 311 1060 γ
323 1034 334 1051 ,
347 1008 398 1044 28
410 1022 423 1044 1
441 1008 650 1044 translatus
660 1015 716 1043 est
731 1036 741 1053 ‚
756 1008 864 1044 unde

147 1061 196 1098 de
232 1063 447 1103 Phrontide
486 1066 693 1103 Palinurus
727 1065 864 1103 adum-

148 1119 285 1157 bratus
307 1130 377 1159 est.

210 1178 306 1215 852.
350 1185 467 1221 Talia
501 1181 678 1217 dictabat
699 1183 864 1220 Mentel.

151 1248 210 1285 pr.
250 1235 449 1292 Clavoque
479 1238 626 1277 Medic.
660 1252 681 1276 a
706 1253 757 1281 m,
783 1257 866 1293 pn,

150 1293 248 1330 dum
267 1293 450 1336 librarius
474 1299 523 1336 ad
550 1298 779 1347 proximum
798 1301 869 1337 ad-

136 1349 253 1404 fixus
277 1356 464 1405 τείρει-θη
482 1357 549 1394 sed
570 1355 803 1409 clavumque
821 1359 866 1395 ad

150 1408 361 1451 amittebat
387 1415 682 1454 retrahendum.
709 1439 766 1444 —
785 1418 866 1462 854

149 1489 208 1496 -
226 1467 322 1511 856.
347 1474 527 1512 Tandem
544 1488 684 1512 somno
708 1488 867 1526 oppres-

150 1539 215 1562 sus
243 1525 474 1570 obdormiit.
505 1535 675 1570 Ramum
706 1535 867 1584 proprie

152 1585 332 1634 accipito,
350 1589 400 1628 cf.
421 1591 540 1641 Apol.
558 1593 633 1636 IV,
658 1604 672 1628 1
684 1593 749 1630 36.
764 1593 868 1630 Duc-

151 1650 188 1678 ta
222 1656 282 1679 res
302 1647 350 1684 ab
373 1661 473 1699 aqua
499 1649 665 1688 lustrali.
689 1652 868 1688 Imitatus

151 1709 209 1737 est
244 1700 380 1744 locum
413 1707 530 1745 Silius
550 1711 589 1745 X
604 1736 614 1754 ,
645 1709 726 1746 355
758 1722 865 1760 seqq.

151 1766 189 1794 et
209 1772 361 1808 poterat
381 1766 425 1802 in
443 1765 485 1802 id
504 1766 734 1816 phantasma
754 1767 868 1804 facile

152 1816 326 1859 incidere
362 1831 489 1873 poetae
521 1825 750 1874 ingenium,
775 1826 868 1875 quia

154 1887 228 1910 usu
264 1879 457 1929 loquendi
474 1893 615 1919 somno
637 1890 777 1919 natura
795 1882 868 1919 hu-

154 1935 258 1974 mida
296 1937 628 1984 tribuiturdorte
655 1939 704 1976 ab
739 1942 868 1977 noctis

154 1994 310 2033 roscido
328 2008 414 2032 aere
435 1994 565 2033 ducta.
591 1997 696 2034 conf.
714 2010 801 2048 sup.
819 1997 867 2034 ad

154 2054 195 2096 1,
223 2053 301 2103 691
322 2082 332 2100 ‚
354 2053 460 2103 6923
483 2055 570 2098 ΙΙΙ,
609 2054 703 2091 511.
724 2056 869 2105 Asper-

154 2114 263 2149 ‚sione
294 2124 405 2162 aquae
442 2111 608 2148 Lethaeae
642 2111 866 2157 solvuntur,

154 2170 359 2217 laxantur,
379 2169 485 2206 oculi
519 2182 659 2206 somno
689 2168 868 2208 illabenti

154 2227 296 2265 obnixi
327 2233 366 2264 et
402 2228 557 2264 intenti.
571 2249 629 2255 —
660 2227 754 2265 856.
792 2231 868 2266 Pro

155 2284 366 2323 cunctanti
385 2286 519 2322 Burin.
548 2286 651 2332 conj.
673 2285 865 2331 luctanti,

155 2342 223 2380 sed
241 2343 382 2394 quidni
407 2352 445 2380 et
468 2342 568 2380 illud
591 2343 693 2380 bene
720 2342 870 2380 dictum

157 2403 207 2438 sit
224 2409 264 2439 et
285 2402 509 2452 exquisite?
540 2402 778 2446 cunctatur,
802 2403 870 2452 qui

159 2460 320 2507 resistit,
345 2472 428 2498 non
451 2460 538 2498 vult
563 2459 699 2497 cedere
713 2489 723 2506 ,
745 2459 871 2497 reluc-

161 2525 288 2564 tatur,
306 2531 344 2554 ν.
370 2530 403 2555 c.
426 2518 500 2554 Ge.
525 2520 591 2564 11,
613 2518 693 2555 236
718 2518 871 2568 Spissus

161 2587 260 2626 ager
276 2589 289 2611 .·
301 2574 442 2627 glebas
470 2585 701 2613 cunctantes
723 2589 872 2612 crassa-

161 2645 237 2682 que
259 2642 371 2685 terga
403 2634 621 2684 Exspecta.
662 2634 768 2672 cous.
799 2634 870 2673 inf.

161 2691 243 2737 VI,
268 2703 347 2729 211
370 2690 418 2728 de
439 2704 512 2737 e0,
539 2694 610 2744 qui
627 2693 772 2730 sensim
790 2705 875 2730 sen-

160 2747 310 2800 simque
320 2748 561 2799 inflectirur3
578 2752 727 2790 invitus
745 2759 874 2789 tamen

929 841 967 869 et
985 832 1184 870 reluctans
1203 845 1212 871 :
1235 835 1314 871 XII
1330 861 1339 879 ,
1363 841 1460 883 940.
1483 835 1559 871 Pro
1579 847 1649 870 na-

929 891 1086 936 tantia,
1111 890 1311 928 Iactantia
1330 892 1500 929 Dorvill.
1525 892 1654 929 Debe-

931 949 998 985 bat
1016 949 1151 985 saltem
1174 961 1183 986 :
1209 949 1416 985 cunctanti
1435 950 1648 994 luctantia,

932 1006 995 1042 vel
1014 1007 1202 1043 nutantia
1220 1007 1247 1043 l.
1267 1020 1297 1044 5.
1312 1006 1512 1044 Nutantia
1529 1008 1652 1045 Goth.

932 1077 1009 1102 see.
1036 1066 1261 1115 Utrumque
1281 1078 1373 1102 cum
1403 1065 1520 1101 metri
1539 1066 1651 1103 vitio.

934 1123 1067 1158 Haeret
1093 1124 1239 1159 iterum
1270 1125 1406 1160 Burm.
1436 1123 1480 1158 in
1514 1123 1649 1168 solvit,

936 1179 1034 1229 quid
1051 1190 1107 1217 est
1118 1208 1128 1226 ,
1146 1180 1301 1218 lumina
1314 1181 1460 1217 solvere
1474 1185 1495 1216 ‚³
1507 1188 1545 1217 et
1563 1194 1654 1218 con-

932 1238 1021 1284 jicit
1037 1251 1046 1276 :
1072 1237 1211 1274 condit
1231 1239 1293 1276 vel
1311 1238 1475 1275 claudit.
1499 1238 1575 1275 Sed
1594 1241 1652 1275 vi-

936 1295 1092 1345 gilantis
1108 1295 1213 1332 oculi
1230 1305 1324 1333 sunt
1345 1295 1504 1340 intenti,
1533 1298 1655 1346 inpri-

935 1354 1010 1389 mis
1026 1353 1066 1392 h.
1084 1354 1111 1392 l.
1131 1354 1306 1391 Palinuri
1321 1382 1331 1400 ,
1357 1355 1427 1403 qui
1445 1355 1489 1390 in
1509 1354 1654 1391 coelum

935 1411 1112 1450 sublatos
1132 1412 1269 1449 oculos
1294 1411 1467 1449 hahebat
1493 1426 1531 1450 v.
1557 1413 1652 1450 853.

935 1470 1062 1520 Igitur
1078 1471 1228 1507 remissi
1245 1470 1302 1506 illi
1315 1499 1325 1516 ‚
1344 1479 1382 1507 et
1402 1483 1420 1506 a
1441 1483 1582 1507 somno
1604 1470 1653 1507 al·

934 1526 1092 1565 labente
1120 1528 1285 1565 relaxati
1315 1528 1414 1565 solvi
1438 1527 1654 1573 dicuntur;

935 1594 980 1622 ut
1018 1585 1066 1622 de
1101 1600 1241 1624 somno
1279 1595 1520 1637 perpetuum
1549 1586 1627 1624 hoc
1642 1615 1652 1632 ,

936 1644 1137 1690 membra,
1165 1658 1328 1695 corpus,
1356 1644 1512 1681 Iumina
1536 1644 1586 1680 ab
1607 1658 1653 1680 eo

934 1703 1057 1740 solvi:
1069 1703 1303 1740 undeetiam
1318 1712 1441 1739 morte
1455 1702 1554 1739 solvi
1564 1715 1660 1739 ocu-

934 1762 963 1799 li
976 1761 1055 1798 dici
1073 1770 1238 1812 potuere
1258 1774 1268 1800 :
1289 1769 1335 1798 ut
1358 1762 1485 1811 accipi
1500 1769 1655 1811 poterat

935 1819 1047 1858 illud.
1077 1821 1152 1865 IV,
1179 1827 1260 1864 244
1287 1828 1326 1856 et
1351 1819 1505 1857 Iumina
1532 1827 1655 1855 morte

934 1879 1126 1930 resignat.
1144 1879 1226 1914 Etsi
1244 1878 1351 1914 idem
1370 1877 1446 1914 alio
1463 1889 1546 1913 rem
1564 1889 1656 1912 con·

936 1934 1154 1986 templandi
1176 1934 1297 1972 modo
1317 1933 1538 1978 devincire,
1565 1933 1656 1970 alli-

931 2008 1055 2048 gare,
1094 2005 1253 2042 corpus,
1286 1991 1440 2036 oculos,
1474 2003 1559 2028 non
1579 1992 1652 2027 mi-

936 2066 1010 2090 nus
1056 2058 1162 2086 recte
1199 2049 1357 2086 dicitur.
1379 2070 1439 2078 —-—
1466 2048 1656 2086 cunctari

939 2110 1063 2161 poetis
1075 2107 1221 2144 dicitur
1233 2136 1244 2154 ‚
1259 2108 1329 2157 qui
1346 2108 1490 2144 resistit
1501 2134 1511 2152 ,
1529 2106 1654 2144 reluc-

935 2177 1052 2207 tatur.
1081 2165 1285 2204 Natantia
1300 2193 1310 2211 ‚
1334 2173 1428 2201 nota
1451 2177 1562 2201 nunc
1579 2164 1654 2201 ele-

935 2227 1064 2278 gantia
1082 2224 1130 2262 de
1146 2226 1300 2261 incerto
1317 2231 1444 2260 motu.
1466 2236 1504 2258 v.
1530 2223 1652 2260 Geor.

938 2288 1014 2329 lv,
1036 2283 1131 2334 496.

998 2340 1239 2390 857-861,
1262 2337 1343 2375 Vix
1367 2337 1652 2375 laxaverat-

938 2410 978 2438 et
1001 2398 1197 2450 projecit,
1238 2398 1390 2448 poetica
1428 2403 1646 2441 structura,

937 2458 987 2496 ab
1003 2460 1179 2496 Homero
1194 2456 1315 2507 petita
1327 2483 1338 2501 ‚
1357 2466 1433 2505 pro
1451 2465 1543 2490 cum
1561 2466 1654 2504 pro-

934 2518 1028 2565 jecit
1054 2529 1109 2555 sc,
1137 2517 1309 2554 Somnus
1340 2512 1593 2556 Palinurum,
1616 2519 1654 2547 et

938 2588 1034 2614 mox
1067 2574 1144 2612 861
1169 2571 1353 2610 avolavit.
1375 2591 1435 2600 —-
1455 2569 1552 2619 857.
1573 2568 1653 2604 Vix

939 2633 1219 2671 laxaverat—
1231 2638 1272 2668 ct
1282 2628 1454 2682 projecit
1469 2626 1651 2677 exemplo

941 2700 979 2729 et
1004 2693 1238 2732 auctoritate
1269 2701 1352 2726 non
1376 2694 1501 2732 caret3
1530 2685 1578 2722 cf.
1602 2684 1649 2720 ad

942 2752 1025 2800 111,
1053 2764 1103 2801 9,
1136 2749 1208 2787 etsi
1237 2746 1397 2785 mollius
1430 2753 1511 2782 erat
1535 2755 1544 2781 ε
1570 2746 1591 2778 l
1599 2742 1646 2778 '12‘
