1767 3054
722 132 875 169 LIBER
909 133 957 167 V.
1546 134 1594 169 25

93 213 148 256 Et
170 220 303 272 pater
328 209 427 270 ipse
448 221 591 251 manu
612 219 782 266 magna
802 206 1040 249 Portunus
1061 214 1250 258 euntem

86 283 281 346 Inpulit.
298 282 382 328 Illa
402 283 529 327 Noto
555 279 694 325 citius
711 277 992 340 volucrique
1014 279 1184 341 sagitta

87 361 161 406 Ad
183 372 354 407 terram
377 356 519 418 sugit,
545 367 591 402 et
616 367 761 417 portu
783 373 832 402 se
855 354 1068 406 condidit
1093 356 1202 402 alto.

148 437 269 480 Tum
289 444 416 479 satus
436 430 668 488 Anchisa,
690 432 872 478 cunctis
892 448 951 477 ex
972 447 1104 477 more
1126 433 1331 490 vocatis,

83 510 322 555 Victorem
345 523 517 569 magna
538 509 770 569 praeconis
790 523 908 553 voce
930 507 1216 554 Cloanthum
1537 531 1550 547 2
1565 523 1594 553 π,

79 585 298 632 Declarat
313 621 325 642 ‚
346 583 585 646 viridique
612 584 798 630 advelat
825 597 1041 648 tempora
1062 585 1198 630 lauro
1217 604 1228 643 ;

78 664 375 722 Muneraquc
400 660 448 705 in
469 661 602 706 navis
624 672 781 706 ternos
805 672 971 724 optare
989 661 1243 722 juvencos,

76 737 313 799 Vinaque,
335 748 381 783 et
407 736 589 798 argenti
616 752 838 799 magnum
861 736 941 782 dat
967 735 1092 782 serre
1115 736 1357 783 talentum.

75 814 195 875 Ipsis
218 813 486 876 praecipuos
514 812 797 860 ductoribus
823 811 955 858 addit
977 812 1206 858 honores:

73 889 255 935 Victori
275 888 573 952 chlamydem
596 899 834 948 auratam,
856 905 998 952 quarn
1019 890 1224 952 plurima
1242 890 1421 936 circum

74 1065 119 1093 ut
136 1069 225 1107 sup.
246 1058 264 1093 Ι
279 1084 289 1102 ,
315 1063 393 1101 144
414 1054 674 1104 Cymothoen.
698 1058 796 1092 Por-

74 1124 211 1151 tunum
233 1113 335 1151 bene
353 1121 545 1150 memorat
559 1142 569 1157 ,
609 1121 798 1163 tanquam

74 1181 191 1222 poeta
210 1174 441 1216 Romanus,
466 1172 536 1220 qui
560 1171 710 1207 Graecis
741 1179 798 1207 est

76 1230 297 1275 Palaemon,
335 1229 429 1265 oliin
456 1228 673 1265 Melicerta.
703 1229 797 1265 Erat

78 1290 198 1323 Inous
225 1287 450 1324 Melicertes
466 1287 612 1336 Georg.
628 1287 667 1331 I,
698 1287 794 1332 437.

75 1359 113 1383 v.
136 1346 285 1396 Hygia.
313 1346 338 1382 f.
364 1357 409 1388 23
432 1343 551 1381 ovid.
585 1345 685 1380 Fast.
712 1345 794 1389 IV,

76 1404 172 1449 547.
203 1403 305 1440 Cum
334 1401 443 1438 clave
460 1414 551 1437 eum
580 1401 699 1437 fuisse
725 1413 794 1437 ex-

72 1461 244 1498 hibitum
269 1460 414 1512 legitur
441 1458 547 1509 apud
568 1460 726 1496 Festum
750 1459 793 1495 in

71 1518 283 1563 claudere,
317 1518 418 1556 etin
441 1517 570 1567 glossa
599 1519 708 1555 Serv.
741 1516 793 1553 ad

72 1577 146 1616 Ge.
176 1579 220 1623 1,
253 1578 331 1624 437
351 1590 361 1623 ;
393 1575 535 1612 dubito
554 1583 710 1621 tamen,
741 1587 791 1611 an

70 1636 204 1673 clavus
219 1636 355 1686 potius
371 1635 412 1671 in
430 1635 514 1681 ejus
524 1646 646 1671 manu
658 1633 790 1671 fuerit.

71 1695 208 1744 Quum
229 1693 269 1731 h.
291 1694 317 1731 l.
344 1695 539 1730 Portunus
559 1701 682 1742 pater
709 1692 792 1728 dic-

72 1760 135 1788 tus
169 1753 244 1798 sit,
280 1751 480 1790 Palaemon
519 1759 651 1787 autem
690 1763 791 1801 puer

69 1809 167 1847 deus
185 1809 311 1847 factus
330 1817 531 1855 narretur,
557 1810 791 1858 Neptunum

69 1867 147 1904 hoc
184 1869 347 1904 nomine
389 1867 584 1918 designari
636 1868 792 1916 putavit

71 1926 187 1962 Grot.
220 1924 268 1961 ad
297 1926 485 1962 Martian.
503 1924 702 1974 Capellam
718 1923 790 1962 lib.

68 1985 101 2029 1,
114 1995 154 2033 p.
175 1995 196 2019 a
218 1990 257 2020 et
275 1981 399 2020 Cerda
419 1981 468 2018 ad
484 1981 526 2019 h.
545 1982 572 2019 l.
594 1985 719 2019 Pater
734 1990 790 2019 ta-

69 2054 163 2078 men
192 2053 404 2078 commune
430 2039 597 2076 deorum
619 2052 789 2086 nomen,

66 2101 184 2136 etiam
201 2100 270 2149 qui
287 2098 456 2146 juvenili
474 2106 586 2134 aetate
605 2096 787 2134 exhiberi

65 2156 218 2203 solent,
262 2165 308 2193 ut
348 2155 531 2193 Bacchas
561 2165 693 2206 pater.
727 2177 786 2183 —

70 2222 167 2260 241.
190 2213 356 2265 Impulit
381 2227 521 2250 navem
541 2227 555 2251 .·
574 2222 618 2250 ut
648 2227 737 2264 sup.
755 2213 783 2252 l.

67 2275 112 2319 1,
148 2280 253 2318 144,
291 2272 368 2318 145
393 2273 437 2309 in
457 2280 686 2323 tempestate
714 2285 783 2318 na-

65 2344 134 2368 ves
157 2331 424 2378 Trojanorum
449 2330 624 2381 scopulis
652 2329 786 2367 detru-

65 2387 214 2427 debant
242 2388 464 2440 Cymothoe
489 2398 527 2426 et
545 2390 701 2427 Triton.
721 2390 789 2426 Est

67 2454 199 2485 autem
214 2450 417 2486 Portunus
430 2448 534 2484 inter
552 2446 646 2483 deos
664 2449 789 2489 σωτῆ-

67 2516 137 2558 ρας
160 2513 385 2543 nautarum.
417 2519 456 2543 v.
483 2504 609 2556 Orph.
633 2507 684 2550 11,
710 2513 786 2552 74,

68 2562 196 2602 6—8.
213 2565 344 2602 BIanu
362 2577 536 2615 magna,
562 2562 787 2615 significan-

67 2627 127 2658 ter
156 2622 201 2659 in
228 2623 417 2669 numine3
448 2631 488 2660 et
521 2622 789 2660 memorabilis

66 2677 224 2718 affectio
238 2690 248 2717 ε
263 2679 337 2717 illa
356 2681 464 2718 Noto
483 2679 610 2719 cicius.
622 2683 788 2719 -Duc-

70 2743 155 2774 tum
195 2745 326 2776 autem
359 2739 591 2790 phantasma
623 2739 700 2778 hoc
737 2753 786 2777 ex

70 2795 348 2846 Argonauticis
361 2824 372 2843 ‚
410 2798 453 2835 in
491 2797 640 2849 quibus
675 2800 785 2850 Argo

271 2877 361 2920 ΙΙΙ.

1526 902 1588 931 250

866 1055 1007 1093 eodem
1027 1069 1137 1093 more
1155 1057 1413 1108 scopulorum
1437 1057 1587 1095 anfrac-

865 1113 973 1150 tibus
991 1114 1216 1165 expeditur,
1240 1115 1361 1152 modo
1375 1116 1420 1152 in
1451 1116 1588 1153 Planc-

866 1172 913 1207 tis
927 1200 937 1218 ‚
960 1186 997 1210 v.
1020 1186 1055 1211 c.
1073 1173 1266 1223 Apollon.
1288 1175 1345 1209 lv
1362 1202 1371 1220 ,
1399 1175 1481 1224 930
1500 1187 1587 1225 sqq.

864 1229 1042 1266 Thetidis
1055 1240 1092 1267 et
1107 1231 1322 1268 Nereidum
1341 1245 1481 1282 opera3
1502 1245 1590 1270 mo-

867 1286 918 1323 do
936 1288 979 1323 in
1004 1288 1337 1339 Symplegadibus
1352 1317 1362 1336 ,
1383 1291 1426 1326 in
1461 1293 1590 1328 Ponto

863 1346 1025 1382 Euxino
1039 1373 1049 1391 ,
1077 1346 1384 1396 apudApollon.
1410 1351 1473 1394 ΙΙ,
1490 1349 1586 1397 598,

861 1403 1058 1439 Minervae
1079 1416 1212 1441 manu.
1242 1404 1443 1452 Tandem,
1465 1416 1587 1456 portu

861 1472 902 1496 se
940 1460 1125 1498 condidit
1157 1461 1241 1498 alto
1255 1489 1265 1508 ,
1301 1473 1439 1502 ornate
1484 1478 1560 1515 pro
1575 1493 1584 1511 ,

860 1519 1039 1556 intravit.

921 1578 1182 1621 244—248.
1215 1579 1285 1614 Ex
1315 1592 1445 1626 more,
1479 1590 1583 1619 certe

858 1633 1048 1672 ludorum
1066 1637 1361 1686 gymnicorum.
1380 1638 1580 1685 Advelat,

859 1700 904 1730 ut
935 1694 1171 1743 exquisitior
1207 1703 1307 1732 esset
1342 1698 1470 1734 oratio
1506 1711 1582 1748 pro

857 1751 988 1797 velat,
1013 1749 1284 1791 ἐπικαλύπτει.
1298 1775 1355 1782 -—-
1371 1762 1467 1803 247.
1494 1757 1583 1793 Ter-

859 1822 1011 1860 nosque
1031 1809 1199 1850 ed.Ven.
1223 1813 1373 1862 Optare
1392 1826 1485 1851 cum
1497 1815 1583 1852 Me-

859 1866 937 1906 dic.
967 1871 1085 1906 Rom.
1121 1870 1286 1921 aliisque
1314 1873 1475 1921 optimis
1503 1874 1583 1910 sm‘s

859 1933 897 1962 et
914 1927 1102 1963 Pierianis
1118 1929 1305 1965 Heinsius
1324 1929 1401 1980 legi
1419 1930 1557 1967 maluit
1573 1945 1583 1977 3

859 1983 1049 2020 maluerat
1069 1983 1174 2021 idem
1204 1986 1457 2025 Benedictus,
1477 1987 1581 2025 Vul-

859 2054 909 2091 go
937 2041 1003 2092 (et
1030 2043 1085 2077 sic
1110 2056 1215 2079 unus
1235 2043 1359 2083 Goth.
1381 2044 1396 2095 )
1425 2054 1580 2095 aptare.

860 2099 911 2135 cf.
943 2112 1032 2149 sup.
1060 2099 1106 2136 ad
1131 2100 1201 2138 lib.
1224 2103 1266 2147 I,
1302 2102 1398 2140 552.
1436 2103 1578 2141 Schra-

853 2155 935 2194 der.
959 2158 1064 2204 conj.
1072 2167 1249 2208 portare.
1263 2181 1320 2188 —-
1334 2162 1420 2197 Dae
1437 2171 1577 2212 optare

853 2215 959 2252 conf.
983 2228 1070 2266 sup.
1092 2218 1134 2262 Ι,
1164 2218 1374 2265 4253111‚
1404 2232 1509 2270 109,
1533 2230 1581 2258 ut

852 2273 998 2324 eligant
1031 2288 1074 2310 ac
1104 2273 1284 2314 dividant
1309 2279 1415 2314 inter
1441 2291 1576 2318 naves,

852 2333 1048 2383 Magnum
1073 2333 1284 2380 talentum,
1313 2349 1395 2373 non
1415 2349 1575 2388 compa-

856 2391 999 2436 rative,
1021 2393 1207 2441 quoniam
1227 2394 1354 2441 majus
1377 2403 1415 2431 et
1443 2396 1576 2433 minus

856 2447 1045 2485 talentum
1064 2449 1164 2498 fuit3
1186 2464 1277 2488 uam
1295 2451 1372 2489 hoc
1393 2461 1430 2490 et
1450 2455 1576 2492 serius

856 2514 894 2543 et
911 2506 1096 2544 subtilius
1113 2522 1231 2558 quam
1247 2523 1321 2560 pro
1346 2519 1460 2560 poeta
1475 2511 1575 2559 ;.⁸ed

855 2577 926 2615 per
946 2578 985 2603 se
998 2593 1008 2612 ,
1034 2566 1146 2616 quod
1164 2567 1308 2605 multas
1327 2570 1454 2607 minas
1469 2571 1576 2608 intra

855 2636 896 2660 se
913 2625 1116 2663 continet:
1148 2634 1195 2663 ut
1223 2639 1397 2678 magnus
1416 2641 1567 2674 annus,

855 2694 1001 2720 menses
1016 2691 1092 2722 etc.

914 2742 1156 2791 249—257.
1180 2742 1317 2780 Victor
1332 2744 1463 2795 primo
1483 2745 1574 2782 loco

855 2798 1098 2848 Cloanthus;
1132 2809 1170 2838 at
1194 2816 1233 2841 v.
1257 2803 1337 2840 258
1360 2803 1483 2841 altero
1516 2803 1573 2839 lo-

1348 2884 1372 2927 3
