1767 3054
219 135 1404 213 P.V1RG1L11MARONIS

459 358 1164 472 AENEIDOS

356 635 693 720 LIBER
788 634 1252 720 SEXTUS.

55 898 125 911 §ss
131 897 200 911 §⁴55
207 897 1383 913 ἎἘΒἜὯΝἝὮΣἋΜΒἜὮΜΜΜΜΜΜΌὮὯἏἜΜΙἜ
1389 898 1560 913 §tmzxfis

523 1090 1096 1137 ARGUMENTUM.

110 1287 252 1324 Cunus
285 1284 472 1323 advectus
502 1288 661 1333 AEneas,
695 1297 854 1326 antrum
886 1287 1050 1340 Sibyllae
1082 1289 1201 1340 petit,
1231 1295 1471 1340 peractoque
1512 1289 1560 1328 de

51 1375 161 1400 more
188 1361 400 1410 sacrificio,
422 1362 564 1401 Phoebi
582 1365 789 1402 oraculum
815 1365 1000 1404 consulit.
1018 1365 1082 1402 Ibi
1102 1373 1140 1403 et
1158 1365 1346 1403 instantia
1361 1352 1537 1416 pericula
1549 1395 1560 1413 ,

51 1447 90 1476 et
112 1438 238 1476 futuri
260 1438 357 1476 belli
389 1447 576 1476 eventum
612 1439 729 1477 discit
757 1454 773 1477 x
796 1463 852 1470 —-
879 1441 973 1479 160.
1005 1442 1152 1479 Miseni
1184 1440 1349 1479 cadaver
1371 1443 1416 1479 in
1444 1441 1563 1480 litore

49 1516 258 1553 inventum
288 1515 511 1563 comburit,
543 1516 811 1567 reliquiasque
832 1517 907 1554 sub
934 1520 1123 1568 proximo
1152 1527 1289 1555 monte
1313 1518 1468 1568 sepelit,
1493 1521 1563 1569 qui

50 1594 197 1631 Miseni
218 1606 367 1632 nomen
385 1593 436 1630 ab
460 1593 530 1629 illo
547 1594 724 1632 obtinuit
741 1616 800 1622 —-
823 1594 919 1632 235.
948 1594 1048 1632 Inde
1071 1594 1352 1632 columbarum
1371 1594 1494 1633 ductu
1515 1595 1564 1633 ad

50 1680 216 1706 aureum
244 1680 399 1704 ramum
429 1667 641 1718 pervenit:
664 1681 746 1718 quo
777 1667 986 1719 decerpto,
1017 1669 1276 1719 mactatisque
1306 1668 1445 1706 hostiis
1468 1669 1564 1708 deos

50 1741 199 1779 inferos
216 1749 446 1788 veneratus,
471 1741 623 1793 Sibylla
652 1740 772 1788 duce,
792 1755 864 1792 per
886 1743 1042 1779 Averni
1069 1742 1203 1779 fauces
1228 1741 1276 1779 ad
1302 1742 1451 1780 inferos
1478 1752 1566 1781 ten·

52 1815 111 1853 dit
129 1837 188 1844 —
217 1816 312 1852 336.
338 1815 592 1863 Palinurum,
618 1815 729 1867 quod
758 1815 932 1868 sepulcri
953 1815 1107 1855 honore
1139 1825 1309 1863 careret,
1340 1815 1444 1854 circa
1474 1820 1563 1870 Sty-

50 1894 152 1946 giam
172 1891 359 1944 paludem
374 1892 626 1930 oberrantem
643 1895 816 1941 invenit,
836 1907 1006 1945 eumque
1026 1906 1106 1931 una
1124 1894 1168 1931 in
1187 1894 1418 1932 ulteriorem
1437 1895 1563 1945 ripam

52 1970 228 2018 trajicere
250 1970 475 2018 cupientem
500 1967 653 2018 Sibylla
671 1967 880 2018 prohibet,
903 1967 1209 2019 cenotaphiique
1226 1976 1265 2005 et
1284 1971 1561 2019 exsequiarum

50 2057 118 2095 spe
136 2043 364 2082 consolatur
381 2063 439 2072 —·
458 2043 553 2080 383.
580 2045 672 2080 Post
695 2042 778 2080 haec
801 2045 960 2094 Stygem
982 2044 1166 2091 trajectus
1185 2045 1347 2091 AEneas,
1368 2043 1562 2081 Cerbero-

49 2135 127 2175 que
145 2123 346 2161 medicatis
370 2120 459 2160 offis
479 2122 630 2172 sopito,
653 2134 724 2172 per
743 2120 828 2158 loca
852 2120 1066 2157 infantium
1091 2133 1330 2171 eorumque,
1362 2121 1434 2172 qui
1464 2119 1562 2160 falso

49 2199 213 2236 crimine
233 2198 406 2246 damnati
429 2198 555 2248 capite
577 2195 819 2246 supplicium
836 2195 1013 2243 lucrant,
1034 2196 1108 2233 iter
1125 2195 1291 2243 faciens,
1313 2196 1496 2246 pervenit
1512 2195 1562 2232 ad

49 2272 181 2311 sedem
214 2286 376 2317 eorum,
404 2273 473 2323 qui
498 2273 641 2308 amoris
665 2271 909 2323 impatientia
939 2283 1079 2309 manus
1105 2271 1183 2309 sibi
1211 2272 1485 2310 consciverant
1505 2290 1562 2301 ·—

52 2354 148 2398 449.
170 2347 231 2385 Ibi
248 2348 392 2386 Elisam
408 2348 658 2397 conspicatus
682 2358 809 2397 quum
830 2347 865 2382 ei
882 2359 921 2382 sc
942 2357 1111 2398 purgare
1131 2344 1272 2392 vellet,
1293 2345 1360 2382 illa
1380 2345 1561 2398 indignu-

49 2423 187 2462 bunda
206 2430 464 2476 conspectum
483 2424 567 2471 ejus
583 2421 721 2474 effugit
737 2445 795 2451 —
816 2422 921 2470 4763
944 2419 1037 2459 inde
1057 2434 1285 2474 progressus
1301 2421 1560 2473 Deiphobum

46 2495 93 2535 in
122 2495 280 2535 sedibus
304 2511 464 2544 eorum,
486 2499 557 2549 qui
582 2497 687 2536 bello
716 2497 930 2548 aliquando
954 2496 1201 2545 claruerant,
1226 2498 1362 2536 multis
1381 2499 1557 2538 vulneri-

49 2568 126 2607 bus
147 2570 323 2609 lacerum
353 2572 572 2624 conspicit,
602 2573 788 2622 necisque
826 2573 910 2619 ejus
943 2570 1155 2623 indignum
1186 2572 1352 2610 modum
1383 2573 1433 2612 ab
1470 2575 1558 2625 ipso

50 2642 238 2684 edocetur
254 2669 311 2675 —
331 2647 430 2692 534.
458 2647 615 2686 Relicto
638 2646 781 2684 deinde
801 2646 848 2683 ad
879 2647 1017 2684 laevam
1039 2649 1204 2686 Tartaro
1219 2676 1230 2695 ,
1261 2647 1560 2687 sceleratorum·

52 2730 130 2767 que
159 2731 296 2769 poenas
319 2734 340 2758 a
368 2721 519 2773 Sibylla
549 2720 716 2759 edoctus
734 2743 793 2749 ———
811 2721 890 2768 627
911 2749 921 2767 ,
950 2719 1000 2758 ad
1022 2721 1126 2759 Ditis
1147 2721 1272 2772 ipsius
1292 2724 1438 2760 moenia
1462 2735 1556 2760 con-

54 2791 180 2829 tendit
193 2820 204 2839 ,
221 2806 465 2847 aureumque
488 2809 641 2834 ramum
660 2797 704 2834 in
721 2797 807 2847 ipso
824 2797 941 2846 regiae
963 2795 1100 2835 limine
1118 2794 1324 2848 defigit-
1345 2797 1442 2836 636.
1467 2798 1558 2835 Post
