1767 3054
728 118 880 156 mmm
913 119 963 155 v,
1550 119 1604 168 ιι.)

166 191 360 239 Talibus
382 191 597 240 incensus
622 190 759 238 dictis
783 190 981 239 senioris
1007 188 1159 234 amici.

100 271 223 314 Tum
249 283 361 315 vero
384 267 433 313 in
458 284 596 314 curas
615 268 824 314 animum
846 266 1089 314 diducitur
1113 264 1265 312 omnis
1286 283 1296 310 :
1546 287 1605 318 720

100 347 159 390 Et
183 347 291 391 Nox
314 354 416 390 atra
438 344 600 406 polum
624 343 746 406 bigis
769 342 998 389 subvecta
1025 340 1228 388 tenebat.

101 419 212 465 Visa
235 417 407 464 dehinc
430 418 549 464 coelo
575 419 715 465 facies
741 419 931 482 delapsa
953 416 1161 481 parentis

102 493 321 541 Anchisae
342 493 503 541 subito
528 495 631 541 talis
657 495 903 541 effundere
928 511 1068 540 voces
1090 512 1101 539 ε

104 593 122 613 «
143 573 287 628 Nate,
311 571 429 618 mihi
452 572 551 618 vita
576 571 839 634 quondam,
866 571 979 618 dum
1003 571 1102 617 xita
1126 568 1370 626 manebat,

103 648 224 692 Care
247 647 418 709 magis;
444 658 575 704 nate,
602 648 755 694 Iliacis
780 647 986 694 exeicite
1012 646 1139 703 fatis;
1552 654 1611 694 7²5

103 723 314 785 Imperio
335 727 359 769 J
365 739 423 767 ox
430 723 467 768 is
491 684 585 768 hui
609 723 784 769 venio:
811 739 876 785 qu
862 723 893 768 i
914 719 1177 768 classibus
1166 735 1323 783 1gnem

103 798 326 862 Depulit,
351 810 398 845 ct
417 799 534 845 coelo
562 799 750 846 tandem
774 799 1021 846 miseratus
1047 796 1106 844 ab
1132 797 1227 843 alto
1252 807 1335 843 est.

106 875 323 922 Consiliis
343 891 480 938 pare,
502 891 608 938 quae
632 893 758 921 nunc
779 875 1099 938 pulcherrima
1120 877 1300 921 Nautes

105 952 199 996 Dat
222 949 410 996 senior:
440 950 585 997 lectos
606 951 828 1014 juvenes,
854 950 1109 997 fortissima
1135 949 1304 1005 corda,

105 1025 251 1071 Defer
270 1025 318 1072 in
342 1026 527 1072 Italiam
550 1043 560 1070 :
583 1044 694 1089 gens
716 1027 835 1073 dura
856 1037 998 1088 atquc
1021 1042 1187 1089 aspera
1208 1025 1337 1071 cultu
1554 1032 1613 1075 73⁰

106 1098 400 1147 Debellanda
425 1101 514 1147 tibi
535 1102 670 1147 Latio
695 1111 778 1148 cst.
804 1101 927 1148 Ditis
953 1112 1108 1147 tamen
1132 1112 1240 1146 autc

108 1175 320 1222 Infernas
341 1175 517 1222 adccdc
541 1176 730 1233 domos,
756 1187 802 1222 ct
827 1180 1016 1222 Averna
1035 1192 1122 1237 per
1147 1175 1238 1220 alta

168 1404 265 1440 719.
301 1392 507 1429 Accensns
539 1390 691 1440 aliquot
723 1392 825 1430 Pier.

107 1458 147 1487 et
173 1448 256 1486 duo
289 1451 426 1488 Heius.
462 1448 636 1487 incensis
668 1451 826 1501 Menag.

108 1507 284 1546 Senioris
312 1510 457 1545 Aceste
483 1507 660 1545 Parrhas.
682 1507 829 1545 Nuuus

108 1565 236 1604 codex
256 1566 417 1613 subjicit
435 1567 478 1603 in
495 1563 575 1602 fine
596 1573 665 1602 esc.
685 1567 829 1602 Parum

107 1637 204 1662 vero
223 1623 399 1674 expolita
411 1625 600 1672 junctura
620 1622 830 1660 amborum

109 1695 318 1728 versuum,
352 1683 424 1734 qui
449 1695 490 1719 se
524 1682 746 1731 excipiunt.
773 1702 830 1709 —

112 1751 209 1788 7202
240 1739 433 1777 Animum
456 1740 495 1778 d.
525 1752 647 1790 graeca
678 1739 832 1776 ratione

109 1806 201 1848 post
223 1797 297 1835 Ge.
319 1798 471 1837 Fabric.
504 1798 676 1836 restituit
705 1797 830 1834 Hein-

111 1856 192 1892 sius
221 1867 274 1891 εκ
295 1868 461 1893 suorum
490 1856 673 1894 codicum
697 1863 828 1905 parte,

113 1921 151 1950 et
181 1912 312 1950 Probo
337 1913 552 1952 Grammat.
581 1914 713 1964 Vulgo
741 1911 831 1948 ani-

114 1983 212 2008 mus.
244 1993 302 1999 —
337 1983 434 2018 721.
467 1972 596 2008 Poetis
631 1973 724 2009 Nox
755 1971 831 2006 iter

112 2043 184 2081 per
205 2029 352 2066 coelum
382 2029 526 2066 faciens
557 2028 685 2065 media
711 2035 829 2064 nocte

113 2087 273 2125 culmen
295 2087 383 2124 coeli
406 2094 512 2123 tenet
531 2099 540 2125 ε
561 2094 604 2123 ut
623 2086 682 2123 sol
699 2085 831 2122 medio

113 2146 189 2184 die.
211 2167 270 2174 —-
293 2158 372 2192 722
399 2167 456 2173 —-
486 2146 581 2192 730.
609 2142 729 2194 Quod
749 2156 832 2180 nou

112 2205 190 2242 nisi
228 2204 414 2243 Ancliisae
453 2204 683 2240 auctoritate
720 2201 832 2237 incli-

113 2270 234 2301 natur
262 2261 311 2299 ad
338 2264 478 2301 Nautae
507 2262 730 2297 suasionem
751 2272 830 2295 aru-

113 2320 363 2372 plectendam
391 2323 551 2364 AEueas,
572 2319 614 2355 id
639 2319 713 2355 toti
739 2330 832 2354 con-

114 2379 203 2417 silio
226 2377 443 2416 condendae
467 2377 633 2415 colouiae
652 2377 833 2423 Trojanae

116 2438 393 2475 auctoritatem
408 2449 453 2473 ac
471 2435 701 2488 dignitatem
725 2446 831 2484 mag-

118 2507 209 2533 nam
228 2496 425 2533 conciliat.
452 2517 511 2523 —-
532 2493 671 2532 Facies
694 2502 750 2529 est
784 2487 833 2528 εἴ·

118 2547 272 2600 ὃωλον,
307 2554 575 2590 simulacrum.
619 2551 726 2588 Coelo
764 2550 833 2588 de-

117 2611 257 2662 lapsa,
290 2611 338 2648 ad
368 2624 527 2649 sensum
550 2619 753 2655 nostrum,
785 2608 833 2646 de

115 2682 190 2717 ns,
213 2682 304 2721 quae
335 2669 472 2707 subito
504 2677 717 2719 apparent3
743 2681 833 2704 nam

116 2728 200 2778 ipse
242 2727 434 2766 Anchises
472 2729 516 2764 in
554 2726 689 2777 Elysio
729 2725 834 2777 degit

123 2785 229 2833 733,
263 2787 359 2833 734.
383 2808 440 2814 —-—
474 2785 569 2834 726.
593 2782 675 2828 Διὸς
700 2779 746 2821 δέ
774 2796 832 2821 τοι

895 1386 1065 1444 ἁγγερζ)
1053 1403 1067 1412 ”
1100 1385 1356 1442 etue,11iad.
1374 1385 1419 1436 β,
1452 1388 1527 1435 263
1560 1402 1615 1434 ω,

901 1462 946 1496 17
957 1450 995 1486 3.
1022 1448 1073 1486 cf.
1105 1461 1194 1498 sup.
1227 1449 1298 1493 lv,
1320 1447 1417 1484 268.
1439 1468 1496 1474 —
1519 1447 1614 1493 728.

898 1508 938 1541 V
934 1515 1020 1542 ates
1036 1505 1251 1550 Montalb„
1280 1504 1390 1555 quod
1412 1504 1507 1541 ferri
1525 1516 1618 1554 pos-

896 1565 970 1610 sit;
990 1563 1058 1600 sed
1080 1563 1187 1600 idem
1208 1562 1363 1600 libraiii
1380 1561 1512 1612 lapsus
1528 1574 1618 1612 sup.

896 1629 1056 1659 notatus
1074 1635 1112 1658 v.
1135 1627 1231 1668 704.
1246 1643 1303 1648 -—
1322 1634 1418 1670 729.
1438 1619 1618 1671 Loetosj.

898 1679 1008 1718 Gud.
1038 1692 1058 1716 a
1087 1693 1140 1717 m.
1172 1692 1233 1730 pr.
1264 1692 1356 1716 cum
1380 1678 1484 1715 binis
1506 1677 1614 1723 aliis,

895 1747 1091 1788 perpetuo
1123 1737 1249 1788 lapsu.
1284 1758 1344 1765 -
1372 1737 1468 1784 730.
1511 1735 1620 1772 Gens

896 1795 1019 1840 dura,
1041 1794 1131 1832 vide
1148 1794 1219 1832 inf.
1238 1797 1319 1842 IX,
1339 1795 1422 1832 603
1440 1815 1498 1825 -—·
1517 1794 1617 1831 613.

897 1855 1055 1904 Aspera
1076 1854 1203 1898 cultu,
1231 1866 1322 1904 quae
1341 1853 1472 1898 cultu,
1503 1851 1618 1889 habi-

898 1920 964 1957 tu,
986 1912 1065 1947 vita
1088 1924 1243 1961 aspera,
1272 1910 1354 1948 fera
1369 1939 1379 1957 ‚
1400 1911 1542 1947 utitur.
1564 1910 1619 1947 Ut

899 1968 1006 2018 apud
1035 1969 1266 2013 Horatium,
1286 1967 1376 2018 fi'ri
1395 1967 1522 2004 culeus
1551 1965 1619 2002 lm·

900 2025 1053 2062 minum
1077 2035 1280 2062 recentum
1311 2025 1407 2063 dicti
1429 2033 1522 2062 sunt
1546 2037 1555 2062 :
1577 2025 1616 2070 Ι,

907 2096 955 2120 10
971 2112 981 2128 ‚
1001 2097 1022 2120 2
1038 2097 1047 2129 3
1064 2083 1133 2120 ubi
1151 2084 1200 2121 cf.
1223 2082 1442 2121 Mitscherl.

962 2146 1039 2192 731
1059 2163 1118 2170 -
1138 2144 1234 2189 737.
1255 2142 1386 2189 Hujus
1405 2139 1454 2177 ad
1471 2139 1618 2177 inferos

899 2203 1030 2242 aditus
1045 2201 1174 2255 prima
1191 2201 1340 2237 semina
1352 2200 1433 2247 jam
1453 2197 1524 2236 lib.
1544 2199 1617 2243 111,

902 2270 979 2307 441
1005 2277 1090 2314 sqq.
1113 2262 1156 2298 in
1174 2260 1318 2297 Heleni
1346 2257 1533 2295 vaticinio
1559 2257 1617 2304 je-

899 2328 1030 2367 cerat3
1057 2332 1164 2358 nunc
1196 2316 1331 2368 paullo
1366 2317 1513 2364 majore
1547 2327 1617 2351 ex-

900 2380 1140 2430 spectatione
1162 2377 1320 2415 lectoris
1341 2375 1518 2412 animum
1541 2373 1616 2409 eri-

900 2439 969 2489 git.
1007 2439 1124 2476 Dicas
1155 2437 1292 2474 forte:
1323 2433 1422 2485 quid
1456 2430 1616 2469 taudem

899 2508 1055 2534 necesse
1077 2496 1173 2542 fuit,
1203 2503 1249 2532 ut
1279 2497 1420 2532 AEneas
1454 2490 1502 2527 ad
1531 2490 1615 2527 loca

899 2554 1023 2592 infera
1040 2583 1051 2601 ‚
1089 2563 1136 2592 ut
1170 2554 1404 2591 conveniret
1438 2558 1589 2600 patrem
1605 2578 1615 2594 ,

899 2621 1129 2659 vocaretur,
1149 2624 1275 2662 quum
1294 2618 1406 2661 pater
1422 2608 1500 2646 hoc
1529 2607 1617 2658 ipso

899 2672 1055 2709 somnio
1071 2684 1114 2708 ac
1138 2672 1223 2707 viso
1246 2681 1409 2707 monere
1433 2675 1472 2703 et
1494 2678 1617 2715 expo-

900 2741 994 2767 nere
1029 2730 1104 2780 ipsi
1136 2729 1269 2765 omnia
1304 2727 1369 2764 illa
1401 2727 1443 2763 in
1482 2723 1618 2774 Elysio

900 2785 1078 2825 docenda
1116 2786 1339 2837 potuisset?
1388 2785 1530 2822 Caussa
1576 2781 1618 2816 iu
