1767 3054
711 87 863 125 LIBER
895 88 968 123 VI.

1519 89 1594 139 189

98 172 294 213 Parcere
311 163 557 226 subjectis,
582 170 629 206 et
647 159 886 205 debellare
907 156 1155 219 superbos.
1181 179 1198 197 »

162 242 242 288 Sic
266 250 400 302 pater
417 235 671 293 Anchises,
698 246 840 296 atque
863 232 964 278 haec
985 231 1271 278 mirantibus
1296 233 1426 278 addit
1453 253 1460 278 :
1542 247 1601 276 853

98 340 115 357 ‹
139 313 368 377 Adspice,
393 321 446 356 ut
466 310 660 372 insignis
685 309 848 392 spoliis
874 307 1130 355 Marcellus
1160 307 1331 369 opimis

96 386 384 451 Ingreditur,
411 385 660 448 victotque
683 384 809 430 vitos
838 382 1161 464 supereminet
1182 382 1355 428 omnis!

97 461 188 508 Hic
211 475 311 507 rem
333 462 616 517 Romanam,
642 475 813 521 magno
839 445 1062 505 turbante
1086 457 1322 512 tumultu,

98 536 265 594 Sistet‚
284 551 429 597 eques
457 545 634 582 sternet
658 538 848 592 Poenos,
871 533 1155 596 Gallumque
1181 531 1422 589 tebellem,

97 712 244 737 morem
279 699 504 750 imponere,
529 699 570 737 h.
599 715 633 740 e.
670 701 792 752 legem
808 728 819 747 ,

95 757 290 795 foederum
330 757 432 809 leges
468 766 506 795 et
545 760 817 804 conditiones;

90 829 260 866 parcere
276 815 456 867 subjectis
469 831 484 861 ;
515 830 605 854 nam
633 817 822 855 volebant

97 874 267 911 Romani
291 873 416 910 videri
435 875 646 912 clementes
677 884 714 912 et
740 889 822 913 mo-

97 929 222 967 derati
242 944 330 982 erga
347 932 496 979 victos,
516 942 555 970 et
581 946 670 984 erga
691 935 821 971 socios

95 987 260 1038 benigni
296 998 334 1025 ct
362 990 567 1037 liberales;
601 992 771 1038 scilicet,
790 993 821 1028 si

98 1044 198 1082 nihil
217 1045 266 1082 ab
285 1047 333 1083 iis
350 1057 596 1094 metuerent,
614 1058 651 1086 et
671 1049 721 1086 ab
740 1051 823 1099 opi-

97 1102 174 1140 bus
193 1117 333 1141 eorum
356 1108 482 1143 auctis
511 1106 722 1144 utilitatem
744 1107 822 1144 sibi

97 1160 193 1210 ipsis
211 1164 443 1211 promittere
463 1174 635 1215 possent.
656 1164 722 1202 Ad
742 1166 822 1202 Au-

97 1226 258 1268 gustum
295 1222 495 1258 transtulit
530 1224 669 1260 Horat.
710 1223 754 1261 C.
780 1226 819 1262 S.

101 1276 149 1311 51
172 1275 350 1314 bellante
361 1278 498 1328 prior,
518 1279 721 1328 jacentem
746 1282 820 1317 Le-

101 1332 161 1369 nis
172 1333 213 1369 in
226 1332 390 1373 hostem.
409 1339 463 1373 At
483 1337 558 1372 viri
579 1336 688 1374 docti
708 1339 748 1374 in
759 1337 821 1374 his

97 1403 219 1428 verss.
233 1394 437 1430 scientiam
458 1393 629 1437 civilem,
643 1406 712 1430 seu
722 1395 821 1443 poli-

96 1450 228 1495 ticam,
240 1450 374 1501 legum
391 1450 643 1488 ferendarum
662 1459 701 1488 et
718 1451 821 1488 mili-

96 1514 234 1553 tarem,
253 1521 479 1560 expressam
496 1522 515 1544 a
536 1517 666 1559 poeta,
681 1509 819 1555 verbo,

95 1565 224 1604 studia
242 1569 348 1618 pacis
368 1576 406 1604 et
428 1566 522 1604 belli
543 1567 733 1604 Romanis
753 1570 823 1604 tri-

95 1623 194 1661 buta
226 1632 413 1676 tanquam
448 1626 631 1676 propria,
653 1624 821 1673 volunt3

97 1682 190 1718 satis
213 1691 371 1734 argute,
394 1684 427 1720 si
451 1682 572 1720 modo
600 1696 706 1720 vere.
737 1684 818 1720 Sal-

97 1745 178 1776 tem
200 1741 256 1777 sic
267 1740 384 1792 pacis
410 1740 616 1791 imponere
639 1753 813 1787 morem,

99 1796 174 1832 erit
198 1797 305 1850 leges
334 1812 508 1849 ponere,
536 1798 727 1845 scribere,
749 1812 820 1849 per

99 1865 256 1904 pacem,
283 1857 323 1892 in
344 1868 474 1905 pace.
504 1856 583 1893 fere
603 1865 649 1893 ut
667 1860 755 1894 AEn.
777 1859 818 1903 I,

103 1910 183 1954 264
199 1912 451 1963 populosque
456 1912 618 1964 feroces
645 1913 821 1951 Contun-

100 1968 189 2013 det‚
230 1983 434 2020 moresque
461 1984 492 2007 ‘t
495 1970 561 2007 ins
599 1980 638 2007 et
671 1984 821 2008 moenaea

92 2037 235 2076 ponet.

168 2086 253 2123 855
268 2099 353 2136 sqq.
377 2087 566 2135 Sequitur
587 2085 700 2122 locus
719 2099 823 2123 sum-

100 2162 161 2185 ma
182 2158 276 2182 cum
297 2152 378 2181 arte
394 2152 432 2181 et
449 2145 596 2195 ingenii
619 2152 822 2182 venustate

99 2206 328 2243 elaboratu·
341 2201 391 2238 de
411 2202 454 2240 C.
476 2201 666 2240 Marcello
681 2230 691 2248 ‚
709 2205 823 2241 Octa-

99 2266 175 2302 viae
196 2261 222 2300 f.
238 2289 247 2307 ‚
273 2260 321 2298 ad
347 2273 466 2310 quem
493 2268 538 2296 ut
560 2258 822 2297 deduceretur

93 2322 227 2361 'oratio
240 2348 250 2365 ‚
269 2320 328 2356 M.
350 2318 562 2356 Claudium
586 2318 821 2355 Marcellum

101 2379 208 2417 bello
230 2377 383 2416 Punico
409 2378 447 2413 11
476 2376 626 2413 clarum
646 2375 819 2414 induxit.

72 2462 78 2471 t
100 2437 379 2477 Nat-rationem
401 2434 450 2471 de
476 2434 567 2471 loco
589 2434 667 2470 hoc
688 2447 820 2471 coram

100 2494 262 2534 Octavia
277 2492 382 2530 lecto
401 2491 492 2528 vide
504 2493 546 2529 in
561 2492 823 2542 VitaVirgilii

101 2561 129 2590 t.
150 2553 191 2598 1,
207 2564 248 2602 p.
269 2558 447 2597 xxxv3et
465 2553 574 2588 Serv.
593 2549 640 2586 ad
662 2564 700 2587 v.
722 2550 819 2587 862.

100 2610 337 2660 Respiciunt
365 2609 630 2646 narrationem
663 2610 821 2645 Senecae

101 2667 222 2705 verba
234 2667 277 2704 in
291 2666 492 2705 Consolat.
505 2665 555 2703 ad
566 2667 757 2704 Marciam
773 2679 795 2703 2
807 2694 817 2712 ,

104 2723 173 2763 ubi
204 2723 254 2764 de
287 2725 506 2777 pertinacia
532 2723 683 2762 doloris
706 2728 820 2763 Octa·

887 701 960 737 viae
980 711 990 738 :
1011 698 1195 737 carmina
1226 697 1478 735 celebrandoe
1499 701 1608 736 Mar-

886 757 980 795 celli
1008 756 1212 794 memoria*
1241 755 1461 806 composita
1492 757 1609 794 alios-

887 829 963 866 que
1003 814 1218 852 studiorum
1254 813 1425 851 honores
1455 814 1606 865 rejecit.

887 872 1028 910 Videri
1049 881 1178 924 potest
1197 881 1305 910 totus
1319 872 1434 910 locus
1454 872 1611 922 reliquo

885 932 965 980 jam
1002 932 1174 968 carmine
1209 930 1394 968 absoluto
1436 930 1609 966 insertus

889 1002 992 1035 esse;
1010 1002 1083 1026 nec
1102 997 1232 1025 tamen
1247 987 1364 1025 video
1380 1016 1390 1034 ,
1410 986 1520 1024 unde
1534 988 1610 1023 viri

889 1046 998 1084 docti
1029 1046 1106 1084 hoc
1135 1056 1323 1096 tanquam
1354 1045 1610 1096 exploratum

888 1107 979 1142 satis
1002 1104 1155 1142 tradere
1177 1104 1343 1155 possint.

948 1163 1031 1200 856
1051 1185 1107 1191 —-
1128 1163 1224 1200 860.
1267 1160 1413 1210 Spoliis
1439 1160 1606 1210 opimis,

887 1222 1021 1258 occiso
1034 1221 1264 1258 Insubrium
1284 1219 1492 1255 Gallorum
1509 1217 1612 1255 duce

886 1278 1144 1316 Virdomaro.
1170 1279 1254 1315 Liv.
1277 1278 1382 1328 Epit.
1408 1279 1502 1313 XX.
1527 1276 1609 1313 xid.

887 1337 1068 1374 Perizon.
1087 1335 1276 1373 Animad.
1299 1348 1333 1372 c.
1351 1335 1445 1371 VII.
1463 1332 1611 1370 Eadem

886 1401 980 1429 sunt
1005 1407 1043 1430 v.
1067 1394 1149 1430 860
1179 1392 1295 1430 tertia
1323 1404 1441 1428 arma
1465 1400 1608 1440 capta,

886 1449 927 1488 h.
946 1463 980 1487 e.
999 1451 1112 1488 tertia
1129 1451 1254 1501 spolia
1270 1451 1404 1500 opima
1422 1458 1512 1499 post
1532 1451 1612 1486 Ro-

887 1508 1043 1544 mulum
1083 1517 1123 1545 et
1167 1509 1332 1546 Cossum
1347 1535 1358 1553 ,
1398 1506 1614 1556 suspendet

891 1566 1077 1617 Quirino,
1109 1566 1151 1605 h.
1188 1580 1222 1604 e.
1257 1565 1447 1605 Romulo.
1483 1566 1612 1615 Atqui

887 1639 938 1663 ex
964 1624 1129 1663 Romuli
1158 1625 1344 1661 instituto
1373 1625 1469 1661 Jovi
1498 1625 1612 1661 Fere-

887 1685 965 1722 trio
983 1683 1213 1720 ferebantur
1223 1680 1350 1733 spolia
1367 1683 1512 1732 opima.
1527 1681 1610 1719 vid.

885 1743 971 1780 Liv.
998 1745 1041 1787 Ι,
1072 1754 1135 1779 10.
1165 1740 1242 1779 Sed
1281 1741 1413 1790 potuit
1449 1739 1609 1776 serioris

887 1801 962 1836 aevi
985 1800 1124 1851 religio
1150 1798 1371 1837 Romulum
1405 1797 1501 1835 Jovi
1540 1797 1607 1834 ad-

885 1858 1074 1908 jungere;
1109 1864 1238 1907 potest
1263 1868 1425 1905 quoque
1454 1853 1609 1891 dictum

888 1927 990 1961 esse,
1011 1915 1105 1965 quia
1128 1913 1331 1950 conditori
1348 1911 1460 1949 urbis
1475 1914 1609 1949 omnia

886 1972 1074 2023 praeclara
1086 1979 1338 2021 posterorum
1352 1970 1452 2006 facta
1463 1969 1506 2005 in
1521 1969 1607 2006 lau-

888 2030 977 2067 dem
996 2029 1157 2067 cedunt.
1170 2030 1269 2066 Rem
1290 2035 1420 2064 tamen
1435 2026 1512 2064 alio
1528 2040 1610 2065 mo-

889 2088 942 2125 do
975 2087 1136 2138 expedit
1176 2085 1335 2123 Servius
1360 2097 1369 2123 :
1397 2086 1608 2122 Possum‘us

889 2155 949 2191 et,
978 2145 1090 2196 quod
1117 2153 1176 2181 est
1204 2141 1366 2187 melius,
1389 2141 1608 2179 secundum

888 2203 1016 2255 legem
1040 2204 1183 2240 Numa·
1212 2199 1318 2237 ltunc
1346 2201 1475 2238 locum
1501 2200 1608 2236 acci-

881 2274 1005 2311 pere,
1038 2260 1110 2310 qui
1122 2258 1342 2310 praecepit,
1360 2258 1498 2309 prima
1522 2258 1607 2308 opi—

889 2331 955 2355 ma
983 2317 1114 2369 spolia
1138 2316 1230 2355 Jovi
1260 2316 1436 2354 Feretrio
1467 2316 1609 2353 debere

887 2375 1096 2426 suspendi,
1137 2374 1250 2426 quod
1273 2374 1367 2426 jam
1417 2374 1608 2412 Romulus

875 2433 1064 2486 jecerat;
1105 2434 1281 2470 secunda
1310 2431 1463 2477 Marci,
1499 2433 1610 2482 quod

891 2490 1153 2543 Cossusfecit;
1166 2491 1286 2528 tercia
1303 2489 1482 2541 Quirino,
1499 2490 1611 2540 quod

875 2548 984 2601 ficit
1017 2550 1247 2589 Marcellus.
1283 2550 1367 2587 Nec
1398 2560 1606 2598 perperam

887 2607 971 2645 haec
1006 2607 1146 2646 tradita
1181 2621 1286 2653 esse,
1318 2606 1536 2657 intelliges,
1573 2607 1607 2641 si

886 2666 1143 2705 Plutarchum
1164 2666 1358 2703 evolveris
1377 2665 1419 2701 in
1436 2662 1606 2701 Marcel-

885 2724 925 2763 lo
941 2738 981 2777 p.
1003 2726 1084 2764 302
1103 2725 1150 2772 C,
1170 2733 1209 2763 et
1225 2724 1361 2762 locum
1379 2722 1482 2761 Festi
1499 2719 1609 2772 apud.
