1767 3054
162 150 243 195 364
727 144 1003 182 EXCURSUS
1034 143 1092 178 IV

160 231 269 262 runt.
300 219 550 271 Antiquioris
578 226 708 255 tamen
739 217 797 254 illi
829 217 948 254 fuisse
979 215 1143 266 originis
1171 213 1382 261 videntur3
1406 220 1452 249 ut
1479 209 1543 249 vel
1569 209 1662 248 loca

160 292 309 330 docent
327 304 347 327 a
363 289 559 327 Bocharto
584 287 679 325 Can.
701 288 741 332 Ι,
770 286 843 331 30,
866 299 906 335 p.
934 285 1014 334 569
1033 297 1117 334 sqq.
1139 291 1336 335 congesta.

218 369 405 407 Ceterum
426 364 618 415 Virgilius
642 364 758 400 etiam
778 362 820 398 in
842 360 921 397 hoc
942 359 1048 397 libro
1068 361 1230 397 nomina
1247 361 1427 396 virorum
1452 368 1537 394 non
1554 354 1660 394 indi-

158 437 327 488 ligenter
344 435 489 485 partim
510 444 561 468 ex
580 432 756 468 Homero
771 426 992 472 transtulit,
1011 427 1156 476 partim
1173 440 1224 463 ex
1239 426 1426 463 historiis.
1442 426 1502 461 Ita
1517 436 1556 461 v.
1577 422 1659 473 298

161 503 297 541 Salius
326 510 365 539 et
394 504 545 538 Patron
577 509 698 534 cursu
729 502 895 532 certant.
921 493 1045 532 Salius
1072 502 1204 530 autem
1221 497 1342 530 Arcas
1360 506 1452 530 cum
1473 495 1594 531 AEnea
1617 492 1662 528 in

161 572 314 610 Italiam
339 570 489 605 venisse
510 566 723 604 Polemone
745 569 905 600 auctore
935 560 1044 612 apud
1067 562 1228 598 Festum
1249 561 1295 597 in
1315 560 1449 598 Salios
1478 559 1661 598 traditur.

159 641 308 677 Patron
336 635 514 673 Thurias
535 634 579 670 in
604 631 810 670 Aluntinis
835 630 938 681 agris
958 628 1151 666 consedit.
1172 641 1212 666 v.
1233 628 1403 679 Dionys,
1425 629 1466 674 Ι,
1489 627 1556 665 51.
1578 628 1662 664 Eu-

159 703 269 753 ryali
293 704 360 755 (v.
382 709 464 753 294
484 710 522 739 et
541 700 609 752 al.)
633 712 781 737 nomeu
801 711 851 735 ex
874 699 1050 734 Homero
1071 697 1163 733 satis
1187 704 1352 742 notum,
1380 695 1485 732 inter
1511 693 1663 745 pugiles

159 777 203 812 in
233 772 337 810 ludis
368 769 606 808 funebribus
635 766 821 806 Patrocli.
854 766 909 803 Ut
938 773 1069 801 autem
1092 765 1129 801 ei
1158 761 1469 814 pulchritudinis
1497 761 1660 799 laudem

159 840 415 885 attribueret,
440 838 621 887 suspicor
639 834 810 886 Virgilio
826 834 869 870 in
890 840 1064 869 mentem
1085 833 1237 869 venisse
1261 844 1311 868 ex
1331 844 1401 878 eo,
1420 828 1528 881 quod
1547 829 1663 883 Ibyci

160 911 334 948 carmine
357 907 454 944 olim
472 907 550 943 fuit
575 903 926 942 celebratissimum
945 914 1093 938 nomen
1115 901 1299 952 Euryali,
1320 900 1438 951 pueri
1466 899 1656 947 formosi,

158 987 206 1017 ut
225 991 275 1014 ex
293 975 520 1027 fragmentis
537 971 772 1022 intelligitur
795 983 858 1020 ap.
876 968 1025 1007 Athen.
1042 970 1164 1015 XIII,
1184 983 1225 1020 p.
1250 967 1333 1013 564
1354 970 1397 1007 F.

216 1042 422 1081 Entellum
443 1049 579 1078 autem
596 1053 634 1076 v.
659 1038 737 1085 387
762 1050 848 1088 sqq.
871 1037 977 1073 inter
1001 1035 1142 1074 heroes
1158 1036 1300 1075 Siciliae
1318 1035 1501 1073 habitum
1517 1035 1637 1073 fuisse
1651 1062 1662 1082 ,

161 1112 226 1151 vel
253 1125 304 1148 ex
326 1109 436 1147 urbis
461 1107 627 1146 Entellae
655 1105 818 1142 nomine
846 1105 1057 1152 conjectes.
1077 1105 1179 1143 Nam
1210 1117 1295 1142 mos
1321 1112 1537 1156 perpetuus
1561 1105 1663 1142 anti-

160 1181 324 1232 quitatis
343 1186 420 1223 est,
440 1189 491 1213 ex
509 1174 673 1212 urbium
689 1171 922 1210 nominibus
940 1171 1166 1209 conditores
1180 1169 1344 1224 fingere.
1364 1173 1522 1211 Servius
1538 1172 1588 1210 ad
1605 1175 1658 1220 V,

166 1250 247 1298 389
267 1259 276 1285 :
301 1248 406 1283 Sane
435 1242 663 1286 sciendum,
698 1239 802 1276 hunc
826 1238 1082 1291 (Entellum)
1105 1240 1319 1278 secundum
1338 1240 1567 1293 Hyginum,
1594 1241 1666 1292 qai

161 1316 213 1354 de
228 1317 258 1353 F
260 1313 403 1351 amiliis
422 1311 604 1359 Trojanis
623 1306 793 1359 scripsit,
818 1319 940 1343 unum
964 1308 1000 1343 T
996 1304 1226 1357 rojanorum
1238 1306 1390 1359 ficisse,
1405 1308 1455 1346 de
1478 1321 1556 1359 quo
1574 1310 1614 1343 V
1609 1307 1661 1345 ir-

157 1381 282 1434 gilius
302 1387 429 1418 mutat
447 1375 666 1415 historiam.
688 1375 726 1412 A
745 1373 876 1412 schol.
901 1372 1103 1423 Lycophr.
1125 1372 1173 1410 ad
1203 1387 1243 1411 v.
1274 1374 1356 1424 953
1388 1374 1486 1412 urbs
1507 1375 1662 1413 Entella

160 1451 266 1486 inter
288 1447 408 1483 urbes
426 1445 474 1482 ab
496 1446 654 1494 AEgesto
679 1440 858 1478 conditas
887 1448 1142 1477 memoratur.
1174 1440 1223 1477 cf.
1252 1441 1412 1479 Cluver.
1439 1441 1547 1480 Sicil.
1577 1450 1658 1481 ant.

161 1528 202 1565 p.
227 1515 303 1559 377
324 1525 424 1561 sqq.,
442 1511 511 1559 qui
529 1511 573 1545 in
599 1508 685 1545 Silii
702 1504 883 1543 versibus
903 1507 1019 1552 XIV,
1041 1513 1138 1552 204,
1161 1506 1243 1544 205
1264 1506 1529 1545 dilucidandis
1550 1508 1661 1546 labo-

161 1589 223 1618 rat
240 1591 249 1617 :
270 1578 438 1615 Entella
454 1577 651 1612 Hectoreo
674 1572 864 1609 dilectum
889 1585 1037 1608 nomen
1061 1574 1232 1610 Acescoe.
1250 1573 1325 1611 Sed
1344 1575 1523 1624 sequitur
1541 1574 1660 1611 Silius

161 1647 290 1685 nostri
308 1653 435 1695 poetae
461 1641 602 1688 fidem,
630 1638 850 1677 secundum
872 1651 992 1688 quam
1012 1639 1192 1675 Entellus
1210 1641 1316 1676 inter
1338 1648 1487 1677 ceteros
1505 1642 1660 1679 Acestae

162 1715 325 1752 comites
359 1720 449 1749 ante
481 1712 614 1747 AEneae
646 1717 824 1758 tempora
854 1706 898 1742 in
929 1706 1103 1744 Siciliam
1132 1714 1313 1753 venerat,
1346 1708 1461 1758 eique
1493 1709 1661 1747 amicitia

157 1784 319 1831 junctus
349 1780 489 1816 fuerat.
518 1777 669 1827 Saepius
695 1777 776 1824 jam
798 1775 1050 1820 monuimus,
1079 1773 1322 1812 diversitates
1348 1775 1417 1812 has
1439 1775 1661 1816 fabularum

161 1848 304 1886 docere
318 1874 328 1893 ,
350 1859 369 1883 a
388 1845 516 1896 poetis
538 1842 724 1894 pluribus
748 1840 924 1879 eamdem
946 1836 1121 1878 fabulam
1150 1841 1270 1878 fuisse
1297 1849 1522 1889 tractatam,
1541 1843 1659 1881 adeo·

159 1928 237 1966 que
261 1914 452 1964 Virgilio,
481 1912 710 1950 doctissimo
729 1918 877 1960 poetae,
901 1922 986 1946 non
1010 1908 1199 1956 defuisse,
1219 1908 1327 1946 unde
1349 1911 1552 1948 materiam
1575 1924 1658 1949 car-

160 1982 277 2019 minis
296 1988 480 2018 sumeret.

822 2133 976 2141 —-

587 2273 1064 2341 EXCURSUS
1102 2246 1229 2338 w.

647 2480 739 2531 De
769 2476 934 2533 Ludo
968 2477 1174 2552 Trojoe.

215 2647 265 2690 V,
299 2643 379 2687 545
410 2657 494 2693 sqq.
519 2646 580 2681 Ex
600 2645 916 2684 elaboratissimis
938 2653 1065 2697 poetae
1087 2645 1187 2682 locis
1217 2657 1298 2682 esse
1323 2645 1494 2683 arbitror
1516 2647 1656 2686 locum

154 2710 262 2746 hunc
294 2708 342 2745 de
373 2708 485 2747 Ludo
505 2712 656 2759 Trojae‚
677 2727 756 2763 quo
788 2714 978 2752 Romanis
1006 2713 1087 2749 suis
1112 2711 1294 2762 inprimis
1316 2711 1487 2762 probare
1513 2713 1655 2752 debuit

152 2775 264 2815 hunc
281 2775 453 2824 librum,
472 2789 563 2814 cum
586 2778 787 2818 ludicrum
807 2780 904 2828 hoc,
925 2793 996 2831 per
1020 2778 1174 2818 nobiles
1193 2791 1338 2829 pueros
1358 2776 1655 2835 (εὐπατρίδας)
