<?xml version="1.0" encoding="UTF-8"?>
<!DOCTYPE html PUBLIC "-//W3C//DTD XHTML 1.0 Transitional//EN"
    "http://www.w3.org/TR/xhtml1/DTD/xhtml1-transitional.dtd">
<html xmlns="http://www.w3.org/1999/xhtml" xml:lang="en" lang="en">
 <head>
  <title>
</title>
<meta http-equiv="Content-Type" content="text/html;charset=utf-8" />
  <meta name='ocr-system' content='tesseract 3.04.00' />
  <meta name='ocr-capabilities' content='ocr_page ocr_carea ocr_par ocr_line ocrx_word'/>
</head>
<body>
  <div class='ocr_page' id='page_1' title='image "./operahey03virguoft_0318.png"; bbox 0 0 1767 3054; ppageno 0'>
   <div class='ocr_carea' id='block_1_1' title="bbox 140 147 218 183">
    <p class='ocr_par' dir='ltr' id='par_1_1' title="bbox 140 147 218 183">
     <span class='ocr_line' id='line_1_1' title="bbox 140 147 218 183; baseline 0 0"><span class='ocrx_word' id='word_1_1' title='bbox 140 147 218 183; x_wconf 82' lang='lat'><strong>308</strong></span> 
     </span>
    </p>
   </div>
   <div class='ocr_carea' id='block_1_2' title="bbox 764 153 1007 191">
    <p class='ocr_par' dir='ltr' id='par_1_2' title="bbox 764 153 1007 191">
     <span class='ocr_line' id='line_1_2' title="bbox 764 153 1007 191; baseline 0.008 -2"><span class='ocrx_word' id='word_1_2' title='bbox 764 153 1007 191; x_wconf 76' lang='lat' dir='ltr'><strong>AENEIDOS</strong></span> 
     </span>
    </p>
   </div>
   <div class='ocr_carea' id='block_1_3' title="bbox 137 221 1385 360">
    <p class='ocr_par' dir='ltr' id='par_1_3' title="bbox 137 221 1385 360">
     <span class='ocr_line' id='line_1_3' title="bbox 137 221 1385 284; baseline 0.007 -21"><span class='ocrx_word' id='word_1_3' title='bbox 137 222 245 264; x_wconf 72' lang='lat' dir='ltr'><strong>Non</strong></span> <span class='ocrx_word' id='word_1_4' title='bbox 267 235 421 277; x_wconf 88' lang='lat' dir='ltr'><strong>secus,</strong></span> <span class='ocrx_word' id='word_1_5' title='bbox 449 236 502 266; x_wconf 86' lang='lat' dir='ltr'><strong>ac</strong></span> <span class='ocrx_word' id='word_1_6' title='bbox 526 221 565 266; x_wconf 91' lang='lat' dir='ltr'><strong>si</strong></span> <span class='ocrx_word' id='word_1_7' title='bbox 587 237 681 283; x_wconf 84' lang='lat' dir='ltr'><strong>qua</strong></span> <span class='ocrx_word' id='word_1_8' title='bbox 706 223 893 284; x_wconf 86' lang='lat' dir='ltr'><strong>penitus</strong></span> <span class='ocrx_word' id='word_1_9' title='bbox 915 224 962 269; x_wconf 86' lang='lat' dir='ltr'><strong>vi</strong></span> <span class='ocrx_word' id='word_1_10' title='bbox 989 235 1115 270; x_wconf 85' lang='lat' dir='ltr'><strong>terra</strong></span> <span class='ocrx_word' id='word_1_11' title='bbox 1142 224 1385 272; x_wconf 80' lang='lat' dir='ltr'>dehiscens</span> 
     </span>
     <span class='ocr_line' id='line_1_4' title="bbox 138 294 1194 360; baseline 0.006 -20"><span class='ocrx_word' id='word_1_12' title='bbox 138 294 352 341; x_wconf 84' lang='lat' dir='ltr'>Infernas</span> <span class='ocrx_word' id='word_1_13' title='bbox 376 307 552 342; x_wconf 79' lang='lat' dir='ltr'><strong>reseret</strong></span> <span class='ocrx_word' id='word_1_14' title='bbox 573 297 728 354; x_wconf 87' lang='lat' dir='ltr'><strong>sedes,</strong></span> <span class='ocrx_word' id='word_1_15' title='bbox 752 310 799 343; x_wconf 86' lang='lat' dir='ltr'><strong>et</strong></span> <span class='ocrx_word' id='word_1_16' title='bbox 818 314 962 360; x_wconf 82' lang='lat' dir='ltr'><strong>regna</strong></span> <span class='ocrx_word' id='word_1_17' title='bbox 982 299 1194 346; x_wconf 88' lang='lat' dir='ltr'><strong>recludat</strong></span> 
     </span>
    </p>
   </div>
   <div class='ocr_carea' id='block_1_4' title="bbox 139 368 1403 432">
    <p class='ocr_par' dir='ltr' id='par_1_4' title="bbox 139 368 1403 432">
     <span class='ocr_line' id='line_1_5' title="bbox 139 368 1403 432; baseline 0.006 -19"><span class='ocrx_word' id='word_1_18' title='bbox 139 368 337 426; x_wconf 82' lang='lat' dir='ltr'><strong>Pallida,</strong></span> <span class='ocrx_word' id='word_1_19' title='bbox 361 369 432 414; x_wconf 91' lang='lat' dir='ltr'><strong>dis</strong></span> <span class='ocrx_word' id='word_1_20' title='bbox 457 370 629 427; x_wconf 72' lang='lat' dir='ltr'><strong>invisa3</strong></span> <span class='ocrx_word' id='word_1_21' title='bbox 653 387 890 432; x_wconf 82' lang='lat' dir='ltr'><strong>superque</strong></span> <span class='ocrx_word' id='word_1_22' title='bbox 916 371 1102 418; x_wconf 82' lang='lat' dir='ltr'><strong>inmane</strong></span> <span class='ocrx_word' id='word_1_23' title='bbox 1123 373 1403 419; x_wconf 83' lang='lat' dir='ltr'><strong>barathrum</strong></span> 
     </span>
    </p>
   </div>
   <div class='ocr_carea' id='block_1_5' title="bbox 137 445 1442 732">
    <p class='ocr_par' dir='ltr' id='par_1_5' title="bbox 141 445 1373 506">
     <span class='ocr_line' id='line_1_6' title="bbox 141 445 1373 506; baseline 0.002 -16"><span class='ocrx_word' id='word_1_24' title='bbox 141 447 394 503; x_wconf 89' lang='lat' dir='ltr'><strong>Cernatur,</strong></span> <span class='ocrx_word' id='word_1_25' title='bbox 423 445 753 506; x_wconf 87' lang='lat' dir='ltr'><strong>trepidentque</strong></span> <span class='ocrx_word' id='word_1_26' title='bbox 777 445 970 492; x_wconf 87' lang='lat' dir='ltr'><strong>inmisso</strong></span> <span class='ocrx_word' id='word_1_27' title='bbox 995 447 1173 493; x_wconf 88' lang='lat' dir='ltr'><strong>lumine</strong></span> <span class='ocrx_word' id='word_1_28' title='bbox 1193 452 1373 495; x_wconf 88' lang='lat' dir='ltr'><strong>Manes.</strong></span> 
     </span>
    </p>

    <p class='ocr_par' dir='ltr' id='par_1_6' title="bbox 137 520 1442 732">
     <span class='ocr_line' id='line_1_7' title="bbox 205 520 1389 586; baseline 0.006 -22"><span class='ocrx_word' id='word_1_29' title='bbox 205 539 225 559; x_wconf 71' lang='lat'><strong>³&gt;</strong></span> <span class='ocrx_word' id='word_1_30' title='bbox 254 523 379 582; x_wconf 81' lang='lat' dir='ltr'><strong>Ergo</strong></span> <span class='ocrx_word' id='word_1_31' title='bbox 403 520 640 581; x_wconf 88' lang='lat' dir='ltr'><strong>insperata</strong></span> <span class='ocrx_word' id='word_1_32' title='bbox 662 520 947 581; x_wconf 88' lang='lat' dir='ltr'><strong>deprensum</strong></span> <span class='ocrx_word' id='word_1_33' title='bbox 968 522 1018 567; x_wconf 91' lang='lat' dir='ltr'><strong>in</strong></span> <span class='ocrx_word' id='word_1_34' title='bbox 1041 523 1145 568; x_wconf 92' lang='lat' dir='ltr'><strong>luce</strong></span> <span class='ocrx_word' id='word_1_35' title='bbox 1170 536 1389 586; x_wconf 88' lang='lat' dir='ltr'><strong>repente,</strong></span> 
     </span>
     <span class='ocr_line' id='line_1_8' title="bbox 138 594 1442 657; baseline 0.004 -18"><span class='ocrx_word' id='word_1_36' title='bbox 138 594 471 655; x_wconf 88' lang='lat' dir='ltr'><strong>Inclusumque</strong></span> <span class='ocrx_word' id='word_1_37' title='bbox 492 609 609 639; x_wconf 81' lang='lat' dir='ltr'><strong>cavo</strong></span> <span class='ocrx_word' id='word_1_38' title='bbox 634 610 747 640; x_wconf 82' lang='lat' dir='ltr'><strong>saxo</strong></span> <span class='ocrx_word' id='word_1_39' title='bbox 762 630 774 651; x_wconf 89' lang='lat'>‚</span> <span class='ocrx_word' id='word_1_40' title='bbox 800 606 942 657; x_wconf 87' lang='lat' dir='ltr'><strong>atque</strong></span> <span class='ocrx_word' id='word_1_41' title='bbox 966 597 1150 642; x_wconf 88' lang='lat' dir='ltr'><strong>insueta</strong></span> <span class='ocrx_word' id='word_1_42' title='bbox 1171 598 1442 654; x_wconf 88' lang='lat' dir='ltr'><strong>rudentem,</strong></span> 
     </span>
     <span class='ocr_line' id='line_1_9' title="bbox 137 667 1343 732; baseline 0.003 -19"><span class='ocrx_word' id='word_1_43' title='bbox 137 669 354 728; x_wconf 83' lang='lat' dir='ltr'><strong>Desuper</strong></span> <span class='ocrx_word' id='word_1_44' title='bbox 377 667 565 714; x_wconf 86' lang='lat' dir='ltr'><strong>Alcides</strong></span> <span class='ocrx_word' id='word_1_45' title='bbox 588 668 690 714; x_wconf 88' lang='lat' dir='ltr'><strong>telis</strong></span> <span class='ocrx_word' id='word_1_46' title='bbox 715 670 909 731; x_wconf 81' lang='lat' dir='ltr'><strong>premit,</strong></span> <span class='ocrx_word' id='word_1_47' title='bbox 937 671 1189 732; x_wconf 87' lang='lat' dir='ltr'><strong>omniaque</strong></span> <span class='ocrx_word' id='word_1_48' title='bbox 1213 687 1343 718; x_wconf 86' lang='lat' dir='ltr'><strong>arma</strong></span> 
     </span>
    </p>
   </div>
   <div class='ocr_carea' id='block_1_6' title="bbox 137 741 1343 804">
    <p class='ocr_par' dir='ltr' id='par_1_7' title="bbox 137 741 1343 804">
     <span class='ocr_line' id='line_1_10' title="bbox 137 741 1343 804; baseline 0.003 -18"><span class='ocrx_word' id='word_1_49' title='bbox 137 741 374 799; x_wconf 80' lang='lat' dir='ltr'><strong>Advocat,</strong></span> <span class='ocrx_word' id='word_1_50' title='bbox 401 752 446 788; x_wconf 90' lang='lat' dir='ltr'><strong>et</strong></span> <span class='ocrx_word' id='word_1_51' title='bbox 470 743 612 788; x_wconf 88' lang='lat' dir='ltr'><strong>ramis</strong></span> <span class='ocrx_word' id='word_1_52' title='bbox 638 745 876 804; x_wconf 80' lang='lat' dir='ltr'><strong>vastisque</strong></span> <span class='ocrx_word' id='word_1_53' title='bbox 902 744 1161 790; x_wconf 83' lang='lat' dir='ltr'><strong>molaribus</strong></span> <span class='ocrx_word' id='word_1_54' title='bbox 1187 746 1343 790; x_wconf 85' lang='lat' dir='ltr'><strong>instat.</strong></span> 
     </span>
    </p>
   </div>
   <div class='ocr_carea' id='block_1_7' title="bbox 1571 758 1631 788">
    <p class='ocr_par' dir='ltr' id='par_1_8' title="bbox 1571 758 1631 788">
     <span class='ocr_line' id='line_1_11' title="bbox 1571 758 1631 788; baseline 0 -1"><span class='ocrx_word' id='word_1_55' title='bbox 1571 758 1631 788; x_wconf 83' lang='lat'><strong>250</strong></span> 
     </span>
    </p>
   </div>
   <div class='ocr_carea' id='block_1_8' title="bbox 135 817 1492 1030">
    <p class='ocr_par' dir='ltr' id='par_1_9' title="bbox 135 817 1492 1030">
     <span class='ocr_line' id='line_1_12' title="bbox 137 817 1492 882; baseline 0.003 -20"><span class='ocrx_word' id='word_1_56' title='bbox 137 817 221 863; x_wconf 87' lang='lat' dir='ltr'><strong>Ille</strong></span> <span class='ocrx_word' id='word_1_57' title='bbox 242 828 420 874; x_wconf 89' lang='lat' dir='ltr'><strong>autem,</strong></span> <span class='ocrx_word' id='word_1_58' title='bbox 446 834 599 878; x_wconf 89' lang='lat' dir='ltr'><strong>neque</strong></span> <span class='ocrx_word' id='word_1_59' title='bbox 625 818 750 862; x_wconf 90' lang='lat' dir='ltr'><strong>enim</strong></span> <span class='ocrx_word' id='word_1_60' title='bbox 771 818 882 879; x_wconf 85' lang='lat' dir='ltr'><strong>fuga</strong></span> <span class='ocrx_word' id='word_1_61' title='bbox 899 819 998 880; x_wconf 85' lang='lat' dir='ltr'><strong>jam</strong></span> <span class='ocrx_word' id='word_1_62' title='bbox 1021 836 1165 881; x_wconf 92' lang='lat' dir='ltr'><strong>super</strong></span> <span class='ocrx_word' id='word_1_63' title='bbox 1189 819 1282 865; x_wconf 88' lang='lat' dir='ltr'><strong>ulla</strong></span> <span class='ocrx_word' id='word_1_64' title='bbox 1302 819 1492 882; x_wconf 87' lang='lat' dir='ltr'><strong>pericli,</strong></span> 
     </span>
     <span class='ocr_line' id='line_1_13' title="bbox 135 892 1274 955; baseline 0 -16"><span class='ocrx_word' id='word_1_65' title='bbox 135 892 370 940; x_wconf 86' lang='lat' dir='ltr'><strong>Faucibus</strong></span> <span class='ocrx_word' id='word_1_66' title='bbox 394 893 630 955; x_wconf 84' lang='lat' dir='ltr'><strong>ingentem</strong></span> <span class='ocrx_word' id='word_1_67' title='bbox 653 892 858 950; x_wconf 88' lang='lat' dir='ltr'><strong>fumum,</strong></span> <span class='ocrx_word' id='word_1_68' title='bbox 884 893 1098 939; x_wconf 86' lang='lat' dir='ltr'><strong>mirabile</strong></span> <span class='ocrx_word' id='word_1_69' title='bbox 1120 894 1274 952; x_wconf 89' lang='lat' dir='ltr'><strong>dictu,</strong></span> 
     </span>
     <span class='ocr_line' id='line_1_14' title="bbox 135 966 1269 1030; baseline 0.001 -16"><span class='ocrx_word' id='word_1_70' title='bbox 135 969 344 1026; x_wconf 85' lang='lat' dir='ltr'><strong>Evomit,</strong></span> <span class='ocrx_word' id='word_1_71' title='bbox 361 968 663 1029; x_wconf 73' lang='lat' dir='ltr'><strong>,involvitque</strong></span> <span class='ocrx_word' id='word_1_72' title='bbox 690 966 883 1013; x_wconf 90' lang='lat' dir='ltr'><strong>domum</strong></span> <span class='ocrx_word' id='word_1_73' title='bbox 904 968 1101 1030; x_wconf 80' lang='lat' dir='ltr'><strong>caligine</strong></span> <span class='ocrx_word' id='word_1_74' title='bbox 1125 984 1269 1026; x_wconf 85' lang='lat' dir='ltr'><strong>caeca,</strong></span> 
     </span>
    </p>
   </div>
   <div class='ocr_carea' id='block_1_9' title="bbox 118 1185 849 2843">
    <p class='ocr_par' dir='ltr' id='par_1_10' title="bbox 118 1185 849 2843">
     <span class='ocr_line' id='line_1_15' title="bbox 196 1185 842 1238; baseline 0.005 -15"><span class='ocrx_word' id='word_1_75' title='bbox 196 1187 276 1231; x_wconf 69' lang='lat'><strong>243</strong></span> <span class='ocrx_word' id='word_1_76' title='bbox 297 1198 381 1236; x_wconf 87' lang='lat' dir='ltr'><strong>sqq.</strong></span> <span class='ocrx_word' id='word_1_77' title='bbox 407 1187 467 1222; x_wconf 80' lang='lat' dir='ltr'><strong>Ex</strong></span> <span class='ocrx_word' id='word_1_78' title='bbox 487 1185 598 1225; x_wconf 81' lang='lat' dir='ltr'><strong>Iliad.</strong></span> <span class='ocrx_word' id='word_1_79' title='bbox 617 1199 636 1223; x_wconf 89' lang='grc' dir='ltr'>υ</span> <span class='ocrx_word' id='word_1_80' title='bbox 652 1215 662 1233; x_wconf 88' lang='grc'>,</span> <span class='ocrx_word' id='word_1_81' title='bbox 683 1187 733 1223; x_wconf 79' lang='lat'><strong>61</strong></span> <span class='ocrx_word' id='word_1_82' title='bbox 757 1200 842 1238; x_wconf 85' lang='lat' dir='ltr'><strong>sqq.</strong></span> 
     </span>
     <span class='ocr_line' id='line_1_16' title="bbox 134 1244 849 1291; baseline 0.003 -10"><span class='ocrx_word' id='word_1_83' title='bbox 134 1257 215 1282; x_wconf 88' lang='lat' dir='ltr'><strong>esse</strong></span> <span class='ocrx_word' id='word_1_84' title='bbox 225 1244 477 1281; x_wconf 84' lang='lat' dir='ltr'><strong>adumbratos</strong></span> <span class='ocrx_word' id='word_1_85' title='bbox 489 1257 636 1291; x_wconf 78' lang='lat' dir='ltr'><strong>versuS,</strong></span> <span class='ocrx_word' id='word_1_86' title='bbox 650 1246 849 1283; x_wconf 90' lang='lat' dir='ltr'><strong>monitum</strong></span> 
     </span>
     <span class='ocr_line' id='line_1_17' title="bbox 134 1302 848 1352; baseline 0.001 -13"><span class='ocrx_word' id='word_1_87' title='bbox 134 1304 225 1339; x_wconf 85' lang='lat' dir='ltr'><strong>satis</strong></span> <span class='ocrx_word' id='word_1_88' title='bbox 245 1311 334 1352; x_wconf 90' lang='lat' dir='ltr'><strong>post</strong></span> <span class='ocrx_word' id='word_1_89' title='bbox 360 1302 540 1340; x_wconf 76' lang='lat' dir='ltr'><strong>Macrob.</strong></span> <span class='ocrx_word' id='word_1_90' title='bbox 572 1305 622 1348; x_wconf 84' lang='lat' dir='ltr'><strong>V,</strong></span> <span class='ocrx_word' id='word_1_91' title='bbox 658 1304 720 1341; x_wconf 82' lang='lat'><strong>16.</strong></span> <span class='ocrx_word' id='word_1_92' title='bbox 742 1302 848 1340; x_wconf 89' lang='lat' dir='ltr'><strong>Illud</strong></span> 
     </span>
     <span class='ocr_line' id='line_1_18' title="bbox 136 1360 847 1412; baseline 0.003 -16"><span class='ocrx_word' id='word_1_93' title='bbox 136 1360 276 1397; x_wconf 82' lang='lat' dir='ltr'><strong>addam</strong></span> <span class='ocrx_word' id='word_1_94' title='bbox 291 1372 299 1397; x_wconf 90' lang='lat'><strong>:</strong></span> <span class='ocrx_word' id='word_1_95' title='bbox 319 1361 529 1397; x_wconf 85' lang='lat' dir='ltr'><strong>Homerica</strong></span> <span class='ocrx_word' id='word_1_96' title='bbox 541 1374 621 1397; x_wconf 90' lang='lat' dir='ltr'><strong>esse</strong></span> <span class='ocrx_word' id='word_1_97' title='bbox 639 1361 754 1411; x_wconf 82' lang='lat' dir='ltr'><strong>longe</strong></span> <span class='ocrx_word' id='word_1_98' title='bbox 766 1375 847 1412; x_wconf 83' lang='lat' dir='ltr'><strong>gra-</strong></span> 
     </span>
     <span class='ocr_line' id='line_1_19' title="bbox 135 1417 847 1467; baseline 0.003 -13"><span class='ocrx_word' id='word_1_99' title='bbox 135 1420 265 1463; x_wconf 69' lang='lat' dir='ltr'><strong>viora,</strong></span> <span class='ocrx_word' id='word_1_100' title='bbox 305 1417 413 1467; x_wconf 91' lang='lat' dir='ltr'><strong>quod</strong></span> <span class='ocrx_word' id='word_1_101' title='bbox 453 1417 510 1454; x_wconf 85' lang='lat' dir='ltr'><strong>ibi</strong></span> <span class='ocrx_word' id='word_1_102' title='bbox 545 1420 649 1455; x_wconf 87' lang='lat' dir='ltr'><strong>inter</strong></span> <span class='ocrx_word' id='word_1_103' title='bbox 684 1419 847 1456; x_wconf 83' lang='lat' dir='ltr'><strong>effectus</strong></span> 
     </span>
     <span class='ocr_line' id='line_1_20' title="bbox 135 1476 844 1526; baseline 0.003 -14"><span class='ocrx_word' id='word_1_104' title='bbox 135 1488 280 1526; x_wconf 81' lang='lat' dir='ltr'><strong>pugnae</strong></span> <span class='ocrx_word' id='word_1_105' title='bbox 300 1476 467 1513; x_wconf 89' lang='lat' dir='ltr'><strong>deorum</strong></span> <span class='ocrx_word' id='word_1_106' title='bbox 491 1486 725 1513; x_wconf 87' lang='lat' dir='ltr'><strong>numeratur</strong></span> <span class='ocrx_word' id='word_1_107' title='bbox 743 1476 820 1514; x_wconf 85' lang='lat' dir='ltr'><strong>hoc</strong></span> <span class='ocrx_word' id='word_1_108' title='bbox 833 1507 844 1526; x_wconf 87' lang='lat'><strong>,</strong></span> 
     </span>
     <span class='ocr_line' id='line_1_21' title="bbox 133 1533 846 1584; baseline 0.003 -15"><span class='ocrx_word' id='word_1_109' title='bbox 133 1533 243 1583; x_wconf 88' lang='lat' dir='ltr'><strong>quod</strong></span> <span class='ocrx_word' id='word_1_110' title='bbox 266 1536 378 1570; x_wconf 85' lang='lat' dir='ltr'><strong>Maro</strong></span> <span class='ocrx_word' id='word_1_111' title='bbox 404 1542 559 1569; x_wconf 89' lang='lat' dir='ltr'><strong>tantum</strong></span> <span class='ocrx_word' id='word_1_112' title='bbox 575 1535 618 1570; x_wconf 89' lang='lat' dir='ltr'><strong>in</strong></span> <span class='ocrx_word' id='word_1_113' title='bbox 646 1547 846 1584; x_wconf 88' lang='lat' dir='ltr'><strong>compara-</strong></span> 
     </span>
     <span class='ocr_line' id='line_1_22' title="bbox 132 1592 847 1640; baseline 0 -12"><span class='ocrx_word' id='word_1_114' title='bbox 132 1592 240 1628; x_wconf 84' lang='lat' dir='ltr'><strong>tione</strong></span> <span class='ocrx_word' id='word_1_115' title='bbox 263 1592 410 1640; x_wconf 85' lang='lat' dir='ltr'><strong>posuit.</strong></span> <span class='ocrx_word' id='word_1_116' title='bbox 430 1592 567 1627; x_wconf 81' lang='lat' dir='ltr'><strong>Minus</strong></span> <span class='ocrx_word' id='word_1_117' title='bbox 585 1600 715 1627; x_wconf 85' lang='lat' dir='ltr'><strong>autem</strong></span> <span class='ocrx_word' id='word_1_118' title='bbox 733 1593 847 1628; x_wconf 86' lang='lat' dir='ltr'><strong>mira-</strong></span> 
     </span>
     <span class='ocr_line' id='line_1_23' title="bbox 132 1648 842 1697; baseline -0.003 -11"><span class='ocrx_word' id='word_1_119' title='bbox 132 1650 282 1686; x_wconf 85' lang='lat' dir='ltr'><strong>tionem</strong></span> <span class='ocrx_word' id='word_1_120' title='bbox 303 1648 455 1684; x_wconf 89' lang='lat' dir='ltr'><strong>faeiunt</strong></span> <span class='ocrx_word' id='word_1_121' title='bbox 475 1661 536 1693; x_wconf 84' lang='lat' dir='ltr'><strong>ea,</strong></span> <span class='ocrx_word' id='word_1_122' title='bbox 563 1661 652 1697; x_wconf 79' lang='lat' dir='ltr'><strong>quae</strong></span> <span class='ocrx_word' id='word_1_123' title='bbox 673 1650 716 1684; x_wconf 89' lang='lat' dir='ltr'><strong>in</strong></span> <span class='ocrx_word' id='word_1_124' title='bbox 737 1661 842 1685; x_wconf 90' lang='lat' dir='ltr'><strong>com-</strong></span> 
     </span>
     <span class='ocr_line' id='line_1_24' title="bbox 132 1707 844 1756; baseline 0 -14"><span class='ocrx_word' id='word_1_125' title='bbox 132 1707 334 1756; x_wconf 88' lang='lat' dir='ltr'><strong>paratione</strong></span> <span class='ocrx_word' id='word_1_126' title='bbox 354 1714 569 1742; x_wconf 85' lang='lat' dir='ltr'><strong>memorata</strong></span> <span class='ocrx_word' id='word_1_127' title='bbox 591 1715 703 1752; x_wconf 89' lang='lat' dir='ltr'><strong>sunt,</strong></span> <span class='ocrx_word' id='word_1_128' title='bbox 724 1719 844 1755; x_wconf 84' lang='lat' dir='ltr'><strong>quam</strong></span> 
     </span>
     <span class='ocr_line' id='line_1_25' title="bbox 132 1762 843 1813; baseline 0.001 -14"><span class='ocrx_word' id='word_1_129' title='bbox 132 1776 220 1813; x_wconf 76' lang='lat' dir='ltr'><strong>quae</strong></span> <span class='ocrx_word' id='word_1_130' title='bbox 245 1762 293 1799; x_wconf 91' lang='lat' dir='ltr'><strong>de</strong></span> <span class='ocrx_word' id='word_1_131' title='bbox 312 1764 395 1812; x_wconf 90' lang='lat' dir='ltr'><strong>ipsa</strong></span> <span class='ocrx_word' id='word_1_132' title='bbox 418 1776 460 1799; x_wconf 90' lang='lat' dir='ltr'><strong>re</strong></span> <span class='ocrx_word' id='word_1_133' title='bbox 488 1772 725 1807; x_wconf 84' lang='lat' dir='ltr'><strong>memorata,</strong></span> <span class='ocrx_word' id='word_1_134' title='bbox 759 1772 843 1800; x_wconf 86' lang='lat' dir='ltr'><strong>tan-</strong></span> 
     </span>
     <span class='ocr_line' id='line_1_26' title="bbox 132 1820 843 1870; baseline 0.003 -14"><span class='ocrx_word' id='word_1_135' title='bbox 132 1833 251 1870; x_wconf 86' lang='lat' dir='ltr'><strong>quam</strong></span> <span class='ocrx_word' id='word_1_136' title='bbox 280 1820 436 1865; x_wconf 76' lang='lat' dir='ltr'><strong>effecta,</strong></span> <span class='ocrx_word' id='word_1_137' title='bbox 461 1820 742 1870; x_wconf 66' lang='lat' dir='ltr'><strong>praedicantur.</strong></span> <span class='ocrx_word' id='word_1_138' title='bbox 774 1823 843 1857; x_wconf 89' lang='lat' dir='ltr'><strong>Pe-</strong></span> 
     </span>
     <span class='ocr_line' id='line_1_27' title="bbox 131 1878 840 1925; baseline -0.001 -11"><span class='ocrx_word' id='word_1_139' title='bbox 131 1879 194 1914; x_wconf 88' lang='lat' dir='ltr'><strong>tiit</strong></span> <span class='ocrx_word' id='word_1_140' title='bbox 220 1892 240 1914; x_wconf 91' lang='lat' dir='ltr'><strong>e</strong></span> <span class='ocrx_word' id='word_1_141' title='bbox 264 1886 401 1915; x_wconf 90' lang='lat' dir='ltr'><strong>nostro</strong></span> <span class='ocrx_word' id='word_1_142' title='bbox 425 1879 567 1916; x_wconf 86' lang='lat' dir='ltr'><strong>Statius</strong></span> <span class='ocrx_word' id='word_1_143' title='bbox 584 1878 709 1916; x_wconf 87' lang='lat' dir='ltr'><strong>Theb.</strong></span> <span class='ocrx_word' id='word_1_144' title='bbox 738 1879 840 1925; x_wconf 85' lang='lat' dir='ltr'><strong>VII,</strong></span> 
     </span>
     <span class='ocr_line' id='line_1_28' title="bbox 133 1935 840 1985; baseline 0.003 -14"><span class='ocrx_word' id='word_1_145' title='bbox 133 1935 154 1971; x_wconf 81' lang='lat'>8</span> <span class='ocrx_word' id='word_1_146' title='bbox 167 1949 180 1971; x_wconf 91' lang='lat'>1</span> <span class='ocrx_word' id='word_1_147' title='bbox 192 1936 215 1972; x_wconf 84' lang='lat'><em>5</em></span> <span class='ocrx_word' id='word_1_148' title='bbox 238 1935 480 1985; x_wconf 86' lang='lat' dir='ltr'><strong>Amphiarao</strong></span> <span class='ocrx_word' id='word_1_149' title='bbox 508 1948 527 1971; x_wconf 88' lang='lat' dir='ltr'><strong>a</strong></span> <span class='ocrx_word' id='word_1_150' title='bbox 547 1943 651 1971; x_wconf 85' lang='lat' dir='ltr'><strong>terra</strong></span> <span class='ocrx_word' id='word_1_151' title='bbox 668 1935 811 1972; x_wconf 85' lang='lat' dir='ltr'><strong>hausto</strong></span> <span class='ocrx_word' id='word_1_152' title='bbox 829 1948 840 1974; x_wconf 70' lang='grc' dir='ltr'><strong><em>ε</em></strong></span> 
     </span>
     <span class='ocr_line' id='line_1_29' title="bbox 131 1992 840 2042; baseline 0.001 -13"><span class='ocrx_word' id='word_1_153' title='bbox 131 2006 220 2030; x_wconf 78' lang='grc' dir='ltr'><strong>εσσε</strong></span> <span class='ocrx_word' id='word_1_154' title='bbox 256 1993 338 2030; x_wconf 81' lang='lat' dir='ltr'><strong>alte</strong></span> <span class='ocrx_word' id='word_1_155' title='bbox 372 2006 552 2042; x_wconf 79' lang='lat' dir='ltr'><strong>praeceps</strong></span> <span class='ocrx_word' id='word_1_156' title='bbox 592 1992 731 2029; x_wconf 75' lang='lat' dir='ltr'><strong>humus</strong></span> <span class='ocrx_word' id='word_1_157' title='bbox 775 2006 840 2030; x_wconf 86' lang='lat' dir='ltr'><strong>ore</strong></span> 
     </span>
     <span class='ocr_line' id='line_1_30' title="bbox 123 2049 839 2102; baseline -0.001 -15"><span class='ocrx_word' id='word_1_158' title='bbox 123 2050 326 2102; x_wconf 80' lang='lat' dir='ltr'><strong>profundo</strong></span> <span class='ocrx_word' id='word_1_159' title='bbox 355 2050 527 2096; x_wconf 78' lang='lat' dir='ltr'><strong>Dissilit,</strong></span> <span class='ocrx_word' id='word_1_160' title='bbox 560 2049 681 2100; x_wconf 77' lang='lat' dir='ltr'><strong>inque</strong></span> <span class='ocrx_word' id='word_1_161' title='bbox 706 2049 839 2086; x_wconf 76' lang='lat' dir='ltr'><strong>‘vicem</strong></span> 
     </span>
     <span class='ocr_line' id='line_1_31' title="bbox 130 2107 838 2145; baseline 0 -1"><span class='ocrx_word' id='word_1_162' title='bbox 130 2107 342 2145; x_wconf 79' lang='lat' dir='ltr'><strong>timuerunt</strong></span> <span class='ocrx_word' id='word_1_163' title='bbox 367 2107 498 2144; x_wconf 83' lang='lat' dir='ltr'><strong>sidera</strong></span> <span class='ocrx_word' id='word_1_164' title='bbox 532 2116 572 2144; x_wconf 83' lang='lat' dir='ltr'><strong>ec</strong></span> <span class='ocrx_word' id='word_1_165' title='bbox 602 2107 760 2144; x_wconf 84' lang='lat' dir='ltr'><strong>umbroe.</strong></span> <span class='ocrx_word' id='word_1_166' title='bbox 781 2129 838 2137; x_wconf 80' lang='lat'>—</span> 
     </span>
     <span class='ocr_line' id='line_1_32' title="bbox 132 2164 838 2215; baseline 0 -14"><span class='ocrx_word' id='word_1_167' title='bbox 132 2167 226 2209; x_wconf 78' lang='lat'><strong>245.</strong></span> <span class='ocrx_word' id='word_1_168' title='bbox 255 2166 327 2202; x_wconf 79' lang='lat' dir='ltr'><strong>Dis</strong></span> <span class='ocrx_word' id='word_1_169' title='bbox 347 2164 490 2212; x_wconf 71' lang='lat' dir='ltr'><strong>invisa,</strong></span> <span class='ocrx_word' id='word_1_170' title='bbox 515 2173 717 2215; x_wconf 83' lang='lat' dir='ltr'><strong>argutatur</strong></span> <span class='ocrx_word' id='word_1_171' title='bbox 739 2166 838 2201; x_wconf 89' lang='lat' dir='ltr'><strong>Bur-</strong></span> 
     </span>
     <span class='ocr_line' id='line_1_33' title="bbox 130 2221 836 2273; baseline -0.001 -14"><span class='ocrx_word' id='word_1_172' title='bbox 130 2236 299 2261; x_wconf 88' lang='lat' dir='ltr'><strong>mannus</strong></span> <span class='ocrx_word' id='word_1_173' title='bbox 327 2232 418 2273; x_wconf 87' lang='lat' dir='ltr'><strong>post</strong></span> <span class='ocrx_word' id='word_1_174' title='bbox 447 2226 616 2261; x_wconf 84' lang='lat' dir='ltr'><strong>Ruaeum</strong></span> <span class='ocrx_word' id='word_1_175' title='bbox 648 2230 687 2258; x_wconf 90' lang='lat' dir='ltr'><strong>et</strong></span> <span class='ocrx_word' id='word_1_176' title='bbox 716 2221 836 2269; x_wconf 85' lang='lat' dir='ltr'><strong>alios,</strong></span> 
     </span>
     <span class='ocr_line' id='line_1_34' title="bbox 129 2279 839 2329; baseline 0 -14"><span class='ocrx_word' id='word_1_177' title='bbox 129 2279 225 2317; x_wconf 87' lang='lat' dir='ltr'><strong>dnm</strong></span> <span class='ocrx_word' id='word_1_178' title='bbox 252 2282 536 2329; x_wconf 87' lang='lat' dir='ltr'><strong>interpretatur</strong></span> <span class='ocrx_word' id='word_1_179' title='bbox 564 2292 646 2316; x_wconf 89' lang='lat' dir='ltr'><strong>non</strong></span> <span class='ocrx_word' id='word_1_180' title='bbox 668 2279 773 2325; x_wconf 70' lang='lat' dir='ltr'><strong>visa,</strong></span> <span class='ocrx_word' id='word_1_181' title='bbox 792 2288 839 2315; x_wconf 92' lang='lat' dir='ltr'><strong>ut</strong></span> 
     </span>
     <span class='ocr_line' id='line_1_35' title="bbox 129 2335 836 2384; baseline 0 -12"><span class='ocrx_word' id='word_1_182' title='bbox 129 2336 271 2373; x_wconf 79' lang='lat' dir='ltr'><strong>invisus</strong></span> <span class='ocrx_word' id='word_1_183' title='bbox 284 2337 310 2375; x_wconf 87' lang='lat' dir='ltr'><strong>l.</strong></span> <span class='ocrx_word' id='word_1_184' title='bbox 332 2339 371 2374; x_wconf 95' lang='lat' dir='ltr'><strong>II</strong></span> <span class='ocrx_word' id='word_1_185' title='bbox 390 2341 479 2375; x_wconf 80' lang='lat' dir='ltr'><strong>AEn.</strong></span> <span class='ocrx_word' id='word_1_186' title='bbox 496 2338 591 2384; x_wconf 72' lang='lat'><strong>574.</strong></span> <span class='ocrx_word' id='word_1_187' title='bbox 605 2335 680 2374; x_wconf 87' lang='lat' dir='ltr'><strong>Sed</strong></span> <span class='ocrx_word' id='word_1_188' title='bbox 691 2337 734 2372; x_wconf 84' lang='lat' dir='ltr'><strong>in</strong></span> <span class='ocrx_word' id='word_1_189' title='bbox 745 2336 836 2373; x_wconf 89' lang='lat' dir='ltr'><strong>loco</strong></span> 
     </span>
     <span class='ocr_line' id='line_1_36' title="bbox 128 2394 836 2444; baseline -0.003 -13"><span class='ocrx_word' id='word_1_190' title='bbox 128 2395 339 2431; x_wconf 86' lang='lat' dir='ltr'><strong>Homerico</strong></span> <span class='ocrx_word' id='word_1_191' title='bbox 349 2423 358 2440; x_wconf 90' lang='lat'>‚</span> <span class='ocrx_word' id='word_1_192' title='bbox 373 2408 491 2444; x_wconf 90' lang='lat' dir='ltr'><strong>quem</strong></span> <span class='ocrx_word' id='word_1_193' title='bbox 503 2402 620 2444; x_wconf 88' lang='lat' dir='ltr'><strong>poeta</strong></span> <span class='ocrx_word' id='word_1_194' title='bbox 633 2394 836 2443; x_wconf 77' lang='lat' dir='ltr'><strong>expressit,</strong></span> 
     </span>
     <span class='ocr_line' id='line_1_37' title="bbox 128 2447 837 2496; baseline 0 -10"><span class='ocrx_word' id='word_1_195' title='bbox 128 2465 164 2488; x_wconf 80' lang='lat' dir='ltr'><strong>v.</strong></span> <span class='ocrx_word' id='word_1_196' title='bbox 181 2451 248 2496; x_wconf 82' lang='lat'><strong>65,</strong></span> <span class='ocrx_word' id='word_1_197' title='bbox 260 2452 349 2487; x_wconf 81' lang='lat' dir='ltr'><strong>satis</strong></span> <span class='ocrx_word' id='word_1_198' title='bbox 359 2452 561 2488; x_wconf 80' lang='lat' dir='ltr'><strong>manifesta</strong></span> <span class='ocrx_word' id='word_1_199' title='bbox 571 2447 837 2487; x_wconf 68' lang='lat' dir='ltr'><strong>suntciziot—</strong></span> 
     </span>
     <span class='ocr_line' id='line_1_38' title="bbox 128 2505 836 2560; baseline -0.001 -16"><span class='ocrx_word' id='word_1_200' title='bbox 128 2505 178 2544; x_wconf 72' lang='grc' dir='ltr'><strong>τοί</strong></span> <span class='ocrx_word' id='word_1_201' title='bbox 197 2520 239 2544; x_wconf 76' lang='grc' dir='ltr'><strong>τε</strong></span> <span class='ocrx_word' id='word_1_202' title='bbox 256 2507 456 2560; x_wconf 66' lang='grc' dir='ltr'>στυγέευσι</span> <span class='ocrx_word' id='word_1_203' title='bbox 473 2505 622 2559; x_wconf 51' lang='lat' dir='ltr'><strong>Osa-(wega</strong></span> <span class='ocrx_word' id='word_1_204' title='bbox 643 2508 682 2545; x_wconf 93' lang='lat' dir='ltr'><strong>h.</strong></span> <span class='ocrx_word' id='word_1_205' title='bbox 697 2506 836 2543; x_wconf 76' lang='lat' dir='ltr'><strong>abhor-</strong></span> 
     </span>
     <span class='ocr_line' id='line_1_39' title="bbox 127 2560 833 2611; baseline -0.001 -10"><span class='ocrx_word' id='word_1_206' title='bbox 127 2573 238 2609; x_wconf 80' lang='lat' dir='ltr'><strong>rent,</strong></span> <span class='ocrx_word' id='word_1_207' title='bbox 261 2574 503 2611; x_wconf 78' lang='lat' dir='ltr'><strong>aversantur,</strong></span> <span class='ocrx_word' id='word_1_208' title='bbox 524 2560 740 2602; x_wconf 68' lang='grc' dir='ltr'>δεδοίκασι.</span> <span class='ocrx_word' id='word_1_209' title='bbox 762 2566 833 2600; x_wconf 86' lang='lat' dir='ltr'><strong>Su-</strong></span> 
     </span>
     <span class='ocr_line' id='line_1_40' title="bbox 120 2621 832 2672; baseline -0.001 -13"><span class='ocrx_word' id='word_1_210' title='bbox 120 2635 199 2672; x_wconf 85' lang='lat' dir='ltr'><strong>per</strong></span> <span class='ocrx_word' id='word_1_211' title='bbox 215 2635 289 2672; x_wconf 86' lang='lat' dir='ltr'><strong>pro</strong></span> <span class='ocrx_word' id='word_1_212' title='bbox 306 2621 486 2670; x_wconf 86' lang='lat' dir='ltr'><strong>desuper.</strong></span> <span class='ocrx_word' id='word_1_213' title='bbox 508 2643 564 2650; x_wconf 40' lang='lat' dir='ltr'><strong>—q</strong></span> <span class='ocrx_word' id='word_1_214' title='bbox 583 2623 678 2666; x_wconf 70' lang='lat'><strong>246.</strong></span> <span class='ocrx_word' id='word_1_215' title='bbox 700 2621 832 2671; x_wconf 80' lang='lat' dir='ltr'><strong>Trepi-</strong></span> 
     </span>
     <span class='ocr_line' id='line_1_41' title="bbox 126 2678 834 2729; baseline -0.001 -13"><span class='ocrx_word' id='word_1_216' title='bbox 126 2679 225 2716; x_wconf 84' lang='lat' dir='ltr'><strong>denc</strong></span> <span class='ocrx_word' id='word_1_217' title='bbox 244 2680 379 2716; x_wconf 81' lang='lat' dir='ltr'><strong>Heius.</strong></span> <span class='ocrx_word' id='word_1_218' title='bbox 407 2691 428 2713; x_wconf 88' lang='lat' dir='ltr'><strong>e</strong></span> <span class='ocrx_word' id='word_1_219' title='bbox 456 2678 592 2724; x_wconf 88' lang='lat' dir='ltr'><strong>codd.;</strong></span> <span class='ocrx_word' id='word_1_220' title='bbox 620 2678 739 2729; x_wconf 57' lang='lat' dir='ltr'><strong>iulgo</strong></span> <span class='ocrx_word' id='word_1_221' title='bbox 759 2687 834 2715; x_wconf 80' lang='lat' dir='ltr'><strong>tre·</strong></span> 
     </span>
     <span class='ocr_line' id='line_1_42' title="bbox 118 2735 833 2786; baseline -0.001 -13"><span class='ocrx_word' id='word_1_222' title='bbox 118 2736 281 2786; x_wconf 79' lang='lat' dir='ltr'><strong>pidant,</strong></span> <span class='ocrx_word' id='word_1_223' title='bbox 301 2735 408 2786; x_wconf 88' lang='lat' dir='ltr'><strong>quod</strong></span> <span class='ocrx_word' id='word_1_224' title='bbox 423 2737 539 2772; x_wconf 81' lang='lat' dir='ltr'><strong>Rom.</strong></span> <span class='ocrx_word' id='word_1_225' title='bbox 555 2748 713 2784; x_wconf 88' lang='lat' dir='ltr'><strong>quoque</strong></span> <span class='ocrx_word' id='word_1_226' title='bbox 726 2735 833 2772; x_wconf 82' lang='lat' dir='ltr'><strong>exhi-</strong></span> 
     </span>
     <span class='ocr_line' id='line_1_43' title="bbox 123 2791 828 2843; baseline -0.003 -12"><span class='ocrx_word' id='word_1_227' title='bbox 123 2792 214 2831; x_wconf 82' lang='lat' dir='ltr'><strong>bet:</strong></span> <span class='ocrx_word' id='word_1_228' title='bbox 233 2802 338 2833; x_wconf 84' lang='lat' dir='ltr'><strong>recte</strong></span> <span class='ocrx_word' id='word_1_229' title='bbox 351 2820 363 2841; x_wconf 87' lang='lat'><strong>,</strong></span> <span class='ocrx_word' id='word_1_230' title='bbox 384 2795 416 2832; x_wconf 84' lang='lat' dir='ltr'><strong>si</strong></span> <span class='ocrx_word' id='word_1_231' title='bbox 435 2791 531 2843; x_wconf 85' lang='lat' dir='ltr'><strong>quid</strong></span> <span class='ocrx_word' id='word_1_232' title='bbox 551 2791 688 2843; x_wconf 83' lang='lat' dir='ltr'><strong>vide0,</strong></span> <span class='ocrx_word' id='word_1_233' title='bbox 708 2791 828 2829; x_wconf 91' lang='lat' dir='ltr'><strong>modo</strong></span> 
     </span>
    </p>
   </div>
   <div class='ocr_carea' id='block_1_10' title="bbox 899 1186 1629 2784">
    <p class='ocr_par' dir='ltr' id='par_1_11' title="bbox 913 1186 1629 1457">
     <span class='ocr_line' id='line_1_44' title="bbox 917 1186 1625 1237; baseline 0.004 -14"><span class='ocrx_word' id='word_1_234' title='bbox 917 1201 994 1237; x_wconf 84' lang='lat' dir='ltr'><strong>que</strong></span> <span class='ocrx_word' id='word_1_235' title='bbox 1024 1187 1138 1226; x_wconf 89' lang='lat' dir='ltr'><strong>absit.</strong></span> <span class='ocrx_word' id='word_1_236' title='bbox 1165 1186 1292 1226; x_wconf 83' lang='lat' dir='ltr'><strong>Abest</strong></span> <span class='ocrx_word' id='word_1_237' title='bbox 1319 1187 1435 1224; x_wconf 87' lang='lat' dir='ltr'><strong>etiam</strong></span> <span class='ocrx_word' id='word_1_238' title='bbox 1464 1201 1486 1225; x_wconf 87' lang='lat' dir='ltr'><strong>a</strong></span> <span class='ocrx_word' id='word_1_239' title='bbox 1509 1191 1625 1228; x_wconf 87' lang='lat' dir='ltr'><strong>Rom.</strong></span> 
     </span>
     <span class='ocr_line' id='line_1_45' title="bbox 916 1244 1629 1296; baseline 0.003 -14"><span class='ocrx_word' id='word_1_240' title='bbox 916 1253 955 1283; x_wconf 87' lang='lat' dir='ltr'><strong>et</strong></span> <span class='ocrx_word' id='word_1_241' title='bbox 977 1246 1060 1282; x_wconf 73' lang='lat' dir='ltr'><strong>aliis</strong></span> <span class='ocrx_word' id='word_1_242' title='bbox 1086 1259 1175 1296; x_wconf 84' lang='lat' dir='ltr'><strong>que.</strong></span> <span class='ocrx_word' id='word_1_243' title='bbox 1203 1244 1398 1296; x_wconf 76' lang='lat' dir='ltr'><strong>Equidem</strong></span> <span class='ocrx_word' id='word_1_244' title='bbox 1425 1246 1629 1296; x_wconf 79' lang='lat' dir='ltr'><strong>trepidant</strong></span> 
     </span>
     <span class='ocr_line' id='line_1_46' title="bbox 931 1303 1628 1355; baseline 0.003 -16"><span class='ocrx_word' id='word_1_245' title='bbox 931 1303 1110 1350; x_wconf 83' lang='lat' dir='ltr'><strong>mmisso,</strong></span> <span class='ocrx_word' id='word_1_246' title='bbox 1132 1303 1241 1353; x_wconf 90' lang='lat' dir='ltr'><strong>quod</strong></span> <span class='ocrx_word' id='word_1_247' title='bbox 1274 1303 1370 1341; x_wconf 88' lang='lat' dir='ltr'><strong>olim</strong></span> <span class='ocrx_word' id='word_1_248' title='bbox 1397 1312 1498 1350; x_wconf 85' lang='lat' dir='ltr'><strong>erat,</strong></span> <span class='ocrx_word' id='word_1_249' title='bbox 1528 1317 1628 1355; x_wconf 88' lang='lat' dir='ltr'><strong>prae-</strong></span> 
     </span>
     <span class='ocr_line' id='line_1_47' title="bbox 914 1360 1626 1413; baseline 0.003 -16"><span class='ocrx_word' id='word_1_250' title='bbox 914 1360 1050 1399; x_wconf 89' lang='lat' dir='ltr'><strong>feram.</strong></span> <span class='ocrx_word' id='word_1_251' title='bbox 1074 1364 1226 1398; x_wconf 88' lang='lat' dir='ltr'><strong>Verum</strong></span> <span class='ocrx_word' id='word_1_252' title='bbox 1243 1363 1350 1412; x_wconf 87' lang='lat' dir='ltr'><strong>piget</strong></span> <span class='ocrx_word' id='word_1_253' title='bbox 1367 1370 1520 1398; x_wconf 88' lang='lat' dir='ltr'><strong>mutare</strong></span> <span class='ocrx_word' id='word_1_254' title='bbox 1538 1374 1626 1413; x_wconf 87' lang='lat' dir='ltr'><strong>quae</strong></span> 
     </span>
     <span class='ocr_line' id='line_1_48' title="bbox 913 1418 1421 1457; baseline 0.004 -2"><span class='ocrx_word' id='word_1_255' title='bbox 913 1419 1063 1456; x_wconf 87' lang='lat' dir='ltr'><strong>incerta</strong></span> <span class='ocrx_word' id='word_1_256' title='bbox 1079 1428 1173 1455; x_wconf 91' lang='lat' dir='ltr'><strong>sunt</strong></span> <span class='ocrx_word' id='word_1_257' title='bbox 1196 1427 1235 1455; x_wconf 89' lang='lat' dir='ltr'><strong>et</strong></span> <span class='ocrx_word' id='word_1_258' title='bbox 1254 1418 1421 1457; x_wconf 86' lang='lat' dir='ltr'><strong>lubrica.</strong></span> 
     </span>
    </p>

    <p class='ocr_par' dir='ltr' id='par_1_12' title="bbox 899 1476 1623 2784">
     <span class='ocr_line' id='line_1_49' title="bbox 974 1476 1622 1527; baseline 0 -13"><span class='ocrx_word' id='word_1_259' title='bbox 974 1477 1070 1521; x_wconf 77' lang='lat'>248.</span> <span class='ocrx_word' id='word_1_260' title='bbox 1103 1479 1270 1513; x_wconf 80' lang='lat' dir='ltr'><strong>Jnsueta</strong></span> <span class='ocrx_word' id='word_1_261' title='bbox 1294 1485 1508 1527; x_wconf 80' lang='lat' dir='ltr'><strong>paventem</strong></span> <span class='ocrx_word' id='word_1_262' title='bbox 1533 1476 1622 1514; x_wconf 92' lang='lat' dir='ltr'><strong>cod.</strong></span> 
     </span>
     <span class='ocr_line' id='line_1_50' title="bbox 913 1531 1623 1586; baseline 0.001 -16"><span class='ocrx_word' id='word_1_263' title='bbox 913 1547 974 1584; x_wconf 91' lang='lat' dir='ltr'><strong>ap.</strong></span> <span class='ocrx_word' id='word_1_264' title='bbox 993 1536 1092 1572; x_wconf 87' lang='lat' dir='ltr'><strong>Pier.</strong></span> <span class='ocrx_word' id='word_1_265' title='bbox 1111 1534 1188 1573; x_wconf 83' lang='lat' dir='ltr'><strong>Sed</strong></span> <span class='ocrx_word' id='word_1_266' title='bbox 1208 1535 1353 1571; x_wconf 78' lang='lat' dir='ltr'><strong>mdens</strong></span> <span class='ocrx_word' id='word_1_267' title='bbox 1380 1542 1438 1571; x_wconf 81' lang='lat' dir='ltr'><strong>est</strong></span> <span class='ocrx_word' id='word_1_268' title='bbox 1461 1531 1623 1586; x_wconf 73' lang='grc' dir='ltr'>ἐπιβρω-</span> 
     </span>
     <span class='ocr_line' id='line_1_51' title="bbox 912 1589 1621 1643; baseline 0.004 -17"><span class='ocrx_word' id='word_1_269' title='bbox 912 1589 1099 1643; x_wconf 68' lang='grc' dir='ltr'>μώμενος,</span> <span class='ocrx_word' id='word_1_270' title='bbox 1111 1600 1155 1628; x_wconf 92' lang='lat' dir='ltr'><strong>ut</strong></span> <span class='ocrx_word' id='word_1_271' title='bbox 1172 1606 1235 1641; x_wconf 86' lang='lat' dir='ltr'><strong>ap.</strong></span> <span class='ocrx_word' id='word_1_272' title='bbox 1252 1592 1404 1630; x_wconf 85' lang='lat' dir='ltr'><strong>Gallim.</strong></span> <span class='ocrx_word' id='word_1_273' title='bbox 1419 1592 1462 1627; x_wconf 89' lang='lat' dir='ltr'><strong>in</strong></span> <span class='ocrx_word' id='word_1_274' title='bbox 1473 1591 1621 1629; x_wconf 85' lang='lat' dir='ltr'><strong>Del.—</strong></span> 
     </span>
     <span class='ocr_line' id='line_1_52' title="bbox 912 1648 1621 1691; baseline 0.001 -7"><span class='ocrx_word' id='word_1_275' title='bbox 912 1650 1072 1684; x_wconf 78' lang='lat' dir='ltr'><strong>Insueta</strong></span> <span class='ocrx_word' id='word_1_276' title='bbox 1083 1649 1304 1691; x_wconf 78' lang='lat' dir='ltr'><strong>rudentem,</strong></span> <span class='ocrx_word' id='word_1_277' title='bbox 1313 1648 1475 1685; x_wconf 80' lang='lat' dir='ltr'><strong>insolito</strong></span> <span class='ocrx_word' id='word_1_278' title='bbox 1485 1656 1524 1684; x_wconf 88' lang='lat' dir='ltr'><strong>et</strong></span> <span class='ocrx_word' id='word_1_279' title='bbox 1531 1648 1621 1686; x_wconf 85' lang='lat' dir='ltr'><strong>hor-</strong></span> 
     </span>
     <span class='ocr_line' id='line_1_53' title="bbox 911 1705 1618 1743; baseline 0.001 -2"><span class='ocrx_word' id='word_1_280' title='bbox 911 1705 1036 1742; x_wconf 89' lang='lat' dir='ltr'><strong>rendo</strong></span> <span class='ocrx_word' id='word_1_281' title='bbox 1055 1718 1164 1742; x_wconf 84' lang='lat' dir='ltr'><strong>more</strong></span> <span class='ocrx_word' id='word_1_282' title='bbox 1188 1706 1484 1743; x_wconf 78' lang='lat' dir='ltr'><strong>vociferantem.</strong></span> <span class='ocrx_word' id='word_1_283' title='bbox 1501 1706 1618 1743; x_wconf 90' lang='lat' dir='ltr'><strong>Com-</strong></span> 
     </span>
     <span class='ocr_line' id='line_1_54' title="bbox 910 1760 1615 1814; baseline 0.004 -16"><span class='ocrx_word' id='word_1_284' title='bbox 910 1771 1019 1812; x_wconf 81' lang='lat' dir='ltr'><strong>parat</strong></span> <span class='ocrx_word' id='word_1_285' title='bbox 1028 1764 1184 1800; x_wconf 83' lang='lat' dir='ltr'><strong>Ernesti</strong></span> <span class='ocrx_word' id='word_1_286' title='bbox 1195 1775 1237 1800; x_wconf 83' lang='grc' dir='ltr'><strong>το</strong></span> <span class='ocrx_word' id='word_1_287' title='bbox 1251 1760 1543 1814; x_wconf 65' lang='grc' dir='ltr'><strong>ἐπιβρωμᾶσθαι</strong></span> <span class='ocrx_word' id='word_1_288' title='bbox 1555 1776 1615 1813; x_wconf 86' lang='lat' dir='ltr'><strong>ap.</strong></span> 
     </span>
     <span class='ocr_line' id='line_1_55' title="bbox 912 1820 1618 1870; baseline 0 -13"><span class='ocrx_word' id='word_1_289' title='bbox 912 1820 1140 1857; x_wconf 79' lang='lat' dir='ltr'><strong>callimach,</strong></span> <span class='ocrx_word' id='word_1_290' title='bbox 1158 1822 1202 1857; x_wconf 90' lang='lat' dir='ltr'><strong>in</strong></span> <span class='ocrx_word' id='word_1_291' title='bbox 1220 1820 1308 1858; x_wconf 86' lang='lat' dir='ltr'><strong>Del.</strong></span> <span class='ocrx_word' id='word_1_292' title='bbox 1331 1820 1397 1857; x_wconf 89' lang='lat'><strong>56.</strong></span> <span class='ocrx_word' id='word_1_293' title='bbox 1417 1821 1618 1870; x_wconf 81' lang='lat' dir='ltr'><strong>Frequens</strong></span> 
     </span>
     <span class='ocr_line' id='line_1_56' title="bbox 909 1876 1616 1927; baseline 0 -13"><span class='ocrx_word' id='word_1_294' title='bbox 909 1886 948 1914; x_wconf 88' lang='lat' dir='ltr'><strong>et</strong></span> <span class='ocrx_word' id='word_1_295' title='bbox 968 1877 1110 1914; x_wconf 76' lang='lat' dir='ltr'><strong>obvius</strong></span> <span class='ocrx_word' id='word_1_296' title='bbox 1136 1876 1241 1927; x_wconf 85' lang='lat' dir='ltr'><strong>apud</strong></span> <span class='ocrx_word' id='word_1_297' title='bbox 1263 1885 1398 1926; x_wconf 87' lang='lat' dir='ltr'><strong>poetas</strong></span> <span class='ocrx_word' id='word_1_298' title='bbox 1420 1890 1514 1914; x_wconf 85' lang='lat' dir='ltr'><strong>usus</strong></span> <span class='ocrx_word' id='word_1_299' title='bbox 1544 1890 1616 1914; x_wconf 87' lang='lat' dir='ltr'><strong>vo-</strong></span> 
     </span>
     <span class='ocr_line' id='line_1_57' title="bbox 909 1934 1616 1972; baseline -0.001 -1"><span class='ocrx_word' id='word_1_300' title='bbox 909 1948 999 1972; x_wconf 89' lang='lat' dir='ltr'><strong>cum</strong></span> <span class='ocrx_word' id='word_1_301' title='bbox 1014 1935 1150 1971; x_wconf 81' lang='lat' dir='ltr'><strong>talium</strong></span> <span class='ocrx_word' id='word_1_302' title='bbox 1163 1948 1184 1971; x_wconf 86' lang='lat' dir='ltr'><strong>a</strong></span> <span class='ocrx_word' id='word_1_303' title='bbox 1202 1934 1371 1971; x_wconf 87' lang='lat' dir='ltr'><strong>clamore</strong></span> <span class='ocrx_word' id='word_1_304' title='bbox 1391 1934 1616 1971; x_wconf 89' lang='lat' dir='ltr'><strong>animalium</strong></span> 
     </span>
     <span class='ocr_line' id='line_1_58' title="bbox 907 1991 1616 2041; baseline 0.001 -13"><span class='ocrx_word' id='word_1_305' title='bbox 907 1993 1198 2037; x_wconf 87' lang='lat' dir='ltr'><strong>traductarum,</strong></span> <span class='ocrx_word' id='word_1_306' title='bbox 1252 2004 1369 2041; x_wconf 89' lang='lat' dir='ltr'><strong>quem</strong></span> <span class='ocrx_word' id='word_1_307' title='bbox 1421 1991 1616 2029; x_wconf 85' lang='lat' dir='ltr'><strong>illustrare</strong></span> 
     </span>
     <span class='ocr_line' id='line_1_59' title="bbox 907 2047 1613 2100; baseline 0.001 -14"><span class='ocrx_word' id='word_1_308' title='bbox 907 2049 1007 2086; x_wconf 77' lang='lat' dir='ltr'><strong>nihil</strong></span> <span class='ocrx_word' id='word_1_309' title='bbox 1041 2050 1193 2085; x_wconf 83' lang='lat' dir='ltr'><strong>attinet.</strong></span> <span class='ocrx_word' id='word_1_310' title='bbox 1235 2047 1454 2100; x_wconf 66' lang='lat' dir='ltr'><strong>Molaribus</strong></span> <span class='ocrx_word' id='word_1_311' title='bbox 1484 2049 1613 2100; x_wconf 88' lang='lat' dir='ltr'><strong>simpl.</strong></span> 
     </span>
     <span class='ocr_line' id='line_1_60' title="bbox 904 2104 1614 2159; baseline 0.001 -17"><span class='ocrx_word' id='word_1_312' title='bbox 904 2119 979 2156; x_wconf 86' lang='lat' dir='ltr'><strong>pro</strong></span> <span class='ocrx_word' id='word_1_313' title='bbox 998 2105 1212 2156; x_wconf 81' lang='lat' dir='ltr'><strong>grandibus</strong></span> <span class='ocrx_word' id='word_1_314' title='bbox 1230 2107 1351 2151; x_wconf 83' lang='lat' dir='ltr'><strong>saxis3</strong></span> <span class='ocrx_word' id='word_1_315' title='bbox 1372 2107 1428 2142; x_wconf 86' lang='lat' dir='ltr'><strong>sic</strong></span> <span class='ocrx_word' id='word_1_316' title='bbox 1444 2104 1614 2159; x_wconf 73' lang='grc' dir='ltr'>μύλακες</span> 
     </span>
     <span class='ocr_line' id='line_1_61' title="bbox 904 2162 1614 2215; baseline 0.001 -15"><span class='ocrx_word' id='word_1_317' title='bbox 904 2163 1016 2201; x_wconf 87' lang='lat' dir='ltr'><strong>Iliad.</strong></span> <span class='ocrx_word' id='word_1_318' title='bbox 1039 2178 1086 2215; x_wconf 79' lang='grc' dir='ltr'><strong>μ,</strong></span> <span class='ocrx_word' id='word_1_319' title='bbox 1123 2163 1226 2209; x_wconf 85' lang='lat'>161;</span> <span class='ocrx_word' id='word_1_320' title='bbox 1258 2171 1297 2199; x_wconf 89' lang='lat' dir='ltr'><strong>et</strong></span> <span class='ocrx_word' id='word_1_321' title='bbox 1321 2162 1426 2198; x_wconf 84' lang='lat' dir='ltr'><strong>rami</strong></span> <span class='ocrx_word' id='word_1_322' title='bbox 1454 2175 1614 2214; x_wconf 89' lang='lat' dir='ltr'><strong>quoque</strong></span> 
     </span>
     <span class='ocr_line' id='line_1_62' title="bbox 904 2220 1612 2271; baseline 0 -14"><span class='ocrx_word' id='word_1_323' title='bbox 904 2233 978 2271; x_wconf 85' lang='lat' dir='ltr'><strong>pro</strong></span> <span class='ocrx_word' id='word_1_324' title='bbox 1017 2220 1217 2270; x_wconf 82' lang='lat' dir='ltr'><strong>stipitibus</strong></span> <span class='ocrx_word' id='word_1_325' title='bbox 1248 2228 1288 2256; x_wconf 92' lang='lat' dir='ltr'><strong>et</strong></span> <span class='ocrx_word' id='word_1_326' title='bbox 1317 2221 1484 2258; x_wconf 82' lang='lat' dir='ltr'><strong>truncis.</strong></span> <span class='ocrx_word' id='word_1_327' title='bbox 1519 2221 1612 2259; x_wconf 87' lang='lat' dir='ltr'><strong>Non</strong></span> 
     </span>
     <span class='ocr_line' id='line_1_63' title="bbox 905 2276 1612 2328; baseline 0 -14"><span class='ocrx_word' id='word_1_328' title='bbox 905 2279 954 2314; x_wconf 88' lang='lat' dir='ltr'><strong>de</strong></span> <span class='ocrx_word' id='word_1_329' title='bbox 975 2278 1083 2315; x_wconf 86' lang='lat' dir='ltr'><strong>clava</strong></span> <span class='ocrx_word' id='word_1_330' title='bbox 1111 2276 1365 2328; x_wconf 81' lang='lat' dir='ltr'><strong>cogitandum</strong></span> <span class='ocrx_word' id='word_1_331' title='bbox 1391 2282 1496 2323; x_wconf 81' lang='lat' dir='ltr'><strong>erat,</strong></span> <span class='ocrx_word' id='word_1_332' title='bbox 1521 2285 1612 2326; x_wconf 89' lang='lat' dir='ltr'><strong>post</strong></span> 
     </span>
     <span class='ocr_line' id='line_1_64' title="bbox 904 2333 1609 2379; baseline -0.004 -7"><span class='ocrx_word' id='word_1_333' title='bbox 904 2335 1084 2373; x_wconf 87' lang='lat' dir='ltr'><strong>molares.</strong></span> <span class='ocrx_word' id='word_1_334' title='bbox 1113 2333 1280 2373; x_wconf 86' lang='lat' dir='ltr'><strong>Ovidius</strong></span> <span class='ocrx_word' id='word_1_335' title='bbox 1307 2334 1335 2372; x_wconf 91' lang='lat' dir='ltr'><strong>l.</strong></span> <span class='ocrx_word' id='word_1_336' title='bbox 1364 2347 1400 2372; x_wconf 80' lang='lat' dir='ltr'><strong>c,</strong></span> <span class='ocrx_word' id='word_1_337' title='bbox 1435 2336 1536 2371; x_wconf 79' lang='lat' dir='ltr'><strong>Fast.</strong></span> <span class='ocrx_word' id='word_1_338' title='bbox 1566 2336 1609 2379; x_wconf 89' lang='grc' dir='ltr'><strong>Ι,</strong></span> 
     </span>
     <span class='ocr_line' id='line_1_65' title="bbox 906 2391 1608 2444; baseline -0.007 -13"><span class='ocrx_word' id='word_1_339' title='bbox 906 2394 987 2441; x_wconf 83' lang='lat'><strong>570</strong></span> <span class='ocrx_word' id='word_1_340' title='bbox 1013 2395 1188 2442; x_wconf 85' lang='lat' dir='ltr'><strong>Remque</strong></span> <span class='ocrx_word' id='word_1_341' title='bbox 1198 2391 1326 2444; x_wconf 67' lang='lat' dir='ltr'><strong>ferox</strong></span> <span class='ocrx_word' id='word_1_342' title='bbox 1343 2392 1446 2428; x_wconf 79' lang='lat' dir='ltr'><strong>saxis</strong></span> <span class='ocrx_word' id='word_1_343' title='bbox 1467 2391 1608 2439; x_wconf 85' lang='lat' dir='ltr'><strong>stipiti-</strong></span> 
     </span>
     <span class='ocr_line' id='line_1_66' title="bbox 902 2448 1606 2501; baseline -0.004 -14"><span class='ocrx_word' id='word_1_344' title='bbox 902 2450 1056 2501; x_wconf 84' lang='lat' dir='ltr'><strong>busque</strong></span> <span class='ocrx_word' id='word_1_345' title='bbox 1069 2448 1303 2500; x_wconf 58' lang='lat' dir='ltr'><strong>geria—25</strong></span> <span class='ocrx_word' id='word_1_346' title='bbox 1311 2462 1345 2486; x_wconf 87' lang='lat'><strong>1.</strong></span> <span class='ocrx_word' id='word_1_347' title='bbox 1367 2449 1493 2497; x_wconf 84' lang='lat' dir='ltr'><strong>Super</strong></span> <span class='ocrx_word' id='word_1_348' title='bbox 1503 2460 1541 2484; x_wconf 88' lang='lat' dir='ltr'><strong>u.</strong></span> <span class='ocrx_word' id='word_1_349' title='bbox 1560 2461 1606 2498; x_wconf 82' lang='lat' dir='ltr'><strong>p.</strong></span> 
     </span>
     <span class='ocr_line' id='line_1_67' title="bbox 902 2504 1610 2558; baseline -0.003 -14"><span class='ocrx_word' id='word_1_350' title='bbox 902 2517 961 2544; x_wconf 82' lang='lat' dir='ltr'><strong>esc</strong></span> <span class='ocrx_word' id='word_1_351' title='bbox 989 2507 1111 2558; x_wconf 79' lang='lat' dir='ltr'><strong>vulgo</strong></span> <span class='ocrx_word' id='word_1_352' title='bbox 1146 2506 1361 2556; x_wconf 82' lang='lat' dir='ltr'><strong>legebatur.</strong></span> <span class='ocrx_word' id='word_1_353' title='bbox 1393 2504 1517 2551; x_wconf 83' lang='lat' dir='ltr'><strong>Ejecit</strong></span> <span class='ocrx_word' id='word_1_354' title='bbox 1551 2516 1610 2542; x_wconf 82' lang='lat' dir='ltr'><strong>ese</strong></span> 
     </span>
     <span class='ocr_line' id='line_1_68' title="bbox 901 2560 1604 2602; baseline -0.004 0"><span class='ocrx_word' id='word_1_355' title='bbox 901 2565 1087 2602; x_wconf 88' lang='lat' dir='ltr'><strong>Heinsius</strong></span> <span class='ocrx_word' id='word_1_356' title='bbox 1114 2562 1333 2600; x_wconf 87' lang='lat' dir='ltr'><strong>secundum</strong></span> <span class='ocrx_word' id='word_1_357' title='bbox 1363 2560 1479 2599; x_wconf 87' lang='lat' dir='ltr'><strong>codd.</strong></span> <span class='ocrx_word' id='word_1_358' title='bbox 1513 2574 1604 2599; x_wconf 83' lang='lat' dir='ltr'><strong>suos</strong></span> 
     </span>
     <span class='ocr_line' id='line_1_69' title="bbox 901 2617 1604 2670; baseline -0.004 -12"><span class='ocrx_word' id='word_1_359' title='bbox 901 2630 938 2658; x_wconf 88' lang='lat' dir='ltr'><strong>et</strong></span> <span class='ocrx_word' id='word_1_360' title='bbox 961 2621 1091 2658; x_wconf 81' lang='lat' dir='ltr'><strong>Pierii.</strong></span> <span class='ocrx_word' id='word_1_361' title='bbox 1122 2621 1236 2670; x_wconf 80' lang='lat' dir='ltr'><strong>Fuga</strong></span> <span class='ocrx_word' id='word_1_362' title='bbox 1260 2631 1366 2656; x_wconf 81' lang='lat' dir='ltr'><strong>nunc</strong></span> <span class='ocrx_word' id='word_1_363' title='bbox 1393 2631 1511 2669; x_wconf 82' lang='lat' dir='ltr'><strong>super</strong></span> <span class='ocrx_word' id='word_1_364' title='bbox 1531 2617 1604 2655; x_wconf 85' lang='lat' dir='ltr'><strong>illa</strong></span> 
     </span>
     <span class='ocr_line' id='line_1_70' title="bbox 900 2675 1606 2725; baseline -0.004 -10"><span class='ocrx_word' id='word_1_365' title='bbox 900 2675 1110 2716; x_wconf 89' lang='lat' dir='ltr'><strong>Diomedes</strong></span> <span class='ocrx_word' id='word_1_366' title='bbox 1126 2675 1198 2713; x_wconf 81' lang='lat' dir='ltr'><strong>lib.</strong></span> <span class='ocrx_word' id='word_1_367' title='bbox 1212 2677 1244 2713; x_wconf 91' lang='grc' dir='ltr'><strong>Ι.</strong></span> <span class='ocrx_word' id='word_1_368' title='bbox 1260 2688 1320 2725; x_wconf 90' lang='lat' dir='ltr'><strong>ap.</strong></span> <span class='ocrx_word' id='word_1_369' title='bbox 1338 2677 1473 2714; x_wconf 81' lang='lat' dir='ltr'><strong>Heius.</strong></span> <span class='ocrx_word' id='word_1_370' title='bbox 1490 2688 1606 2725; x_wconf 82' lang='lat' dir='ltr'><strong>super</strong></span> 
     </span>
     <span class='ocr_line' id='line_1_71' title="bbox 899 2731 1602 2784; baseline -0.003 -12"><span class='ocrx_word' id='word_1_371' title='bbox 899 2735 972 2772; x_wconf 89' lang='lat' dir='ltr'><strong>illa</strong></span> <span class='ocrx_word' id='word_1_372' title='bbox 993 2731 1098 2771; x_wconf 87' lang='lat' dir='ltr'><strong>Leid.</strong></span> <span class='ocrx_word' id='word_1_373' title='bbox 1118 2745 1235 2784; x_wconf 83' lang='lat' dir='ltr'><strong>super</strong></span> <span class='ocrx_word' id='word_1_374' title='bbox 1250 2732 1324 2770; x_wconf 84' lang='lat' dir='ltr'><strong>illa</strong></span> <span class='ocrx_word' id='word_1_375' title='bbox 1352 2732 1523 2770; x_wconf 77' lang='lat' dir='ltr'><strong>dabatur</strong></span> <span class='ocrx_word' id='word_1_376' title='bbox 1547 2732 1602 2770; x_wconf 83' lang='lat' dir='ltr'><strong>al-</strong></span> 
     </span>
    </p>
   </div>
   <div class='ocr_carea' id='block_1_11' title="bbox 896 2793 1132 2843">
    <p class='ocr_par' dir='ltr' id='par_1_13' title="bbox 896 2793 1132 2843">
     <span class='ocr_line' id='line_1_72' title="bbox 896 2793 1132 2843; baseline -0.004 -14"><span class='ocrx_word' id='word_1_377' title='bbox 896 2801 956 2829; x_wconf 87' lang='lat' dir='ltr'><strong>ter</strong></span> <span class='ocrx_word' id='word_1_378' title='bbox 975 2793 1132 2843; x_wconf 81' lang='lat' dir='ltr'><strong>Menag.</strong></span> 
     </span>
    </p>
   </div>
  </div>
 </body>
</html>
