1767 3054
98 157 680 244 EXCURSUS
752 149 1599 236 NOTABILIORES

622 362 732 414 AD
777 356 1077 413 LIBROS

175 553 614 626 AENEIDOS
664 553 749 622 V,
798 551 923 622 VI,
973 551 1109 618 VII
1157 549 1272 617 ET
1322 550 1521 618 VIII.

435 776 514 782 -—
753 760 864 791 ”0⁴0

525 940 1087 1008 EXCURSUS
1147 942 1175 1006 I

616 1119 702 1163 AD
738 1119 986 1164 LIBRUM
1022 1121 1077 1162 V.

297 1303 485 1379 Super
510 1303 723 1357 AEnece
752 1321 981 1358 accessu
1012 1301 1097 1358 ad
1121 1301 1392 1360 Siciliam.

151 1489 219 1525 Brs
231 1489 393 1525 AEneam
406 1486 454 1524 ad
466 1486 636 1526 Siciliam
652 1488 856 1524 accessisse
873 1495 1006 1524 narrat
1021 1496 1136 1538 poeta
1148 1516 1158 1535 ,
1177 1489 1349 1538 primum
1362 1501 1488 1539 quum
1504 1489 1598 1527 litus

92 1555 215 1592 Italiae
245 1554 445 1592 inferioris
473 1562 512 1590 et
541 1553 683 1592 Siciliae
705 1553 896 1590 orientale
918 1560 1200 1603 praetervectus
1226 1555 1403 1604 Drepani
1436 1564 1597 1606 portum

91 1622 296 1669 intrasset,
321 1622 348 1661 l.
379 1624 464 1669 111,
491 1634 569 1669 707
588 1635 599 1668 ;
619 1620 718 1658 adde
737 1622 906 1673 Dionys.
931 1623 950 1658 1
965 1650 975 1668 ,
999 1622 1050 1659 52
1067 1636 1076 1669 3
1098 1631 1136 1659 et
1153 1624 1325 1670 iterum,
1344 1637 1469 1674 quum
1503 1626 1595 1664 Car·

88 1690 250 1743 thagine
278 1698 316 1728 et
342 1689 392 1728 ab
419 1691 567 1728 Africae
589 1690 707 1727 litore
729 1698 912 1737 evectus,
936 1699 983 1727 ut
1011 1690 1163 1728 Italiam
1187 1700 1362 1742 peteret,
1380 1695 1509 1731 ventis
1533 1693 1598 1730 ad—

90 1759 213 1795 versis
239 1757 287 1795 ad
316 1757 460 1796 Siciliae
488 1756 583 1794 litus
613 1743 860 1795 occidentale
891 1766 990 1795 esset
1017 1759 1198 1805 rejectus.
1218 1759 1398 1797 Tenebat
1422 1769 1509 1797 tum
1531 1761 1598 1798 illa

88 1824 176 1862 loca
192 1827 356 1862 Acestes
368 1852 378 1871 ,
397 1834 443 1862 ut
460 1825 654 1875 Virgilius
679 1824 818 1861 scribit
830 1852 841 1871 ,
860 1825 925 1862 vel
948 1827 1107 1875 Egestes
1120 1853 1130 1871 ,
1152 1828 1316 1876 Egestas
1329 1854 1339 1871 ‚
1359 1839 1378 1862 a
1398 1840 1481 1876 quo
1501 1827 1597 1865 urbs

91 1893 265 1943 Egesta,
287 1891 457 1941 AEgesta
476 1891 540 1927 vel
569 1893 733 1941 Segesta
760 1891 949 1941 appellari
974 1892 1094 1941 coepit
1113 1891 1180 1941 (v,
1202 1900 1292 1942 post
1318 1892 1414 1930 alios
1439 1901 1477 1930 et
1497 1895 1596 1931 Bur-

92 1970 284 1996 mannum
301 1956 349 1994 ad
365 1958 561 1996 Numism.
579 1959 655 1996 Sic.
675 1971 762 2010 pag.
785 1960 865 2008 394
880 1987 889 2004 ,
902 1958 1139 1996 Eckhelium
1156 1961 1199 1996 iu
1218 1961 1408 1997 Doctrina
1426 1962 1595 2000 Numer.

94 2035 172 2064 vet.
200 2025 282 2064 vol.
303 2027 345 2071 1,
366 2039 454 2077 pag.
487 2027 567 2070 234
582 2024 621 2075 );
643 2025 815 2077 Virgilio
847 2029 995 2062 Acesta
1013 2028 1047 2061 V
1063 2055 1074 2072 ‚
1100 2040 1119 2073 7
1133 2028 1179 2063 18
1197 2056 1207 2073 ‚
1228 2027 1338 2078 quod
1368 2037 1498 2067 tamen
1525 2043 1597 2067 no·

95 2106 187 2130 men
213 2101 252 2129 et
278 2093 413 2143 steph.
430 2095 524 2143 Byz.
542 2092 661 2130 habet
679 2095 722 2131 in
746 2083 909 2133 Anien.
930 2092 995 2131 Ab
1015 2093 1092 2131 hoe
1112 2096 1256 2132 Aceste
1275 2099 1413 2134 AEneas
1428 2096 1598 2147 benigne

94 2162 268 2213 bospitio
291 2170 480 2212 exceptus
498 2163 624 2199 socios
642 2170 680 2199 et
696 2175 814 2199 naves
830 2162 975 2200 refecit.
1005 2164 1098 2199 Erat
1118 2165 1223 2200 enim
1243 2164 1309 2201 ille
1325 2167 1499 2213 Trojano
1517 2180 1600 2206 san·

96 2231 218 2282 guine
245 2227 466 2274 oriundus,
497 2230 645 2280 quippe
667 2242 687 2266 e
705 2231 874 2277 Trojana
902 2229 1045 2267 femina
1061 2259 1070 2276 ‚
1096 2229 1144 2268 de
1162 2244 1240 2281 qua
1270 2233 1374 2270 varie
1406 2233 1596 2280 traditur,

97 2299 140 2335 in
172 2296 344 2336 Siciliam
378 2295 504 2333 delata
544 2305 582 2334 et
620 2309 642 2334 a
687 2297 854 2335 Crimiso
903 2298 1027 2335 fluvio
1074 2311 1319 2349 compressa,
1360 2310 1566 2353 susceptus
1588 2314 1597 2338 2

97 2366 178 2405 vid.
203 2368 242 2402 V
258 2394 269 2413 ,
292 2366 342 2404 38
360 2394 370 2411 ,
395 2367 449 2416 39
476 2364 594 2402 Troia
623 2365 784 2402 Crimiso
802 2375 1032 2417 conceptum
1041 2365 1218 2420 flumine
1238 2378 1369 2406 mater
1387 2372 1511 2420 Quem
1533 2385 1599 2422 ge-

100 2435 211 2481 nuit;
231 2447 319 2486 quae
346 2435 615 2485 antiquissima
641 2435 786 2485 ignota:
813 2435 946 2485 stirpis
974 2433 1217 2472 deducenda.-
1237 2437 1336 2474 ratio
1356 2446 1435 2485 est,
1465 2447 1509 2475 ut
1529 2452 1598 2489 pa·

99 2516 190 2540 rens
222 2501 362 2541 edatur
387 2502 536 2540 fluvius
562 2503 646 2549 ejus
675 2510 810 2549 tcrroe,
839 2503 881 2538 in
908 2515 985 2552 qua
1005 2515 1099 2553 gens
1125 2502 1254 2553 aliqua
1283 2503 1416 2541 sedem
1445 2504 1597 2543 habuit.

100 2573 239 2623 Itaque
262 2570 406 2608 divinae
426 2569 556 2620 stirpis
577 2572 738 2606 Acestes
761 2569 981 2620 appellatur
1000 2571 1037 2606 V
1050 2597 1061 2615 ‚
1084 2582 1104 2617 7
1118 2583 1180 2608 12.
1207 2570 1372 2608 Fabulas
1391 2570 1440 2609 de
1458 2574 1598 2610 Aceste

100 2639 256 2689 plures,
288 2637 338 2675 ad
356 2650 452 2689 quas
470 2638 583 2675 numi
612 2650 772 2688 quoque
799 2636 904 2688 apud
934 2640 1137 2685 Parmam,
1157 2639 1397 2677 Dorvillium
1412 2667 1422 2685 ‚
1456 2641 1600 2691 princi-

103 2718 194 2755 pem
221 2707 509 2751 Torremuzza‚
532 2713 571 2742 et
603 2717 710 2741 nunc
733 2704 839 2755 apud
870 2703 1105 2743 Eckhelium
1132 2705 1338 2753 alludunt,
1373 2706 1463 2743 vide
1497 2705 1598 2756 apud

106 2775 213 2810 Serv.
230 2771 280 2809 ad
299 2775 342 2820 1,
371 2772 452 2811 550
468 2787 478 2820 3
497 2775 548 2819 V,
570 2774 636 2811 30.
660 2772 741 2810 Alia
758 2774 950 2824 congessit
973 2773 1131 2813 Cluver.
1150 2774 1254 2813 Sicil.
1277 2782 1355 2813 ant.
1378 2777 1440 2823 11,
1464 2789 1500 2812 α.
1526 2775 1599 2812 Sed
