1767 3054
663 66 817 138 {IBER
848 101 964 138 VIII.

1484 107 1564 143 321

0 175 1 183 ’
60 175 290 235 Quamvis
313 185 359 220 et
380 170 554 218 Priami
578 170 805 217 deberem
830 170 1039 232 plurima
1062 173 1183 218 natis
1196 207 1208 229 ,

59 255 117 299 Et
143 251 316 298 durum
339 250 499 294 AEneae
521 247 757 293 flevissem
782 261 907 309 saepe
931 246 1160 293 laborem.

1512 263 1572 295 380

58 330 198 374 Nunc
220 325 352 372 Jovis
373 322 585 385 imperiis
609 322 901 369 Rutulorum
926 323 1138 369 constitit
1165 322 1261 369 oris
1284 339 1294 366 :

58 403 185 462 Ergo
208 398 373 445 eadem
396 399 598 462 supplex
620 397 786 457 venie,
810 409 856 444 et
880 408 1096 456 sanctum
1121 398 1240 444 mihi
1264 414 1439 445 numen

57 479 205 522 Arma
230 490 369 537 rogo,
394 474 615 536 genetrix
640 486 753 521 nato
781 491 791 519 :
818 485 864 521 te
890 474 984 521 filia
1004 459 1174 532 fflrei,

56 555 124 598 Te
148 552 305 613 potuit
331 551 536 598 lacrimis
558 550 783 598 Tithonia
804 550 996 597 flectere
1021 552 1210 614 conjux.

56 624 264 688 Adspice
292 626 376 687 qui
402 637 570 672 cocant
594 626 786 689 populi,
812 641 918 687 quae
942 626 1116 671 moenia
1139 626 1310 672 clausis

1510 638 1570 668 385

57 703 257 747 Ferrum
280 712 453 747 acuant
478 702 629 764 portis
654 701 702 746 in
727 717 801 747 me
827 700 1163 763 excidiumque
1188 717 1418 748 meorum.
1445 722 1462 742 >2

121 778 345 836 Dixerat3
372 787 419 822 et
442 777 594 823 niveis
619 777 730 823 hinc
751 787 894 839 atque
918 775 1029 822 hinc
1052 777 1164 823 diva
1191 776 1380 823 lacertis

58 856 371 900 Cunctantem
394 854 617 915 amplexu
641 853 772 898 molli
796 853 926 898 fovet
949 871 959 898 ε
987 853 1065 899 ille
1089 864 1287 916 repente

55 927 259 989 Adcepit
283 928 471 974 solitam
494 928 757 985 flammam,
781 937 1020 989 notusque
1042 928 1272 974 medullas

54 1003 257 1050 Intravit
282 1004 435 1061 calor,
460 1016 508 1051 et
529 1003 762 1050 labefacta
781 1020 870 1066 per
894 1020 1000 1051 ossa
1023 1004 1237 1050 cucurrit
1261 1022 1271 1048 :

57 1203 147 1230 erac
172 1204 340 1240 nostroe,
363 1196 448 1241 XI,
484 1195 589 1243 165;
618 1198 777 1235 mollius

55 1254 177 1289 etiam
191 1251 294 1304 sata
325 1251 459 1289 debita
479 1252 684 1292 dicuntur.
706 1258 778 1292 La-

57 1318 113 1346 tet
134 1323 229 1347 vero
249 1311 292 1347 in
311 1309 389 1347 hoc
409 1323 563 1357 caussa,
587 1324 659 1348 cur
677 1313 780 1349 Vul-

58 1379 204 1404 canum
223 1368 410 1418 precibus
429 1377 515 1405 tum
534 1382 619 1406 non
642 1370 779 1422 fatiga-

54 1427 170 1463 verit.
188 1447 246 1454 —-
266 1427 363 1476 379.
383 1425 536 1472 Nacis;
558 1427 677 1464 solito
693 1441 779 1465 mo-

55 1495 98 1520 re
118 1496 193 1533 pro
213 1497 296 1521 uno
310 1512 321 1530 ,
347 1483 498 1522 Paride.
513 1506 570 1513 —-
586 1485 684 1522 381.
701 1488 779 1522 Ru-

56 1540 227 1578 tulorum
247 1541 347 1588 oris3
378 1543 503 1578 variat
530 1543 749 1580 orationem
765 1571 776 1589 ,

56 1611 131 1649 pro
165 1600 335 1645 Latinis,
356 1612 378 1635 a
408 1600 562 1650 populo
588 1598 776 1639 finitimo.

57 1677 116 1686 —--
137 1656 234 1694 382.
265 1655 391 1694 Venio
409 1665 449 1694 et
463 1657 596 1695 sinon
618 1657 716 1695 mihi
731 1672 772 1697 n.

58 1713 182 1752 Goth.
220 1727 298 1753 sec.
333 1728 384 1752 ex
418 1715 627 1753 literarum
665 1729 777 1754 com-

57 1771 205 1822 pendio
219 1786 231 1818 3
247 1786 393 1809 nomen
416 1773 526 1811 Leid.
549 1774 616 1812 Jo.
636 1774 777 1812 Schra-

59 1829 130 1866 der
150 1831 255 1878 conj.
274 1839 314 1867 et
330 1839 511 1866 sanc-cum
530 1831 603 1867 cibi
628 1845 777 1868 nomen

61 1889 191 1924 Arma
224 1899 321 1938 rogo
350 1887 540 1937 genetrix
571 1896 669 1924 nato
688 1902 702 1924 :
733 1897 779 1925 ut

59 1944 158 1981 adeo
193 1944 400 1994 jungenda
430 1947 510 1982 sint
545 1957 554 1982 :
589 1945 777 1996 genetrix

59 2011 243 2039 sanctum
278 2001 351 2038 tibi
385 2015 546 2040 nomen.
584 2006 650 2040 An
682 2016 779 2040 vero

59 2061 198 2098 Venus
219 2059 405 2097 Vulcano
428 2061 504 2097 erit
521 2070 645 2097 mater
664 2074 782 2098 vene-

61 2117 324 2167 randa‚-quae
353 2127 490 2155 natum
513 2131 564 2155 ex
588 2119 664 2156 alio
691 2120 779 2156 viro

59 2176 263 2226 suscepit?
280 2176 372 2213 Scil.
391 2176 622 2213 morabatur
647 2178 780 2213 virum

60 2232 226 2270 doctum
240 2246 322 2270 non
335 2233 603 2271 animadversa
618 2235 780 2272 omissio

60 2293 127 2330 τοῦ
166 2299 218 2329 te.
256 2293 357 2330 Nam
392 2300 450 2329 est
476 2305 486 2331 :
518 2305 616 2344 rogo
650 2290 665 2342 (
689 2300 726 2328 te
740 2291 779 2343 ,)

59 2359 241 2386 sanctum
261 2349 361 2386 mihi
375 2363 523 2387 numen
537 2379 548 2395 ,
576 2364 708 2387 arma.
721 2372 780 2378 —

61 2406 178 2446 Conf.
199 2408 246 2445 11.
277 2421 324 2454 σ,
349 2410 444 2456 457.
470 2411 523 2445 Ec
551 2407 645 2461 (te)
666 2421 780 2445 sanc-

61 2473 144 2502 tum
177 2464 278 2502 mihi
310 2480 458 2504 numen
491 2468 619 2503 Arma
653 2479 749 2518 rogo
762 2481 778 2511 ,-

59 2535 176 2561 nou:
204 2537 227 2561 ο
257 2533 442 2561 sanctum
476 2524 578 2562 mihi
601 2537 748 2561 numen
764 2539 779 2568 ;

59 2579 130 2618 sed
150 2592 161 2619 :
183 2591 224 2619 ee
245 2595 343 2635 rogo
368 2596 517 2620 numen
549 2592 656 2620 tuum
686 2581 784 2619 mihi

60 2647 244 2677 sanctum
268 2653 386 2678 arma
399 2657 416 2687 ;
434 2641 475 2679 h.
498 2649 536 2678 te
549 2669 559 2687 ‚
577 2640 646 2678 sed
666 2641 779 2677 blau-

59 2693 171 2734 diore
211 2699 392 2737 oratione
430 2699 569 2746 effert,
611 2707 648 2736 te
662 2727 672 2744 ‚
714 2699 783 2735 mi-

58 2751 102 2790 hi
120 2766 274 2806 semper
296 2756 567 2795 venerandum
583 2785 594 2803 ,
614 2752 778 2795 αἰὸοἰῡν.

1507 1014 1567 1055 390

844 1218 903 1224 —-
926 1197 1021 1233 383.
1043 1195 1146 1233 Neri
1167 1196 1320 1246 aliquot
1340 1195 1508 1233 Pierian.
1531 1204 1569 1232 et

845 1255 984 1292 Heius.
1017 1266 1060 1290 ac
1090 1256 1252 1299 Burm.,
1277 1252 1384 1302 quod
1412 1253 1566 1290 cunin-

847 1310 976 1360 gham.
1001 1310 1148 1355 edidit;
1175 1319 1213 1347 et
1240 1311 1295 1346 sic
1320 1311 1480 1347 Servius
1509 1311 1565 1347 le-

845 1377 975 1418 gerat,
999 1369 1113 1414 cnjus
1134 1368 1270 1404 locum
1285 1369 1483 1404 saniorem
1502 1381 1567 1404 ex-

845 1425 959 1462 hibet
986 1426 1120 1463 Julius
1150 1425 1333 1463 Sabinus.
1360 1424 1436 1462 Sed
1466 1427 1566 1463 male

845 1484 1004 1520 Servius
1026 1482 1178 1519 factum
1203 1491 1320 1532 putat
1339 1495 1390 1518 ex
1412 1483 1563 1531 Neres,

844 1540 965 1577 lVerz's
975 1568 988 1586 ,
1013 1540 1165 1588 abjecta
1184 1554 1227 1585 s;
1247 1553 1338 1577 nam
1362 1539 1377 1575 i
1394 1550 1569 1581 contrac-

845 1605 884 1634 ta
917 1607 976 1635 est
1008 1598 1162 1649 syllaba
1202 1597 1263 1642 εἰ,
1302 1599 1362 1635 uti
1395 1599 1541 1639 Achilli
1555 1631 1566 1648 ‚

844 1655 995 1707 Ulyssi.
1015 1656 1124 1693 Illud
1151 1665 1283 1693 autem
1305 1656 1407 1693 bene
1434 1656 1568 1696 obser-

846 1724 981 1752 vatum
994 1745 1004 1763 ‚
1026 1724 1179 1753 veteres
1205 1729 1274 1753 eus
1293 1715 1481 1753 extulisse
1498 1730 1562 1761 ες,

843 1775 1018 1819 Nereus,
1040 1774 1163 1811 Neres
1177 1802 1187 1819 ,
1206 1783 1251 1810 ut
1271 1773 1492 1819 Achillem,
1511 1775 1567 1811 A-

845 1830 996 1875 chilles,
1012 1830 1217 1880 Ulyssem,
1229 1831 1519 1880 Ulysses.—38
1530 1833 1566 1877 3,

848 1889 944 1931 384.
960 1890 1014 1925 Ut
1030 1887 1166 1925 Thetis
1185 1887 1349 1933 Achilli,
1364 1889 1421 1924 sic
1437 1890 1568 1926 Auro·

845 1959 888 1982 ra
909 1946 1119 1983 Memnoni
1140 1958 1249 1981 arma
1271 1946 1439 1995 petierat
1461 1946 1569 1996 apud

845 2012 981 2053 poetas
998 2003 1182 2054 Cyclicos
1196 2030 1206 2048 ,
1228 2004 1333 2039 inter
1350 2016 1452 2054 quos
1470 2005 1569 2041 Arc-

846 2062 920 2098 tini
954 2060 1102 2098 Milesii
1147 2058 1317 2104 Αίθιῦπὶς
1366 2061 1456 2099 fuit,
1503 2063 1567 2100 Sic

847 2119 990 2169 Quinti
1009 2119 1174 2169 Paralip.
1196 2121 1255 2164 ΙΙ,
1276 2119 1373 2165 454,
1392 2119 1462 2156 ubi
1476 2132 1569 2157 con-

846 2178 968 2227 gressi
988 2176 1166 2213 Achilles
1186 2185 1225 2213 et
1244 2179 1439 2214 Memnon
1452 2189 1462 2215 2
1475 2175 1570 2214 τύπ-

847 2247 910 2272 τον
943 2229 981 2270 δ’
1011 2224 1429 2278 ἀλ).·ἡ).ων-Ᾰσπίὸαις
1452 2232 1498 2279 ἃς
1518 2225 1568 2274 ἥ-

847 2304 1007 2345 φσιιστῡς
1020 2290 1088 2329 ὑπ’
1101 2287 1295 2345 ἀμὲρεσίῃ
1310 2290 1413 2345 κάμε
1433 2292 1565 2345 τέχνῃ.

910 2350 1006 2397 387.
1037 2349 1173 2387 Νι’νει“.ς
1195 2350 1386 2395 lacertis;
1417 2353 1568 2403 quippe

847 2407 918 2446 dea
944 2405 1190 2452 λευκώλενος.
1213 2410 1403 2448 Ornatius
1433 2418 1567 2447 autem

847 2466 993 2504 extulit
1011 2467 1271 2503 Homericum
1298 2463 1427 2522 ἀγκὰς
1449 2466 1567 2521 ἔμαρ-

846 2537 920 2562 πτε
941 2524 986 2561 11.
1006 2520 1047 2570 ξ,
1068 2525 1175 2571 346;
1208 2533 1246 2562 et
1263 2538 1360 2563 mox
1377 2539 1454 2564 VSS.
1483 2526 1563 2563 388

846 2583 989 2632 —392
1006 2596 1141 2620 versus
1153 2585 1389 2621 Homericos
1399 2584 1454 2622 ib.
1467 2591 1564 2635 294,

850 2641 947 2691 295,
968 2641 1133 2691 296.—
1147 2642 1244 2692 390.
1260 2640 1471 2693 Calqs'acea
1489 2643 1567 2693 ple-

849 2701 962 2749 rique
974 2701 1074 2739 Pier.
1084 2708 1123 2738 et
1135 2703 1288 2748 Heius„
1302 2702 1419 2738 etiam
1430 2703 1563 2744 Rom.;

849 2757 917 2795 sed
932 2757 1134 2810 labefacta
1151 2768 1287 2798 tuetur
1303 2758 1451 2797 Medic.
1473 2769 1562 2795 cum
