<?xml version="1.0" encoding="UTF-8"?>
<!DOCTYPE html PUBLIC "-//W3C//DTD XHTML 1.0 Transitional//EN"
    "http://www.w3.org/TR/xhtml1/DTD/xhtml1-transitional.dtd">
<html xmlns="http://www.w3.org/1999/xhtml" xml:lang="en" lang="en">
 <head>
  <title>
</title>
<meta http-equiv="Content-Type" content="text/html;charset=utf-8" />
  <meta name='ocr-system' content='tesseract 3.04.00' />
  <meta name='ocr-capabilities' content='ocr_page ocr_carea ocr_par ocr_line ocrx_word'/>
</head>
<body>
  <div class='ocr_page' id='page_1' title='image "./operahey03virguoft_0302.png"; bbox 0 0 1767 3054; ppageno 0'>
   <div class='ocr_carea' id='block_1_1' title="bbox 215 123 1713 250">
    <p class='ocr_par' dir='ltr' id='par_1_1' title="bbox 215 123 1713 250">
     <span class='ocr_line' id='line_1_1' title="bbox 225 123 1085 175; baseline 0 -14"><span class='ocrx_word' id='word_1_1' title='bbox 225 137 305 175; x_wconf 77' lang='lat'><strong>292</strong></span> <span class='ocrx_word' id='word_1_2' title='bbox 844 123 1085 161; x_wconf 59' lang='lat' dir='ltr'><strong>AEimmos</strong></span> 
     </span>
     <span class='ocr_line' id='line_1_2' title="bbox 215 194 1713 250; baseline -0.001 -7"><span class='ocrx_word' id='word_1_3' title='bbox 215 203 321 245; x_wconf 86' lang='lat' dir='ltr'><strong>Neu</strong></span> <span class='ocrx_word' id='word_1_4' title='bbox 349 196 470 242; x_wconf 66' lang='lat' dir='ltr'><strong>belli«</strong></span> <span class='ocrx_word' id='word_1_5' title='bbox 484 207 662 242; x_wconf 83' lang='lat' dir='ltr'><strong>terrere</strong></span> <span class='ocrx_word' id='word_1_6' title='bbox 686 194 823 240; x_wconf 84' lang='lat' dir='ltr'><strong>minis</strong></span> <span class='ocrx_word' id='word_1_7' title='bbox 851 211 861 238; x_wconf 94' lang='lat'><strong>:</strong></span> <span class='ocrx_word' id='word_1_8' title='bbox 889 206 1046 242; x_wconf 87' lang='lat' dir='ltr'><strong>tumor</strong></span> <span class='ocrx_word' id='word_1_9' title='bbox 1070 197 1220 245; x_wconf 88' lang='lat' dir='ltr'><strong>omnis</strong></span> <span class='ocrx_word' id='word_1_10' title='bbox 1246 208 1290 245; x_wconf 87' lang='lat' dir='ltr'><strong>et</strong></span> <span class='ocrx_word' id='word_1_11' title='bbox 1314 199 1396 245; x_wconf 84' lang='lat' dir='ltr'><strong>irae</strong></span> <span class='ocrx_word' id='word_1_12' title='bbox 1672 217 1713 250; x_wconf 70' lang='lat'><strong>40</strong></span> 
     </span>
    </p>
   </div>
   <div class='ocr_carea' id='block_1_2' title="bbox 217 269 686 319">
    <p class='ocr_par' dir='ltr' id='par_1_2' title="bbox 217 269 686 319">
     <span class='ocr_line' id='line_1_3' title="bbox 217 269 686 319; baseline -0.006 -1"><span class='ocrx_word' id='word_1_13' title='bbox 217 276 503 319; x_wconf 86' lang='lat' dir='ltr'><strong>Concessere</strong></span> <span class='ocrx_word' id='word_1_14' title='bbox 529 269 686 316; x_wconf 88' lang='lat' dir='ltr'><strong>deum.</strong></span> 
     </span>
    </p>
   </div>
   <div class='ocr_carea' id='block_1_3' title="bbox 211 345 1710 931">
    <p class='ocr_par' dir='ltr' id='par_1_3' title="bbox 214 345 1516 485">
     <span class='ocr_line' id='line_1_4' title="bbox 214 345 1516 410; baseline 0.001 -15"><span class='ocrx_word' id='word_1_15' title='bbox 214 353 412 410; x_wconf 82' lang='lat' dir='ltr'><strong>Jamque</strong></span> <span class='ocrx_word' id='word_1_16' title='bbox 437 346 546 405; x_wconf 84' lang='lat' dir='ltr'><strong>tibi,</strong></span> <span class='ocrx_word' id='word_1_17' title='bbox 567 362 625 392; x_wconf 87' lang='lat' dir='ltr'><strong>ne</strong></span> <span class='ocrx_word' id='word_1_18' title='bbox 646 361 766 391; x_wconf 81' lang='lat' dir='ltr'><strong>vana</strong></span> <span class='ocrx_word' id='word_1_19' title='bbox 789 354 926 406; x_wconf 88' lang='lat' dir='ltr'><strong>putes</strong></span> <span class='ocrx_word' id='word_1_20' title='bbox 950 345 1051 390; x_wconf 88' lang='lat' dir='ltr'><strong>haec</strong></span> <span class='ocrx_word' id='word_1_21' title='bbox 1076 346 1252 409; x_wconf 84' lang='lat' dir='ltr'><strong>fingere</strong></span> <span class='ocrx_word' id='word_1_22' title='bbox 1272 363 1516 408; x_wconf 88' lang='lat' dir='ltr'><strong>somnum,</strong></span> 
     </span>
     <span class='ocr_line' id='line_1_5' title="bbox 214 419 1272 485; baseline 0.001 -16"><span class='ocrx_word' id='word_1_23' title='bbox 214 424 415 470; x_wconf 88' lang='lat' dir='ltr'><strong>Litoreis</strong></span> <span class='ocrx_word' id='word_1_24' title='bbox 441 425 601 485; x_wconf 79' lang='lat' dir='ltr'><strong>ingens</strong></span> <span class='ocrx_word' id='word_1_25' title='bbox 626 422 816 466; x_wconf 87' lang='lat' dir='ltr'><strong>inventa</strong></span> <span class='ocrx_word' id='word_1_26' title='bbox 841 419 930 465; x_wconf 89' lang='lat' dir='ltr'><strong>sub</strong></span> <span class='ocrx_word' id='word_1_27' title='bbox 956 420 1143 468; x_wconf 88' lang='lat' dir='ltr'>ilicibus</span> <span class='ocrx_word' id='word_1_28' title='bbox 1167 439 1272 481; x_wconf 86' lang='lat' dir='ltr'><strong>sus,</strong></span> 
     </span>
    </p>

    <p class='ocr_par' dir='ltr' id='par_1_4' title="bbox 213 493 1216 559">
     <span class='ocr_line' id='line_1_6' title="bbox 213 493 1216 559; baseline -0.001 -16"><span class='ocrx_word' id='word_1_29' title='bbox 213 497 425 559; x_wconf 81' lang='lat' dir='ltr'>Triginta</span> <span class='ocrx_word' id='word_1_30' title='bbox 450 497 660 558; x_wconf 87' lang='lat' dir='ltr'><strong>capitum</strong></span> <span class='ocrx_word' id='word_1_31' title='bbox 687 495 808 539; x_wconf 88' lang='lat' dir='ltr'><strong>fetus</strong></span> <span class='ocrx_word' id='word_1_32' title='bbox 833 493 994 552; x_wconf 78' lang='lat' dir='ltr'><strong>enixa,</strong></span> <span class='ocrx_word' id='word_1_33' title='bbox 1014 495 1216 556; x_wconf 85' lang='lat' dir='ltr'><strong>jacebit,</strong></span> 
     </span>
    </p>

    <p class='ocr_par' dir='ltr' id='par_1_5' title="bbox 211 568 1710 706">
     <span class='ocr_line' id='line_1_7' title="bbox 212 568 1710 628; baseline -0.003 -9"><span class='ocrx_word' id='word_1_34' title='bbox 212 573 355 628; x_wconf 77' lang='lat' dir='ltr'><strong>Alba,</strong></span> <span class='ocrx_word' id='word_1_35' title='bbox 377 572 476 617; x_wconf 92' lang='lat' dir='ltr'><strong>solo</strong></span> <span class='ocrx_word' id='word_1_36' title='bbox 503 569 755 627; x_wconf 83' lang='lat' dir='ltr'><strong>recubans,</strong></span> <span class='ocrx_word' id='word_1_37' title='bbox 783 568 878 614; x_wconf 87' lang='lat' dir='ltr'>albi</span> <span class='ocrx_word' id='word_1_38' title='bbox 902 569 1081 615; x_wconf 88' lang='lat' dir='ltr'><strong>circum</strong></span> <span class='ocrx_word' id='word_1_39' title='bbox 1104 569 1386 618; x_wconf 79' lang='lat' dir='ltr'><strong>uberanati.</strong></span> <span class='ocrx_word' id='word_1_40' title='bbox 1670 585 1710 621; x_wconf 69' lang='lat'><strong>45</strong></span> 
     </span>
     <span class='ocr_line' id='line_1_8' title="bbox 211 643 1463 706; baseline 0 -14"><span class='ocrx_word' id='word_1_41' title='bbox 211 647 302 692; x_wconf 88' lang='lat' dir='ltr'><strong>Hic</strong></span> <span class='ocrx_word' id='word_1_42' title='bbox 325 646 454 690; x_wconf 89' lang='lat' dir='ltr'><strong>locus</strong></span> <span class='ocrx_word' id='word_1_43' title='bbox 479 643 610 690; x_wconf 85' lang='lat' dir='ltr'><strong>urbis</strong></span> <span class='ocrx_word' id='word_1_44' title='bbox 636 644 746 700; x_wconf 89' lang='lat' dir='ltr'><strong>erit,</strong></span> <span class='ocrx_word' id='word_1_45' title='bbox 772 644 957 705; x_wconf 83' lang='lat' dir='ltr'><strong>requies</strong></span> <span class='ocrx_word' id='word_1_46' title='bbox 984 660 1038 690; x_wconf 84' lang='lat' dir='ltr'><strong>ea</strong></span> <span class='ocrx_word' id='word_1_47' title='bbox 1062 654 1191 690; x_wconf 81' lang='lat' dir='ltr'><strong>certa</strong></span> <span class='ocrx_word' id='word_1_48' title='bbox 1213 644 1463 706; x_wconf 82' lang='lat' dir='ltr'><strong>laborum3</strong></span> 
     </span>
    </p>

    <p class='ocr_par' dir='ltr' id='par_1_6' title="bbox 212 717 1340 780">
     <span class='ocr_line' id='line_1_9' title="bbox 212 717 1340 780; baseline 0.001 -15"><span class='ocrx_word' id='word_1_49' title='bbox 212 722 283 765; x_wconf 82' lang='lat' dir='ltr'><strong>Ex</strong></span> <span class='ocrx_word' id='word_1_50' title='bbox 309 734 404 780; x_wconf 88' lang='lat' dir='ltr'><strong>quo</strong></span> <span class='ocrx_word' id='word_1_51' title='bbox 428 730 500 765; x_wconf 90' lang='lat' dir='ltr'><strong>ter</strong></span> <span class='ocrx_word' id='word_1_52' title='bbox 525 718 656 763; x_wconf 90' lang='lat' dir='ltr'><strong>denis</strong></span> <span class='ocrx_word' id='word_1_53' title='bbox 681 718 850 764; x_wconf 87' lang='lat' dir='ltr'><strong>urbem</strong></span> <span class='ocrx_word' id='word_1_54' title='bbox 874 717 1186 765; x_wconf 80' lang='lat' dir='ltr'><strong>redeuntibus</strong></span> <span class='ocrx_word' id='word_1_55' title='bbox 1208 719 1340 766; x_wconf 86' lang='lat' dir='ltr'><strong>annis</strong></span> 
     </span>
    </p>

    <p class='ocr_par' dir='ltr' id='par_1_7' title="bbox 211 793 1304 855">
     <span class='ocr_line' id='line_1_10' title="bbox 211 793 1304 855; baseline 0 -15"><span class='ocrx_word' id='word_1_56' title='bbox 211 794 439 841; x_wconf 84' lang='lat' dir='ltr'><strong>Ascanius</strong></span> <span class='ocrx_word' id='word_1_57' title='bbox 463 794 578 840; x_wconf 84' lang='lat' dir='ltr'><strong>clari</strong></span> <span class='ocrx_word' id='word_1_58' title='bbox 604 793 774 839; x_wconf 89' lang='lat' dir='ltr'><strong>condet</strong></span> <span class='ocrx_word' id='word_1_59' title='bbox 803 793 1094 855; x_wconf 83' lang='lat' dir='ltr'><strong>cognominis</strong></span> <span class='ocrx_word' id='word_1_60' title='bbox 1118 793 1304 840; x_wconf 88' lang='lat' dir='ltr'><strong>Albam.</strong></span> 
     </span>
    </p>

    <p class='ocr_par' dir='ltr' id='par_1_8' title="bbox 211 867 1561 931">
     <span class='ocr_line' id='line_1_11' title="bbox 211 867 1561 931; baseline -0.001 -15"><span class='ocrx_word' id='word_1_61' title='bbox 211 869 352 917; x_wconf 85' lang='lat' dir='ltr'><strong>Haud</strong></span> <span class='ocrx_word' id='word_1_62' title='bbox 374 869 554 916; x_wconf 86' lang='lat' dir='ltr'><strong>incerta</strong></span> <span class='ocrx_word' id='word_1_63' title='bbox 573 884 705 915; x_wconf 81' lang='lat' dir='ltr'><strong>cano,</strong></span> <span class='ocrx_word' id='word_1_64' title='bbox 730 871 870 915; x_wconf 86' lang='lat' dir='ltr'><strong>Nunc</strong></span> <span class='ocrx_word' id='word_1_65' title='bbox 893 885 987 931; x_wconf 84' lang='lat' dir='ltr'><strong>qua</strong></span> <span class='ocrx_word' id='word_1_66' title='bbox 1010 870 1218 927; x_wconf 86' lang='lat' dir='ltr'><strong>ratione,</strong></span> <span class='ocrx_word' id='word_1_67' title='bbox 1244 868 1381 931; x_wconf 86' lang='lat' dir='ltr'><strong>quod·</strong></span> <span class='ocrx_word' id='word_1_68' title='bbox 1397 867 1561 925; x_wconf 82' lang='lat' dir='ltr'><strong>instat,</strong></span> 
     </span>
    </p>
   </div>
   <div class='ocr_carea' id='block_1_4' title="bbox 208 1099 933 2122">
    <p class='ocr_par' dir='ltr' id='par_1_9' title="bbox 208 1099 933 2011">
     <span class='ocr_line' id='line_1_12' title="bbox 213 1099 928 1151; baseline -0.008 -10"><span class='ocrx_word' id='word_1_69' title='bbox 213 1104 320 1150; x_wconf 77' lang='lat'>6873</span> <span class='ocrx_word' id='word_1_70' title='bbox 352 1114 494 1151; x_wconf 87' lang='lat' dir='ltr'><strong>nempe</strong></span> <span class='ocrx_word' id='word_1_71' title='bbox 525 1109 759 1149; x_wconf 77' lang='lat' dir='ltr'><strong>exspectata</strong></span> <span class='ocrx_word' id='word_1_72' title='bbox 787 1099 928 1136; x_wconf 86' lang='lat' dir='ltr'><strong>dicun-</strong></span> 
     </span>
     <span class='ocr_line' id='line_1_13' title="bbox 210 1156 926 1207; baseline -0.01 -9"><span class='ocrx_word' id='word_1_73' title='bbox 210 1171 275 1198; x_wconf 83' lang='lat' dir='ltr'><strong>tur</strong></span> <span class='ocrx_word' id='word_1_74' title='bbox 305 1173 385 1196; x_wconf 89' lang='lat' dir='ltr'><strong>esse</strong></span> <span class='ocrx_word' id='word_1_75' title='bbox 413 1171 479 1204; x_wconf 88' lang='lat' dir='ltr'><strong>ea,</strong></span> <span class='ocrx_word' id='word_1_76' title='bbox 503 1171 590 1207; x_wconf 84' lang='lat' dir='ltr'><strong>quae</strong></span> <span class='ocrx_word' id='word_1_77' title='bbox 610 1156 798 1206; x_wconf 84' lang='lat' dir='ltr'><strong>praedicta</strong></span> <span class='ocrx_word' id='word_1_78' title='bbox 813 1164 926 1201; x_wconf 91' lang='lat' dir='ltr'><strong>sunt,</strong></span> 
     </span>
     <span class='ocr_line' id='line_1_14' title="bbox 210 1212 928 1264; baseline -0.01 -9"><span class='ocrx_word' id='word_1_79' title='bbox 210 1227 255 1255; x_wconf 92' lang='lat' dir='ltr'><strong>ut</strong></span> <span class='ocrx_word' id='word_1_80' title='bbox 271 1219 314 1254; x_wconf 91' lang='lat' dir='ltr'><strong>in</strong></span> <span class='ocrx_word' id='word_1_81' title='bbox 337 1216 449 1253; x_wconf 83' lang='lat' dir='ltr'><strong>libris</strong></span> <span class='ocrx_word' id='word_1_82' title='bbox 468 1216 586 1251; x_wconf 83' lang='lat' dir='ltr'><strong>sacris</strong></span> <span class='ocrx_word' id='word_1_83' title='bbox 603 1215 771 1264; x_wconf 89' lang='lat' dir='ltr'><strong>passim;</strong></span> <span class='ocrx_word' id='word_1_84' title='bbox 793 1212 928 1249; x_wconf 88' lang='lat' dir='ltr'><strong>eadem</strong></span> 
     </span>
     <span class='ocr_line' id='line_1_15' title="bbox 210 1271 927 1316; baseline -0.011 -3"><span class='ocrx_word' id='word_1_85' title='bbox 210 1276 402 1313; x_wconf 82' lang='lat' dir='ltr'><strong>dicuntur</strong></span> <span class='ocrx_word' id='word_1_86' title='bbox 428 1272 572 1310; x_wconf 78' lang='lat' dir='ltr'><strong>debita.</strong></span> <span class='ocrx_word' id='word_1_87' title='bbox 588 1279 725 1316; x_wconf 73' lang='grc'><strong>-4[.</strong></span> <span class='ocrx_word' id='word_1_88' title='bbox 761 1271 927 1308; x_wconf 84' lang='lat' dir='ltr'><strong>Conces-</strong></span> 
     </span>
     <span class='ocr_line' id='line_1_16' title="bbox 208 1327 931 1371; baseline -0.011 0"><span class='ocrx_word' id='word_1_89' title='bbox 208 1347 293 1371; x_wconf 85' lang='lat' dir='ltr'><strong>sere</strong></span> <span class='ocrx_word' id='word_1_90' title='bbox 312 1332 352 1370; x_wconf 87' lang='lat' dir='ltr'><strong>h.</strong></span> <span class='ocrx_word' id='word_1_91' title='bbox 370 1330 614 1368; x_wconf 86' lang='lat' dir='ltr'><strong>resederunt.</strong></span> <span class='ocrx_word' id='word_1_92' title='bbox 630 1331 723 1367; x_wconf 78' lang='lat' dir='ltr'><strong>Non</strong></span> <span class='ocrx_word' id='word_1_93' title='bbox 743 1327 931 1365; x_wconf 86' lang='lat' dir='ltr'><strong>audiendi</strong></span> 
     </span>
     <span class='ocr_line' id='line_1_17' title="bbox 208 1385 927 1439; baseline -0.01 -11"><span class='ocrx_word' id='word_1_94' title='bbox 208 1394 388 1439; x_wconf 89' lang='lat' dir='ltr'><strong>Interpp.</strong></span> <span class='ocrx_word' id='word_1_95' title='bbox 408 1396 502 1425; x_wconf 74' lang='lat' dir='ltr'><strong>vett.</strong></span> <span class='ocrx_word' id='word_1_96' title='bbox 524 1396 563 1424; x_wconf 91' lang='lat' dir='ltr'><strong>et</strong></span> <span class='ocrx_word' id='word_1_97' title='bbox 578 1395 724 1424; x_wconf 88' lang='lat' dir='ltr'><strong>recent.</strong></span> <span class='ocrx_word' id='word_1_98' title='bbox 744 1387 783 1424; x_wconf 85' lang='lat' dir='ltr'><strong>Si</strong></span> <span class='ocrx_word' id='word_1_99' title='bbox 801 1385 927 1431; x_wconf 85' lang='lat' dir='ltr'><strong>dicas,</strong></span> 
     </span>
     <span class='ocr_line' id='line_1_18' title="bbox 208 1444 928 1485; baseline -0.007 -1"><span class='ocrx_word' id='word_1_100' title='bbox 208 1447 384 1485; x_wconf 86' lang='lat' dir='ltr'><strong>necdum</strong></span> <span class='ocrx_word' id='word_1_101' title='bbox 411 1454 543 1482; x_wconf 85' lang='lat' dir='ltr'><strong>tamen</strong></span> <span class='ocrx_word' id='word_1_102' title='bbox 569 1446 744 1481; x_wconf 86' lang='lat' dir='ltr'><strong>Junom&#39;s</strong></span> <span class='ocrx_word' id='word_1_103' title='bbox 766 1444 864 1480; x_wconf 85' lang='lat' dir='ltr'><strong>iram</strong></span> <span class='ocrx_word' id='word_1_104' title='bbox 886 1445 928 1480; x_wconf 88' lang='lat' dir='ltr'><strong>in</strong></span> 
     </span>
     <span class='ocr_line' id='line_1_19' title="bbox 208 1500 927 1551; baseline -0.008 -9"><span class='ocrx_word' id='word_1_105' title='bbox 208 1506 402 1551; x_wconf 88' lang='lat' dir='ltr'><strong>Trojanos</strong></span> <span class='ocrx_word' id='word_1_106' title='bbox 432 1503 607 1548; x_wconf 87' lang='lat' dir='ltr'><strong>cessisse,</strong></span> <span class='ocrx_word' id='word_1_107' title='bbox 638 1515 708 1538; x_wconf 88' lang='lat' dir='ltr'><strong>seu</strong></span> <span class='ocrx_word' id='word_1_108' title='bbox 737 1500 927 1550; x_wconf 83' lang='lat' dir='ltr'><strong>placatam</strong></span> 
     </span>
     <span class='ocr_line' id='line_1_20' title="bbox 209 1558 927 1609; baseline -0.007 -11"><span class='ocrx_word' id='word_1_109' title='bbox 209 1562 350 1605; x_wconf 77' lang='lat' dir='ltr'><strong>fuisse,</strong></span> <span class='ocrx_word' id='word_1_110' title='bbox 383 1561 416 1595; x_wconf 90' lang='lat' dir='ltr'><strong>si</strong></span> <span class='ocrx_word' id='word_1_111' title='bbox 449 1558 611 1609; x_wconf 87' lang='lat' dir='ltr'><strong>quidem</strong></span> <span class='ocrx_word' id='word_1_112' title='bbox 641 1571 843 1606; x_wconf 85' lang='lat' dir='ltr'><strong>compares</strong></span> <span class='ocrx_word' id='word_1_113' title='bbox 870 1561 927 1594; x_wconf 77' lang='lat' dir='ltr'><strong>IX</strong></span> 
     </span>
     <span class='ocr_line' id='line_1_21' title="bbox 209 1617 928 1668; baseline -0.007 -14"><span class='ocrx_word' id='word_1_114' title='bbox 209 1631 271 1668; x_wconf 90' lang='lat' dir='ltr'><strong>pr.</strong></span> <span class='ocrx_word' id='word_1_115' title='bbox 293 1620 355 1662; x_wconf 82' lang='lat' dir='ltr'><strong>X,</strong></span> <span class='ocrx_word' id='word_1_116' title='bbox 379 1617 456 1661; x_wconf 81' lang='lat'><strong>623</strong></span> <span class='ocrx_word' id='word_1_117' title='bbox 477 1629 617 1651; x_wconf 88' lang='lat' dir='ltr'><strong>vanam</strong></span> <span class='ocrx_word' id='word_1_118' title='bbox 644 1628 729 1651; x_wconf 90' lang='lat' dir='ltr'><strong>eam</strong></span> <span class='ocrx_word' id='word_1_119' title='bbox 760 1627 840 1651; x_wconf 90' lang='lat' dir='ltr'><strong>esse</strong></span> <span class='ocrx_word' id='word_1_120' title='bbox 867 1628 928 1649; x_wconf 86' lang='lat' dir='ltr'><strong>re-</strong></span> 
     </span>
     <span class='ocr_line' id='line_1_22' title="bbox 208 1671 930 1725; baseline -0.007 -14"><span class='ocrx_word' id='word_1_121' title='bbox 208 1683 318 1725; x_wconf 79' lang='lat' dir='ltr'><strong>puta.</strong></span> <span class='ocrx_word' id='word_1_122' title='bbox 343 1695 401 1701; x_wconf 84' lang='lat'><strong>—-</strong></span> <span class='ocrx_word' id='word_1_123' title='bbox 428 1672 612 1723; x_wconf 72' lang='lat' dir='ltr'><strong>Profitgis</strong></span> <span class='ocrx_word' id='word_1_124' title='bbox 645 1685 747 1708; x_wconf 80' lang='lat' dir='ltr'><strong>nova</strong></span> <span class='ocrx_word' id='word_1_125' title='bbox 785 1671 930 1708; x_wconf 81' lang='lat' dir='ltr'><strong>moenia</strong></span> 
     </span>
     <span class='ocr_line' id='line_1_23' title="bbox 214 1728 933 1780; baseline -0.006 -12"><span class='ocrx_word' id='word_1_126' title='bbox 214 1731 372 1769; x_wconf 83' lang='lat' dir='ltr'><strong>Teucris</strong></span> <span class='ocrx_word' id='word_1_127' title='bbox 390 1730 599 1780; x_wconf 83' lang='lat' dir='ltr'><strong>suppletur</strong></span> <span class='ocrx_word' id='word_1_128' title='bbox 616 1741 751 1766; x_wconf 82' lang='lat' dir='ltr'><strong>versus</strong></span> <span class='ocrx_word' id='word_1_129' title='bbox 769 1730 812 1765; x_wconf 89' lang='lat' dir='ltr'><strong>in</strong></span> <span class='ocrx_word' id='word_1_130' title='bbox 833 1728 933 1764; x_wconf 88' lang='lat' dir='ltr'><strong>mul-</strong></span> 
     </span>
     <span class='ocr_line' id='line_1_24' title="bbox 209 1787 927 1838; baseline -0.003 -13"><span class='ocrx_word' id='word_1_131' title='bbox 209 1791 282 1833; x_wconf 88' lang='lat' dir='ltr'><strong>tis;</strong></span> <span class='ocrx_word' id='word_1_132' title='bbox 307 1801 406 1838; x_wconf 88' lang='lat' dir='ltr'><strong>quos</strong></span> <span class='ocrx_word' id='word_1_133' title='bbox 429 1790 538 1825; x_wconf 79' lang='lat' dir='ltr'><strong>SerV.</strong></span> <span class='ocrx_word' id='word_1_134' title='bbox 560 1787 696 1824; x_wconf 83' lang='lat' dir='ltr'><strong>Heius.</strong></span> <span class='ocrx_word' id='word_1_135' title='bbox 725 1794 764 1822; x_wconf 85' lang='lat' dir='ltr'><strong>et</strong></span> <span class='ocrx_word' id='word_1_136' title='bbox 792 1787 927 1823; x_wconf 88' lang='lat' dir='ltr'><strong>Burm.</strong></span> 
     </span>
     <span class='ocr_line' id='line_1_25' title="bbox 209 1846 930 1893; baseline -0.006 -11"><span class='ocrx_word' id='word_1_137' title='bbox 209 1846 399 1882; x_wconf 84' lang='lat' dir='ltr'><strong>viderunt</strong></span> <span class='ocrx_word' id='word_1_138' title='bbox 417 1856 428 1882; x_wconf 74' lang='lat' dir='ltr'><strong>t</strong></span> <span class='ocrx_word' id='word_1_139' title='bbox 447 1856 653 1893; x_wconf 84' lang='lat' dir='ltr'><strong>perperam</strong></span> <span class='ocrx_word' id='word_1_140' title='bbox 686 1851 840 1892; x_wconf 81' lang='lat' dir='ltr'><strong>accepta</strong></span> <span class='ocrx_word' id='word_1_141' title='bbox 861 1856 930 1879; x_wconf 89' lang='lat' dir='ltr'><strong>vo-</strong></span> 
     </span>
     <span class='ocr_line' id='line_1_26' title="bbox 211 1900 931 1950; baseline -0.007 -10"><span class='ocrx_word' id='word_1_142' title='bbox 211 1916 257 1940; x_wconf 89' lang='lat' dir='ltr'><strong>ce</strong></span> <span class='ocrx_word' id='word_1_143' title='bbox 273 1914 509 1939; x_wconf 78' lang='lat' dir='ltr'><strong>concessere.</strong></span> <span class='ocrx_word' id='word_1_144' title='bbox 523 1902 615 1937; x_wconf 91' lang='lat' dir='ltr'><strong>Esse</strong></span> <span class='ocrx_word' id='word_1_145' title='bbox 637 1901 705 1950; x_wconf 87' lang='lat' dir='ltr'><strong>qui</strong></span> <span class='ocrx_word' id='word_1_146' title='bbox 721 1900 931 1936; x_wconf 84' lang='lat' dir='ltr'><strong>consedere</strong></span> 
     </span>
     <span class='ocr_line' id='line_1_27' title="bbox 208 1958 928 2011; baseline -0.004 -13"><span class='ocrx_word' id='word_1_147' title='bbox 208 1961 343 2011; x_wconf 86' lang='lat' dir='ltr'><strong>legant</strong></span> <span class='ocrx_word' id='word_1_148' title='bbox 372 1958 422 1995; x_wconf 87' lang='lat' dir='ltr'><strong>ab</strong></span> <span class='ocrx_word' id='word_1_149' title='bbox 442 1958 705 1995; x_wconf 86' lang='lat' dir='ltr'><strong>Taubmanno</strong></span> <span class='ocrx_word' id='word_1_150' title='bbox 733 1965 928 1995; x_wconf 87' lang='lat' dir='ltr'><strong>notatum.</strong></span> 
     </span>
    </p>

    <p class='ocr_par' dir='ltr' id='par_1_10' title="bbox 210 2014 931 2122">
     <span class='ocr_line' id='line_1_28' title="bbox 272 2014 931 2065; baseline -0.006 -11"><span class='ocrx_word' id='word_1_151' title='bbox 272 2025 340 2062; x_wconf 77' lang='lat'><strong>42.</strong></span> <span class='ocrx_word' id='word_1_152' title='bbox 361 2019 421 2053; x_wconf 90' lang='lat' dir='ltr'><strong>De</strong></span> <span class='ocrx_word' id='word_1_153' title='bbox 438 2016 516 2051; x_wconf 90' lang='lat' dir='ltr'><strong>hoc</strong></span> <span class='ocrx_word' id='word_1_154' title='bbox 536 2023 713 2060; x_wconf 86' lang='lat' dir='ltr'><strong>ostento,</strong></span> <span class='ocrx_word' id='word_1_155' title='bbox 731 2014 841 2065; x_wconf 90' lang='lat' dir='ltr'><strong>quod</strong></span> <span class='ocrx_word' id='word_1_156' title='bbox 851 2016 931 2061; x_wconf 88' lang='lat' dir='ltr'><strong>jam</strong></span> 
     </span>
     <span class='ocr_line' id='line_1_29' title="bbox 210 2071 931 2122; baseline -0.008 -9"><span class='ocrx_word' id='word_1_157' title='bbox 210 2075 388 2113; x_wconf 87' lang='lat' dir='ltr'><strong>Helenus</strong></span> <span class='ocrx_word' id='word_1_158' title='bbox 401 2082 508 2109; x_wconf 83' lang='lat' dir='ltr'><strong>vates</strong></span> <span class='ocrx_word' id='word_1_159' title='bbox 524 2072 760 2122; x_wconf 63' lang='lat' dir='ltr'><strong>praedixerat</strong></span> <span class='ocrx_word' id='word_1_160' title='bbox 771 2071 841 2109; x_wconf 84' lang='lat' dir='ltr'><strong>lib.</strong></span> <span class='ocrx_word' id='word_1_161' title='bbox 856 2073 931 2118; x_wconf 83' lang='grc' dir='ltr'><strong>ΙΙΙ,</strong></span> 
     </span>
    </p>
   </div>
   <div class='ocr_carea' id='block_1_5' title="bbox 212 2129 934 2181">
    <p class='ocr_par' dir='ltr' id='par_1_11' title="bbox 212 2129 934 2181">
     <span class='ocr_line' id='line_1_30' title="bbox 212 2129 934 2181; baseline -0.007 -11"><span class='ocrx_word' id='word_1_162' title='bbox 212 2134 264 2170; x_wconf 86' lang='grc'><strong>38</strong></span> <span class='ocrx_word' id='word_1_163' title='bbox 273 2133 292 2169; x_wconf 90' lang='grc'>8</span> <span class='ocrx_word' id='word_1_164' title='bbox 308 2130 524 2181; x_wconf 54' lang='lat' dir='ltr'><strong>sqq—46.</strong></span> <span class='ocrx_word' id='word_1_165' title='bbox 536 2129 660 2166; x_wconf 81' lang='lat' dir='ltr'><strong>Abest</strong></span> <span class='ocrx_word' id='word_1_166' title='bbox 677 2141 811 2166; x_wconf 82' lang='lat' dir='ltr'><strong>versus</strong></span> <span class='ocrx_word' id='word_1_167' title='bbox 823 2142 842 2165; x_wconf 93' lang='lat' dir='ltr'><strong>a</strong></span> <span class='ocrx_word' id='word_1_168' title='bbox 852 2131 934 2166; x_wconf 87' lang='lat' dir='ltr'><strong>Me-</strong></span> 
     </span>
    </p>
   </div>
   <div class='ocr_carea' id='block_1_6' title="bbox 186 2186 932 2810">
    <p class='ocr_par' dir='ltr' id='par_1_12' title="bbox 186 2186 932 2810">
     <span class='ocr_line' id='line_1_31' title="bbox 211 2186 932 2238; baseline -0.006 -11"><span class='ocrx_word' id='word_1_169' title='bbox 211 2190 289 2227; x_wconf 85' lang='lat' dir='ltr'><strong>dic.</strong></span> <span class='ocrx_word' id='word_1_170' title='bbox 312 2198 351 2226; x_wconf 92' lang='lat' dir='ltr'><strong>et</strong></span> <span class='ocrx_word' id='word_1_171' title='bbox 374 2202 393 2225; x_wconf 92' lang='lat' dir='ltr'><strong>a</strong></span> <span class='ocrx_word' id='word_1_172' title='bbox 409 2202 471 2238; x_wconf 88' lang='lat' dir='ltr'><strong>pr.</strong></span> <span class='ocrx_word' id='word_1_173' title='bbox 493 2200 545 2224; x_wconf 88' lang='lat' dir='ltr'><strong>m.</strong></span> <span class='ocrx_word' id='word_1_174' title='bbox 565 2200 585 2223; x_wconf 84' lang='lat' dir='ltr'><strong>a</strong></span> <span class='ocrx_word' id='word_1_175' title='bbox 605 2186 807 2223; x_wconf 85' lang='lat' dir='ltr'><strong>Gudiano.</strong></span> <span class='ocrx_word' id='word_1_176' title='bbox 833 2189 932 2224; x_wconf 87' lang='lat' dir='ltr'><strong>Sane</strong></span> 
     </span>
     <span class='ocr_line' id='line_1_32' title="bbox 209 2244 930 2294; baseline -0.007 -10"><span class='ocrx_word' id='word_1_177' title='bbox 209 2248 276 2284; x_wconf 86' lang='lat' dir='ltr'><strong>ille</strong></span> <span class='ocrx_word' id='word_1_178' title='bbox 294 2260 386 2283; x_wconf 87' lang='lat' dir='ltr'><strong>cum</strong></span> <span class='ocrx_word' id='word_1_179' title='bbox 400 2247 511 2282; x_wconf 89' lang='lat' dir='ltr'><strong>trinis</strong></span> <span class='ocrx_word' id='word_1_180' title='bbox 527 2244 730 2294; x_wconf 84' lang='lat' dir='ltr'><strong>prioribus</strong></span> <span class='ocrx_word' id='word_1_181' title='bbox 743 2256 930 2280; x_wconf 87' lang='lat' dir='ltr'><strong>occurre-</strong></span> 
     </span>
     <span class='ocr_line' id='line_1_33' title="bbox 209 2302 931 2354; baseline -0.006 -13"><span class='ocrx_word' id='word_1_182' title='bbox 209 2305 278 2341; x_wconf 84' lang='lat' dir='ltr'><strong>bat</strong></span> <span class='ocrx_word' id='word_1_183' title='bbox 308 2318 396 2354; x_wconf 88' lang='lat' dir='ltr'><strong>sup.</strong></span> <span class='ocrx_word' id='word_1_184' title='bbox 424 2305 508 2348; x_wconf 93' lang='lat' dir='ltr'><strong>III,</strong></span> <span class='ocrx_word' id='word_1_185' title='bbox 531 2303 626 2352; x_wconf 80' lang='lat'>393.</span> <span class='ocrx_word' id='word_1_186' title='bbox 653 2303 772 2339; x_wconf 85' lang='lat' dir='ltr'><strong>Nunc</strong></span> <span class='ocrx_word' id='word_1_187' title='bbox 793 2314 840 2338; x_wconf 91' lang='lat' dir='ltr'><strong>eo</strong></span> <span class='ocrx_word' id='word_1_188' title='bbox 861 2302 931 2337; x_wconf 74' lang='lat' dir='ltr'><strong>vix</strong></span> 
     </span>
     <span class='ocr_line' id='line_1_34' title="bbox 186 2358 930 2410; baseline 0 -14"><span class='ocrx_word' id='word_1_189' title='bbox 186 2374 338 2397; x_wconf 86' lang='lat' dir='ltr'><strong>.careas</strong></span> <span class='ocrx_word' id='word_1_190' title='bbox 366 2365 530 2410; x_wconf 83' lang='lat' dir='ltr'><strong>propter</strong></span> <span class='ocrx_word' id='word_1_191' title='bbox 554 2373 639 2410; x_wconf 81' lang='lat' dir='ltr'><strong>sqq.</strong></span> <span class='ocrx_word' id='word_1_192' title='bbox 672 2359 810 2395; x_wconf 89' lang='lat' dir='ltr'><strong>Malim</strong></span> <span class='ocrx_word' id='word_1_193' title='bbox 838 2358 930 2396; x_wconf 89' lang='lat' dir='ltr'><strong>sub-</strong></span> 
     </span>
     <span class='ocr_line' id='line_1_35' title="bbox 209 2417 929 2466; baseline -0.004 -12"><span class='ocrx_word' id='word_1_194' title='bbox 209 2418 309 2454; x_wconf 90' lang='lat' dir='ltr'><strong>latos</strong></span> <span class='ocrx_word' id='word_1_195' title='bbox 326 2431 405 2454; x_wconf 84' lang='lat' dir='ltr'><strong>esse</strong></span> <span class='ocrx_word' id='word_1_196' title='bbox 426 2431 482 2454; x_wconf 82' lang='lat' dir='ltr'><strong>vs.</strong></span> <span class='ocrx_word' id='word_1_197' title='bbox 504 2424 552 2464; x_wconf 75' lang='lat'><strong>47</strong></span> <span class='ocrx_word' id='word_1_198' title='bbox 571 2445 580 2463; x_wconf 92' lang='lat'><strong>,</strong></span> <span class='ocrx_word' id='word_1_199' title='bbox 606 2417 673 2461; x_wconf 77' lang='lat'><strong>48.</strong></span> <span class='ocrx_word' id='word_1_200' title='bbox 698 2418 766 2452; x_wconf 70' lang='lat' dir='ltr'><strong>Ex</strong></span> <span class='ocrx_word' id='word_1_201' title='bbox 782 2430 929 2466; x_wconf 80' lang='lat' dir='ltr'><strong>quo—-</strong></span> 
     </span>
     <span class='ocr_line' id='line_1_36' title="bbox 211 2473 928 2518; baseline -0.003 -7"><span class='ocrx_word' id='word_1_202' title='bbox 211 2474 410 2511; x_wconf 76' lang='lat' dir='ltr'><strong>Ascanius</strong></span> <span class='ocrx_word' id='word_1_203' title='bbox 428 2483 501 2510; x_wconf 87' lang='lat' dir='ltr'><strong>etc.</strong></span> <span class='ocrx_word' id='word_1_204' title='bbox 521 2483 615 2511; x_wconf 87' lang='lat' dir='ltr'><strong>sunt</strong></span> <span class='ocrx_word' id='word_1_205' title='bbox 634 2475 738 2510; x_wconf 90' lang='lat' dir='ltr'><strong>enim</strong></span> <span class='ocrx_word' id='word_1_206' title='bbox 758 2473 928 2518; x_wconf 87' lang='lat' dir='ltr'><strong>molesti,</strong></span> 
     </span>
     <span class='ocr_line' id='line_1_37' title="bbox 211 2531 928 2580; baseline -0.003 -12"><span class='ocrx_word' id='word_1_207' title='bbox 211 2540 250 2568; x_wconf 86' lang='lat' dir='ltr'><strong>et</strong></span> <span class='ocrx_word' id='word_1_208' title='bbox 275 2543 294 2566; x_wconf 91' lang='lat' dir='ltr'><strong>a</strong></span> <span class='ocrx_word' id='word_1_209' title='bbox 328 2531 507 2568; x_wconf 84' lang='lat' dir='ltr'><strong>Tiberini</strong></span> <span class='ocrx_word' id='word_1_210' title='bbox 536 2544 704 2580; x_wconf 81' lang='lat' dir='ltr'><strong>persona</strong></span> <span class='ocrx_word' id='word_1_211' title='bbox 729 2539 767 2567; x_wconf 90' lang='lat' dir='ltr'><strong>et</strong></span> <span class='ocrx_word' id='word_1_212' title='bbox 797 2532 928 2568; x_wconf 78' lang='lat' dir='ltr'><strong>consi-</strong></span> 
     </span>
     <span class='ocr_line' id='line_1_38' title="bbox 209 2588 931 2636; baseline -0.001 -11"><span class='ocrx_word' id='word_1_213' title='bbox 209 2588 265 2626; x_wconf 88' lang='lat' dir='ltr'><strong>lio</strong></span> <span class='ocrx_word' id='word_1_214' title='bbox 293 2600 336 2624; x_wconf 89' lang='lat' dir='ltr'><strong>ac</strong></span> <span class='ocrx_word' id='word_1_215' title='bbox 369 2596 545 2636; x_wconf 88' lang='lat' dir='ltr'><strong>tempore</strong></span> <span class='ocrx_word' id='word_1_216' title='bbox 568 2588 687 2625; x_wconf 90' lang='lat' dir='ltr'><strong>alieni</strong></span> <span class='ocrx_word' id='word_1_217' title='bbox 714 2601 723 2626; x_wconf 90' lang='lat'>:</span> <span class='ocrx_word' id='word_1_218' title='bbox 754 2588 931 2625; x_wconf 82' lang='lat' dir='ltr'><strong>translati</strong></span> 
     </span>
     <span class='ocr_line' id='line_1_39' title="bbox 210 2644 929 2695; baseline -0.001 -13"><span class='ocrx_word' id='word_1_219' title='bbox 210 2645 292 2682; x_wconf 89' lang='lat' dir='ltr'><strong>huc</strong></span> <span class='ocrx_word' id='word_1_220' title='bbox 311 2658 362 2682; x_wconf 83' lang='lat' dir='ltr'><strong>ex</strong></span> <span class='ocrx_word' id='word_1_221' title='bbox 377 2644 502 2681; x_wconf 89' lang='lat' dir='ltr'><strong>altero</strong></span> <span class='ocrx_word' id='word_1_222' title='bbox 529 2644 630 2682; x_wconf 88' lang='lat' dir='ltr'><strong>loco.</strong></span> <span class='ocrx_word' id='word_1_223' title='bbox 659 2644 797 2694; x_wconf 82' lang='lat' dir='ltr'><strong>Quid?</strong></span> <span class='ocrx_word' id='word_1_224' title='bbox 819 2644 929 2695; x_wconf 89' lang='lat' dir='ltr'><strong>quod</strong></span> 
     </span>
     <span class='ocr_line' id='line_1_40' title="bbox 210 2700 931 2753; baseline -0.001 -14"><span class='ocrx_word' id='word_1_225' title='bbox 210 2703 401 2753; x_wconf 77' lang='lat' dir='ltr'><strong>suspicari</strong></span> <span class='ocrx_word' id='word_1_226' title='bbox 418 2700 508 2737; x_wconf 88' lang='lat' dir='ltr'><strong>licet</strong></span> <span class='ocrx_word' id='word_1_227' title='bbox 519 2728 528 2746; x_wconf 95' lang='lat'><strong>,</strong></span> <span class='ocrx_word' id='word_1_228' title='bbox 543 2709 670 2737; x_wconf 84' lang='lat' dir='ltr'><strong>totum</strong></span> <span class='ocrx_word' id='word_1_229' title='bbox 682 2703 816 2739; x_wconf 89' lang='lat' dir='ltr'><strong>locum</strong></span> <span class='ocrx_word' id='word_1_230' title='bbox 829 2730 840 2747; x_wconf 90' lang='lat'><strong>,</strong></span> <span class='ocrx_word' id='word_1_231' title='bbox 854 2703 931 2739; x_wconf 87' lang='lat' dir='ltr'><strong>for-</strong></span> 
     </span>
     <span class='ocr_line' id='line_1_41' title="bbox 212 2759 928 2810; baseline -0.001 -14"><span class='ocrx_word' id='word_1_232' title='bbox 212 2769 250 2797; x_wconf 88' lang='lat' dir='ltr'><strong>te</strong></span> <span class='ocrx_word' id='word_1_233' title='bbox 281 2773 329 2798; x_wconf 80' lang='lat' dir='ltr'><strong>cx</strong></span> <span class='ocrx_word' id='word_1_234' title='bbox 359 2759 453 2810; x_wconf 89' lang='lat' dir='ltr'><strong>ipsis</strong></span> <span class='ocrx_word' id='word_1_235' title='bbox 487 2759 664 2796; x_wconf 86' lang='lat' dir='ltr'><strong>Maronis</strong></span> <span class='ocrx_word' id='word_1_236' title='bbox 698 2759 876 2805; x_wconf 86' lang='lat' dir='ltr'><strong>schedis,</strong></span> <span class='ocrx_word' id='word_1_237' title='bbox 906 2772 928 2795; x_wconf 90' lang='lat' dir='ltr'><strong>a</strong></span> 
     </span>
    </p>
   </div>
   <div class='ocr_carea' id='block_1_7' title="bbox 991 1101 1717 2794">
    <p class='ocr_par' dir='ltr' id='par_1_13' title="bbox 991 1101 1717 2794">
     <span class='ocr_line' id='line_1_42' title="bbox 994 1101 1711 1152; baseline 0.004 -16"><span class='ocrx_word' id='word_1_238' title='bbox 994 1102 1129 1137; x_wconf 88' lang='lat' dir='ltr'><strong>Tucca</strong></span> <span class='ocrx_word' id='word_1_239' title='bbox 1148 1101 1342 1137; x_wconf 86' lang='lat' dir='ltr'><strong>insertum</strong></span> <span class='ocrx_word' id='word_1_240' title='bbox 1359 1113 1451 1138; x_wconf 89' lang='lat' dir='ltr'><strong>esse.</strong></span> <span class='ocrx_word' id='word_1_241' title='bbox 1471 1103 1571 1152; x_wconf 85' lang='lat' dir='ltr'><strong>Lege</strong></span> <span class='ocrx_word' id='word_1_242' title='bbox 1589 1103 1711 1139; x_wconf 88' lang='lat' dir='ltr'><strong>modo</strong></span> 
     </span>
     <span class='ocr_line' id='line_1_43' title="bbox 995 1159 1710 1209; baseline 0.006 -17"><span class='ocrx_word' id='word_1_243' title='bbox 995 1169 1153 1194; x_wconf 84' lang='lat' dir='ltr'><strong>carmen</strong></span> <span class='ocrx_word' id='word_1_244' title='bbox 1177 1159 1232 1194; x_wconf 91' lang='lat' dir='ltr'><strong>sic</strong></span> <span class='ocrx_word' id='word_1_245' title='bbox 1262 1159 1539 1194; x_wconf 88' lang='lat' dir='ltr'><strong>continuatum</strong></span> <span class='ocrx_word' id='word_1_246' title='bbox 1559 1167 1598 1196; x_wconf 89' lang='lat' dir='ltr'><strong>et</strong></span> <span class='ocrx_word' id='word_1_247' title='bbox 1626 1160 1710 1209; x_wconf 91' lang='lat' dir='ltr'><strong>pla-</strong></span> 
     </span>
     <span class='ocr_line' id='line_1_44' title="bbox 996 1213 1710 1253; baseline 0.006 -4"><span class='ocrx_word' id='word_1_248' title='bbox 996 1213 1102 1250; x_wconf 88' lang='lat' dir='ltr'><strong>cebit</strong></span> <span class='ocrx_word' id='word_1_249' title='bbox 1136 1213 1238 1250; x_wconf 84' lang='lat' dir='ltr'><strong>illud</strong></span> <span class='ocrx_word' id='word_1_250' title='bbox 1261 1226 1271 1252; x_wconf 77' lang='grc' dir='ltr'>ε</span> <span class='ocrx_word' id='word_1_251' title='bbox 1317 1213 1553 1251; x_wconf 85' lang='lat' dir='ltr'><strong>Concessere</strong></span> <span class='ocrx_word' id='word_1_252' title='bbox 1579 1216 1710 1253; x_wconf 80' lang='lat' dir='ltr'><strong>deum.</strong></span> 
     </span>
     <span class='ocr_line' id='line_1_45' title="bbox 994 1270 1710 1321; baseline 0.006 -15"><span class='ocrx_word' id='word_1_253' title='bbox 994 1273 1114 1308; x_wconf 83' lang='lat' dir='ltr'><strong>Nunc</strong></span> <span class='ocrx_word' id='word_1_254' title='bbox 1132 1285 1213 1321; x_wconf 82' lang='lat' dir='ltr'><strong>qua</strong></span> <span class='ocrx_word' id='word_1_255' title='bbox 1234 1270 1390 1308; x_wconf 80' lang='lat' dir='ltr'><strong>racione</strong></span> <span class='ocrx_word' id='word_1_256' title='bbox 1401 1299 1413 1316; x_wconf 94' lang='lat'><strong>,</strong></span> <span class='ocrx_word' id='word_1_257' title='bbox 1436 1272 1546 1321; x_wconf 81' lang='lat' dir='ltr'><strong>quod</strong></span> <span class='ocrx_word' id='word_1_258' title='bbox 1561 1271 1686 1310; x_wconf 78' lang='lat' dir='ltr'><strong>instat</strong></span> <span class='ocrx_word' id='word_1_259' title='bbox 1699 1301 1710 1314; x_wconf 64' lang='grc'>,</span> 
     </span>
     <span class='ocr_line' id='line_1_46' title="bbox 994 1328 1714 1378; baseline 0.004 -13"><span class='ocrx_word' id='word_1_260' title='bbox 994 1328 1205 1378; x_wconf 71' lang='lat' dir='ltr'><strong>Expedias</strong></span> <span class='ocrx_word' id='word_1_261' title='bbox 1220 1328 1374 1374; x_wconf 81' lang='lat' dir='ltr'><strong>victor,</strong></span> <span class='ocrx_word' id='word_1_262' title='bbox 1390 1329 1534 1378; x_wconf 81' lang='lat' dir='ltr'><strong>paucis</strong></span> <span class='ocrx_word' id='word_1_263' title='bbox 1544 1357 1556 1374; x_wconf 94' lang='lat'>‚</span> <span class='ocrx_word' id='word_1_264' title='bbox 1578 1331 1714 1368; x_wconf 83' lang='lat' dir='ltr'><strong>adver-</strong></span> 
     </span>
     <span class='ocr_line' id='line_1_47' title="bbox 995 1380 1712 1436; baseline 0.004 -14"><span class='ocrx_word' id='word_1_265' title='bbox 995 1395 1056 1431; x_wconf 81' lang='lat' dir='ltr'><strong>te,</strong></span> <span class='ocrx_word' id='word_1_266' title='bbox 1084 1386 1244 1424; x_wconf 85' lang='lat' dir='ltr'><strong>docebo.</strong></span> <span class='ocrx_word' id='word_1_267' title='bbox 1262 1407 1321 1414; x_wconf 93' lang='lat'>—</span> <span class='ocrx_word' id='word_1_268' title='bbox 1338 1388 1407 1422; x_wconf 76' lang='lat' dir='ltr'><strong>Ex</strong></span> <span class='ocrx_word' id='word_1_269' title='bbox 1428 1400 1505 1436; x_wconf 83' lang='lat' dir='ltr'><strong>quo</strong></span> <span class='ocrx_word' id='word_1_270' title='bbox 1529 1396 1589 1424; x_wconf 81' lang='lat' dir='ltr'><strong>esc</strong></span> <span class='ocrx_word' id='word_1_271' title='bbox 1608 1384 1648 1433; x_wconf 82' lang='grc' dir='ltr'><strong>ἐξ</strong></span> <span class='ocrx_word' id='word_1_272' title='bbox 1669 1380 1712 1426; x_wconf 73' lang='grc' dir='ltr'><strong>οὗ</strong></span> 
     </span>
     <span class='ocr_line' id='line_1_48' title="bbox 994 1440 1715 1496; baseline 0.006 -17"><span class='ocrx_word' id='word_1_273' title='bbox 994 1456 1048 1481; x_wconf 82' lang='lat' dir='ltr'><strong>sc.</strong></span> <span class='ocrx_word' id='word_1_274' title='bbox 1067 1440 1204 1496; x_wconf 71' lang='grc' dir='ltr'>χρόνου</span> <span class='ocrx_word' id='word_1_275' title='bbox 1221 1456 1295 1494; x_wconf 92' lang='lat' dir='ltr'><strong>pro</strong></span> <span class='ocrx_word' id='word_1_276' title='bbox 1311 1441 1399 1490; x_wconf 78' lang='grc' dir='ltr'>ὅτε;</span> <span class='ocrx_word' id='word_1_277' title='bbox 1423 1457 1513 1481; x_wconf 89' lang='lat' dir='ltr'><strong>nam</strong></span> <span class='ocrx_word' id='word_1_278' title='bbox 1531 1453 1578 1481; x_wconf 90' lang='lat' dir='ltr'><strong>ut</strong></span> <span class='ocrx_word' id='word_1_279' title='bbox 1593 1447 1644 1482; x_wconf 91' lang='lat' dir='ltr'><strong>sit</strong></span> <span class='ocrx_word' id='word_1_280' title='bbox 1662 1459 1715 1482; x_wconf 73' lang='lat' dir='ltr'><strong>ex·</strong></span> 
     </span>
     <span class='ocr_line' id='line_1_49' title="bbox 994 1501 1714 1552; baseline 0.003 -15"><span class='ocrx_word' id='word_1_281' title='bbox 994 1515 1086 1550; x_wconf 81' lang='lat' dir='ltr'><strong>quo,</strong></span> <span class='ocrx_word' id='word_1_282' title='bbox 1110 1501 1329 1538; x_wconf 88' lang='lat' dir='ltr'><strong>secundum</strong></span> <span class='ocrx_word' id='word_1_283' title='bbox 1346 1502 1457 1551; x_wconf 87' lang='lat' dir='ltr'><strong>quod</strong></span> <span class='ocrx_word' id='word_1_284' title='bbox 1468 1510 1714 1552; x_wconf 81' lang='lat' dir='ltr'><strong>portentum,</strong></span> 
     </span>
     <span class='ocr_line' id='line_1_50' title="bbox 995 1557 1716 1609; baseline 0.001 -15"><span class='ocrx_word' id='word_1_285' title='bbox 995 1557 1249 1595; x_wconf 78' lang='lat' dir='ltr'><strong>durissimum</strong></span> <span class='ocrx_word' id='word_1_286' title='bbox 1272 1567 1342 1596; x_wconf 87' lang='lat' dir='ltr'><strong>est.</strong></span> <span class='ocrx_word' id='word_1_287' title='bbox 1356 1580 1414 1587; x_wconf 89' lang='lat'>—</span> <span class='ocrx_word' id='word_1_288' title='bbox 1429 1567 1496 1606; x_wconf 76' lang='lat'><strong>47.</strong></span> <span class='ocrx_word' id='word_1_289' title='bbox 1518 1560 1588 1596; x_wconf 74' lang='lat' dir='ltr'><strong>Ex</strong></span> <span class='ocrx_word' id='word_1_290' title='bbox 1607 1572 1684 1609; x_wconf 85' lang='lat' dir='ltr'><strong>quo</strong></span> <span class='ocrx_word' id='word_1_291' title='bbox 1702 1574 1716 1595; x_wconf 89' lang='lat'><em>:</em></span> 
     </span>
     <span class='ocr_line' id='line_1_51' title="bbox 996 1614 1714 1665; baseline 0.004 -15"><span class='ocrx_word' id='word_1_292' title='bbox 996 1627 1047 1650; x_wconf 78' lang='lat' dir='ltr'><strong>ex</strong></span> <span class='ocrx_word' id='word_1_293' title='bbox 1079 1628 1160 1663; x_wconf 86' lang='lat' dir='ltr'><strong>quo</strong></span> <span class='ocrx_word' id='word_1_294' title='bbox 1184 1624 1382 1664; x_wconf 88' lang='lat' dir='ltr'><strong>tempore,</strong></span> <span class='ocrx_word' id='word_1_295' title='bbox 1414 1614 1601 1665; x_wconf 82' lang='lat' dir='ltr'><strong>quand03</strong></span> <span class='ocrx_word' id='word_1_296' title='bbox 1623 1629 1714 1653; x_wconf 88' lang='lat' dir='ltr'><strong>cum</strong></span> 
     </span>
     <span class='ocr_line' id='line_1_52' title="bbox 998 1671 1716 1720; baseline 0.004 -13"><span class='ocrx_word' id='word_1_297' title='bbox 998 1671 1223 1720; x_wconf 85' lang='lat' dir='ltr'><strong>aliquando.</strong></span> <span class='ocrx_word' id='word_1_298' title='bbox 1258 1672 1416 1709; x_wconf 87' lang='lat' dir='ltr'><strong>Scilicet</strong></span> <span class='ocrx_word' id='word_1_299' title='bbox 1448 1672 1512 1709; x_wconf 80' lang='lat' dir='ltr'><strong>lzic</strong></span> <span class='ocrx_word' id='word_1_300' title='bbox 1540 1686 1623 1710; x_wconf 91' lang='lat' dir='ltr'><strong>non</strong></span> <span class='ocrx_word' id='word_1_301' title='bbox 1658 1682 1716 1710; x_wconf 85' lang='lat' dir='ltr'><strong>est</strong></span> 
     </span>
     <span class='ocr_line' id='line_1_53' title="bbox 998 1727 1714 1779; baseline 0.004 -15"><span class='ocrx_word' id='word_1_302' title='bbox 998 1727 1242 1779; x_wconf 84' lang='lat' dir='ltr'><strong>urgendum,</strong></span> <span class='ocrx_word' id='word_1_303' title='bbox 1258 1728 1302 1765; x_wconf 88' lang='lat' dir='ltr'><strong>in</strong></span> <span class='ocrx_word' id='word_1_304' title='bbox 1316 1728 1406 1766; x_wconf 93' lang='lat' dir='ltr'><strong>loco</strong></span> <span class='ocrx_word' id='word_1_305' title='bbox 1423 1731 1504 1766; x_wconf 89' lang='lat' dir='ltr'><strong>suis</strong></span> <span class='ocrx_word' id='word_1_306' title='bbox 1520 1731 1714 1777; x_wconf 85' lang='lat' dir='ltr'><strong>inventae3</strong></span> 
     </span>
     <span class='ocr_line' id='line_1_54' title="bbox 996 1785 1715 1830; baseline 0.003 -9"><span class='ocrx_word' id='word_1_307' title='bbox 996 1785 1085 1830; x_wconf 88' lang='lat' dir='ltr'><strong>sed,</strong></span> <span class='ocrx_word' id='word_1_308' title='bbox 1126 1787 1170 1822; x_wconf 89' lang='lat' dir='ltr'><strong>iu</strong></span> <span class='ocrx_word' id='word_1_309' title='bbox 1206 1786 1268 1822; x_wconf 82' lang='lat' dir='ltr'><strong>his</strong></span> <span class='ocrx_word' id='word_1_310' title='bbox 1307 1788 1422 1823; x_wconf 87' lang='lat' dir='ltr'><strong>terris</strong></span> <span class='ocrx_word' id='word_1_311' title='bbox 1448 1789 1568 1826; x_wconf 83' lang='lat' dir='ltr'><strong>XXX</strong></span> <span class='ocrx_word' id='word_1_312' title='bbox 1602 1789 1715 1824; x_wconf 88' lang='lat' dir='ltr'><strong>annis</strong></span> 
     </span>
     <span class='ocr_line' id='line_1_55' title="bbox 997 1842 1715 1897; baseline 0.006 -19"><span class='ocrx_word' id='word_1_313' title='bbox 997 1842 1136 1893; x_wconf 83' lang='lat' dir='ltr'><strong>elapsis</strong></span> <span class='ocrx_word' id='word_1_314' title='bbox 1163 1844 1358 1880; x_wconf 85' lang='lat' dir='ltr'><strong>Ascanius</strong></span> <span class='ocrx_word' id='word_1_315' title='bbox 1376 1843 1522 1881; x_wconf 84' lang='lat' dir='ltr'><strong>Albam</strong></span> <span class='ocrx_word' id='word_1_316' title='bbox 1539 1846 1715 1897; x_wconf 84' lang='lat' dir='ltr'><strong>Longam</strong></span> 
     </span>
     <span class='ocr_line' id='line_1_56' title="bbox 999 1899 1715 1953; baseline 0.006 -17"><span class='ocrx_word' id='word_1_317' title='bbox 999 1899 1166 1945; x_wconf 84' lang='lat' dir='ltr'><strong>condet3</strong></span> <span class='ocrx_word' id='word_1_318' title='bbox 1185 1901 1262 1936; x_wconf 92' lang='lat' dir='ltr'><strong>nisi</strong></span> <span class='ocrx_word' id='word_1_319' title='bbox 1277 1899 1424 1937; x_wconf 79' lang='lat' dir='ltr'><strong>dixeris</strong></span> <span class='ocrx_word' id='word_1_320' title='bbox 1444 1913 1454 1938; x_wconf 72' lang='grc' dir='ltr'>ε</span> <span class='ocrx_word' id='word_1_321' title='bbox 1471 1903 1603 1951; x_wconf 86' lang='lat' dir='ltr'><strong>ipsum</strong></span> <span class='ocrx_word' id='word_1_322' title='bbox 1619 1915 1715 1953; x_wconf 90' lang='lat' dir='ltr'><strong>poe-</strong></span> 
     </span>
     <span class='ocr_line' id='line_1_57' title="bbox 998 1956 1717 1997; baseline 0.003 -4"><span class='ocrx_word' id='word_1_323' title='bbox 998 1965 1077 1993; x_wconf 88' lang='lat' dir='ltr'><strong>tam</strong></span> <span class='ocrx_word' id='word_1_324' title='bbox 1107 1957 1227 1994; x_wconf 87' lang='lat' dir='ltr'><strong>verba</strong></span> <span class='ocrx_word' id='word_1_325' title='bbox 1257 1969 1266 1994; x_wconf 90' lang='lat'><strong>:</strong></span> <span class='ocrx_word' id='word_1_326' title='bbox 1292 1956 1358 1993; x_wconf 78' lang='lat' dir='ltr'><strong>hic</strong></span> <span class='ocrx_word' id='word_1_327' title='bbox 1379 1958 1486 1994; x_wconf 83' lang='lat' dir='ltr'><strong>Iocus</strong></span> <span class='ocrx_word' id='word_1_328' title='bbox 1508 1958 1613 1996; x_wconf 79' lang='lat' dir='ltr'><strong>urbis</strong></span> <span class='ocrx_word' id='word_1_329' title='bbox 1641 1960 1717 1997; x_wconf 83' lang='lat' dir='ltr'><strong>erit</strong></span> 
     </span>
     <span class='ocr_line' id='line_1_58' title="bbox 999 2014 1716 2064; baseline 0.006 -14"><span class='ocrx_word' id='word_1_330' title='bbox 999 2014 1046 2050; x_wconf 92' lang='lat' dir='ltr'><strong>de</strong></span> <span class='ocrx_word' id='word_1_331' title='bbox 1064 2015 1228 2052; x_wconf 87' lang='lat' dir='ltr'><strong>Lavinio</strong></span> <span class='ocrx_word' id='word_1_332' title='bbox 1248 2015 1377 2064; x_wconf 89' lang='lat' dir='ltr'><strong>accipi</strong></span> <span class='ocrx_word' id='word_1_333' title='bbox 1392 2015 1562 2053; x_wconf 79' lang='lat' dir='ltr'><strong>voluisse</strong></span> <span class='ocrx_word' id='word_1_334' title='bbox 1574 2044 1585 2062; x_wconf 96' lang='lat'><strong>,</strong></span> <span class='ocrx_word' id='word_1_335' title='bbox 1607 2025 1645 2054; x_wconf 89' lang='lat' dir='ltr'><strong>et</strong></span> <span class='ocrx_word' id='word_1_336' title='bbox 1663 2030 1716 2054; x_wconf 68' lang='lat' dir='ltr'><strong>ex·</strong></span> 
     </span>
     <span class='ocr_line' id='line_1_59' title="bbox 999 2065 1716 2122; baseline 0.004 -16"><span class='ocrx_word' id='word_1_337' title='bbox 999 2065 1077 2121; x_wconf 66' lang='grc' dir='ltr'><em>ᾁιιο</em></span> <span class='ocrx_word' id='word_1_338' title='bbox 1109 2071 1393 2122; x_wconf 78' lang='lat' dir='ltr'><strong>supplendum,</strong></span> <span class='ocrx_word' id='word_1_339' title='bbox 1413 2085 1495 2109; x_wconf 86' lang='lat' dir='ltr'><strong>esse</strong></span> <span class='ocrx_word' id='word_1_340' title='bbox 1530 2073 1643 2118; x_wconf 88' lang='lat' dir='ltr'><strong>loco;</strong></span> <span class='ocrx_word' id='word_1_341' title='bbox 1670 2083 1716 2111; x_wconf 89' lang='lat' dir='ltr'><strong>ut</strong></span> 
     </span>
     <span class='ocr_line' id='line_1_60' title="bbox 998 2129 1713 2177; baseline 0.004 -13"><span class='ocrx_word' id='word_1_342' title='bbox 998 2130 1190 2166; x_wconf 88' lang='lat' dir='ltr'><strong>sententia</strong></span> <span class='ocrx_word' id='word_1_343' title='bbox 1208 2130 1259 2166; x_wconf 89' lang='lat' dir='ltr'><strong>sit</strong></span> <span class='ocrx_word' id='word_1_344' title='bbox 1277 2140 1287 2167; x_wconf 73' lang='grc' dir='ltr'><em>τ</em></span> <span class='ocrx_word' id='word_1_345' title='bbox 1312 2129 1379 2166; x_wconf 88' lang='lat' dir='ltr'><strong>hic</strong></span> <span class='ocrx_word' id='word_1_346' title='bbox 1392 2157 1403 2177; x_wconf 95' lang='lat'><strong>,</strong></span> <span class='ocrx_word' id='word_1_347' title='bbox 1429 2130 1501 2166; x_wconf 89' lang='lat' dir='ltr'><strong>ubi</strong></span> <span class='ocrx_word' id='word_1_348' title='bbox 1522 2143 1631 2170; x_wconf 82' lang='lat' dir='ltr'><strong>suem</strong></span> <span class='ocrx_word' id='word_1_349' title='bbox 1652 2132 1713 2167; x_wconf 88' lang='lat' dir='ltr'><strong>in-</strong></span> 
     </span>
     <span class='ocr_line' id='line_1_61' title="bbox 999 2186 1713 2233; baseline 0.003 -11"><span class='ocrx_word' id='word_1_350' title='bbox 999 2187 1175 2233; x_wconf 86' lang='lat' dir='ltr'><strong>veneris,</strong></span> <span class='ocrx_word' id='word_1_351' title='bbox 1202 2186 1298 2223; x_wconf 87' lang='lat' dir='ltr'><strong>urbs</strong></span> <span class='ocrx_word' id='word_1_352' title='bbox 1327 2188 1536 2223; x_wconf 88' lang='lat' dir='ltr'><strong>Lavinium</strong></span> <span class='ocrx_word' id='word_1_353' title='bbox 1568 2186 1713 2225; x_wconf 88' lang='lat' dir='ltr'><strong>conde-</strong></span> 
     </span>
     <span class='ocr_line' id='line_1_62' title="bbox 999 2243 1713 2294; baseline 0.004 -15"><span class='ocrx_word' id='word_1_354' title='bbox 999 2251 1088 2288; x_wconf 82' lang='lat' dir='ltr'><strong>tur3</strong></span> <span class='ocrx_word' id='word_1_355' title='bbox 1106 2252 1144 2280; x_wconf 92' lang='lat' dir='ltr'><strong>et</strong></span> <span class='ocrx_word' id='word_1_356' title='bbox 1179 2257 1229 2280; x_wconf 81' lang='lat' dir='ltr'><strong>ex</strong></span> <span class='ocrx_word' id='word_1_357' title='bbox 1260 2243 1333 2281; x_wconf 84' lang='lat' dir='ltr'><strong>hac</strong></span> <span class='ocrx_word' id='word_1_358' title='bbox 1361 2244 1461 2281; x_wconf 84' lang='lat' dir='ltr'><strong>urbe</strong></span> <span class='ocrx_word' id='word_1_359' title='bbox 1482 2252 1574 2294; x_wconf 89' lang='lat' dir='ltr'><strong>post</strong></span> <span class='ocrx_word' id='word_1_360' title='bbox 1593 2246 1713 2282; x_wconf 76' lang='lat' dir='ltr'><strong>XXX</strong></span> 
     </span>
     <span class='ocr_line' id='line_1_63' title="bbox 997 2301 1713 2351; baseline 0.003 -15"><span class='ocrx_word' id='word_1_361' title='bbox 997 2313 1119 2337; x_wconf 82' lang='lat' dir='ltr'><strong>annos</strong></span> <span class='ocrx_word' id='word_1_362' title='bbox 1150 2301 1343 2338; x_wconf 64' lang='lat' dir='ltr'><strong>Ascanius</strong></span> <span class='ocrx_word' id='word_1_363' title='bbox 1376 2313 1608 2351; x_wconf 84' lang='lat' dir='ltr'><strong>progressus</strong></span> <span class='ocrx_word' id='word_1_364' title='bbox 1640 2314 1713 2338; x_wconf 90' lang='lat' dir='ltr'><strong>no-</strong></span> 
     </span>
     <span class='ocr_line' id='line_1_64' title="bbox 995 2357 1712 2395; baseline 0.001 -2"><span class='ocrx_word' id='word_1_365' title='bbox 995 2371 1084 2393; x_wconf 84' lang='lat' dir='ltr'><strong>vam</strong></span> <span class='ocrx_word' id='word_1_366' title='bbox 1104 2358 1246 2394; x_wconf 88' lang='lat' dir='ltr'><strong>urbem</strong></span> <span class='ocrx_word' id='word_1_367' title='bbox 1273 2358 1420 2395; x_wconf 89' lang='lat' dir='ltr'><strong>condet</strong></span> <span class='ocrx_word' id='word_1_368' title='bbox 1439 2357 1584 2395; x_wconf 70' lang='lat' dir='ltr'><strong>Albam</strong></span> <span class='ocrx_word' id='word_1_369' title='bbox 1607 2360 1712 2394; x_wconf 89' lang='lat' dir='ltr'><strong>Lon-</strong></span> 
     </span>
     <span class='ocr_line' id='line_1_65' title="bbox 994 2415 1710 2465; baseline 0.004 -15"><span class='ocrx_word' id='word_1_370' title='bbox 994 2428 1096 2465; x_wconf 84' lang='lat' dir='ltr'><strong>gam.</strong></span> <span class='ocrx_word' id='word_1_371' title='bbox 1120 2415 1271 2452; x_wconf 87' lang='lat' dir='ltr'><strong>Aberat</strong></span> <span class='ocrx_word' id='word_1_372' title='bbox 1290 2428 1334 2452; x_wconf 87' lang='lat' dir='ltr'><strong>ea</strong></span> <span class='ocrx_word' id='word_1_373' title='bbox 1354 2428 1374 2451; x_wconf 91' lang='lat' dir='ltr'><strong>a</strong></span> <span class='ocrx_word' id='word_1_374' title='bbox 1393 2415 1556 2451; x_wconf 87' lang='lat' dir='ltr'><strong>Lavinio</strong></span> <span class='ocrx_word' id='word_1_375' title='bbox 1583 2427 1630 2451; x_wconf 89' lang='lat'><strong>12</strong></span> <span class='ocrx_word' id='word_1_376' title='bbox 1651 2416 1710 2453; x_wconf 89' lang='lat' dir='ltr'><strong>M.</strong></span> 
     </span>
     <span class='ocr_line' id='line_1_66' title="bbox 996 2473 1712 2510; baseline 0 -1"><span class='ocrx_word' id='word_1_377' title='bbox 996 2475 1036 2510; x_wconf 90' lang='lat' dir='ltr'><strong>P.</strong></span> <span class='ocrx_word' id='word_1_378' title='bbox 1056 2475 1206 2509; x_wconf 87' lang='lat' dir='ltr'><strong>Versus</strong></span> <span class='ocrx_word' id='word_1_379' title='bbox 1227 2473 1393 2509; x_wconf 88' lang='lat' dir='ltr'><strong>omnino</strong></span> <span class='ocrx_word' id='word_1_380' title='bbox 1422 2484 1506 2508; x_wconf 89' lang='lat' dir='ltr'><strong>non</strong></span> <span class='ocrx_word' id='word_1_381' title='bbox 1528 2473 1618 2509; x_wconf 85' lang='lat' dir='ltr'><strong>satis</strong></span> <span class='ocrx_word' id='word_1_382' title='bbox 1642 2485 1712 2509; x_wconf 83' lang='lat' dir='ltr'><strong>ex-</strong></span> 
     </span>
     <span class='ocr_line' id='line_1_67' title="bbox 993 2527 1713 2578; baseline 0 -13"><span class='ocrx_word' id='word_1_383' title='bbox 993 2529 1110 2578; x_wconf 87' lang='lat' dir='ltr'><strong>politi</strong></span> <span class='ocrx_word' id='word_1_384' title='bbox 1138 2537 1258 2566; x_wconf 87' lang='lat' dir='ltr'><strong>sunt:</strong></span> <span class='ocrx_word' id='word_1_385' title='bbox 1282 2527 1346 2564; x_wconf 79' lang='lat' dir='ltr'><strong>hic</strong></span> <span class='ocrx_word' id='word_1_386' title='bbox 1371 2527 1447 2564; x_wconf 79' lang='lat' dir='ltr'><strong>erit</strong></span> <span class='ocrx_word' id='word_1_387' title='bbox 1472 2528 1580 2564; x_wconf 79' lang='lat' dir='ltr'><strong>loeus</strong></span> <span class='ocrx_word' id='word_1_388' title='bbox 1609 2529 1713 2566; x_wconf 79' lang='lat' dir='ltr'><strong>urbis</strong></span> 
     </span>
     <span class='ocr_line' id='line_1_68' title="bbox 992 2584 1709 2634; baseline 0.001 -13"><span class='ocrx_word' id='word_1_389' title='bbox 992 2598 1105 2622; x_wconf 75' lang='lat' dir='ltr'><strong>—ex</strong></span> <span class='ocrx_word' id='word_1_390' title='bbox 1134 2598 1211 2634; x_wconf 81' lang='lat' dir='ltr'><strong>qno</strong></span> <span class='ocrx_word' id='word_1_391' title='bbox 1249 2584 1380 2621; x_wconf 81' lang='lat' dir='ltr'><strong>urbem</strong></span> <span class='ocrx_word' id='word_1_392' title='bbox 1416 2585 1562 2622; x_wconf 84' lang='lat' dir='ltr'><strong>condet</strong></span> <span class='ocrx_word' id='word_1_393' title='bbox 1583 2588 1709 2622; x_wconf 85' lang='lat' dir='ltr'><strong>Asca-</strong></span> 
     </span>
     <span class='ocr_line' id='line_1_69' title="bbox 995 2639 1709 2692; baseline 0.003 -14"><span class='ocrx_word' id='word_1_394' title='bbox 995 2643 1095 2678; x_wconf 79' lang='lat' dir='ltr'><strong>nius.</strong></span> <span class='ocrx_word' id='word_1_395' title='bbox 1119 2639 1231 2678; x_wconf 82' lang='lat' dir='ltr'><strong>Clari</strong></span> <span class='ocrx_word' id='word_1_396' title='bbox 1250 2642 1519 2692; x_wconf 79' lang='lat' dir='ltr'><strong>cognominis,</strong></span> <span class='ocrx_word' id='word_1_397' title='bbox 1543 2642 1592 2679; x_wconf 91' lang='lat' dir='ltr'><strong>ab</strong></span> <span class='ocrx_word' id='word_1_398' title='bbox 1613 2644 1709 2680; x_wconf 87' lang='lat' dir='ltr'><em>alba</em></span> 
     </span>
     <span class='ocr_line' id='line_1_70' title="bbox 991 2699 1709 2746; baseline 0.001 -10"><span class='ocrx_word' id='word_1_399' title='bbox 991 2712 1060 2736; x_wconf 87' lang='lat' dir='ltr'><strong>sue</strong></span> <span class='ocrx_word' id='word_1_400' title='bbox 1097 2699 1359 2746; x_wconf 86' lang='lat' dir='ltr'><strong>nominatam,</strong></span> <span class='ocrx_word' id='word_1_401' title='bbox 1391 2708 1430 2737; x_wconf 87' lang='lat' dir='ltr'><strong>et</strong></span> <span class='ocrx_word' id='word_1_402' title='bbox 1464 2703 1583 2739; x_wconf 80' lang='lat' dir='ltr'><strong>XXX</strong></span> <span class='ocrx_word' id='word_1_403' title='bbox 1614 2701 1709 2738; x_wconf 83' lang='lat' dir='ltr'><strong>inde</strong></span> 
     </span>
     <span class='ocr_line' id='line_1_71' title="bbox 993 2754 1330 2794; baseline 0.003 -1"><span class='ocrx_word' id='word_1_404' title='bbox 993 2769 1097 2793; x_wconf 88' lang='lat' dir='ltr'><strong>anno</strong></span> <span class='ocrx_word' id='word_1_405' title='bbox 1119 2754 1330 2794; x_wconf 88' lang='lat' dir='ltr'><strong>conditam.</strong></span> 
     </span>
    </p>
   </div>
  </div>
 </body>
</html>
