1767 3054
238 136 317 171 '2³30
855 133 1096 170 AENEIDOS

234 203 477 262 Praesidet‚
503 213 549 250 et
569 202 710 249 viridi
736 203 942 266 gaudens
968 202 1167 249 Feronia
1191 202 1320 259 luco;
1662 214 1722 244 εσυ

237 285 343 339 Qua
367 283 549 328 Saturae
562 281 687 343 jacet
711 291 812 325 atra
836 280 991 342 palus,
1018 279 1292 342 gelidusque
1319 292 1404 340 pet·
1427 275 1542 323 imas

234 357 414 415 Quaerit
439 358 528 403 iter
552 357 708 414 vallis,
736 366 875 417 atque
901 356 948 400 in
972 371 1100 402 mare
1125 354 1344 400 conditur
1365 353 1526 399 Ufens.

296 435 394 477 Hos
415 448 556 492 super
581 431 770 476 advenit
792 431 961 476 Volsca
983 430 1040 476 de
1064 440 1200 492 gente
1222 430 1435 486 Camilla,

232 512 411 570 Agmen
437 524 575 569 agens
600 507 836 568 equitum,
863 516 909 551 et
929 506 1138 552 florentis
1163 522 1254 551 aere
1280 517 1514 562 catervas,

230 582 473 639 Bellatrix3
498 596 593 625 non
618 581 695 626 illa
714 581 818 626 colo
843 580 1096 626 calathisve
1121 581 1350 626 Minervae

1660 588 1720 619 805
1761 561 1767 569 ·

230 657 470 703 Femineas
491 655 684 702 adsueta
704 671 891 712 mauus3
913 655 994 702 sed
1014 655 1178 717 praelia
1195 654 1331 716 virgo

228 737 360 779 Dura
384 733 503 795 pati,
528 748 764 794 cursuque
788 731 965 793 pedum
987 741 1272 793 praevertere
1296 740 1477 776 ventos.

229 808 311 852 Illa
332 807 407 853 vel
432 808 617 853 intactae
637 807 806 868 segetis
831 823 917 869 per
936 822 1118 853 summa
1137 806 1319 851 volaret

227 1010 285 1035 ter
306 1001 497 1035 Anxurus
520 997 737 1047 prcesz'det,
766 998 939 1035 declara-

224 1067 302 1093 tur.
335 1056 402 1093 Ad
440 1058 601 1092 tertium
637 1055 730 1092 inde
768 1055 938 1105 lapidem

223 1114 406 1151 Feroniae
423 1114 545 1157 lucus,
570 1114 659 1150 fons
676 1120 715 1149 et
730 1113 936 1163 templum.

225 1175 318 1211 Fuit
352 1185 394 1209 ea
429 1185 480 1209 ex
512 1170 586 1207 diis
617 1172 715 1208 Latii
747 1170 937 1219 Indigeti-

225 1233 322 1277 bus,
341 1229 460 1267 modo
488 1229 593 1266 inter
615 1228 811 1279 nymphas
840 1228 938 1265 rela-

224 1300 274 1335 ta,
299 1287 418 1325 modo
441 1301 533 1324 eum
554 1288 579 1324 J
583 1299 716 1324 unone
736 1299 936 1336 compara-

224 1358 285 1393 ta,
316 1355 354 1383 et
388 1359 462 1396 pro
492 1346 606 1383 Jovis
635 1346 813 1382 Anxuris
842 1357 936 1381 con-

221 1408 313 1455 juge
340 1403 486 1440 habita.
518 1405 619 1453 Quae
637 1404 805 1453 Dionys.
837 1404 937 1439 reci-

225 1472 302 1508 tat,
335 1462 405 1499 lib.
427 1463 489 1506 11,
533 1468 610 1509 49,
641 1473 729 1511 pag.
768 1461 870 1506 113,
900 1469 939 1497 et

223 1520 293 1557 lib.
316 1521 399 1564 ΙΙΙ,
428 1533 468 1569 p.
501 1522 578 1562 32,
609 1518 846 1555 Graecanicae
876 1531 935 1554 ar-

225 1579 343 1626 gutiae
359 1586 465 1614 sunt.
479 1598 536 1604 —-—
550 1576 602 1611 80
613 1588 646 1611 1.
666 1577 824 1611 Asturae
839 1575 936 1612 alios

222 1635 359 1684 legisse
375 1643 487 1671 notat
503 1634 660 1671 Servius
678 1644 688 1669 :
706 1645 909 1682 perperam
923 1646 933 1678 3

222 1705 314 1728 nam
347 1693 491 1730 Astura
531 1690 628 1727 fluv,
668 1698 706 1726 et
741 1690 935 1740 oppidum

223 1749 358 1799 paullo
378 1750 568 1785 remotius
590 1755 647 1784 est
663 1760 684 1783 a
703 1750 852 1785 Saturae
870 1761 936 1797 pa-

222 1806 328 1844 lude.
349 1819 387 1844 v.
408 1807 569 1844 Cluver.
593 1818 632 1854 p.
667 1805 790 1842 1003.
814 1807 933 1842 Erro-

221 1877 305 1900 rem
332 1864 413 1911 jam
439 1863 573 1901 Julius
600 1861 769 1900 Sabinus
793 1863 932 1912 arguit.

221 1943 279 1949 —-
297 1923 451 1957 Saturae
473 1912 599 1969 palus'
620 1922 723 1956 circa
749 1919 934 1956 Ufentem

221 1992 376 2015 amnem
418 1977 466 2014 ad
504 1976 667 2027 paludes
712 1977 935 2028 Pometinas

221 2046 414 2087 spectasse
444 2035 602 2072 videtur
616 2062 625 2080 ‚
646 2046 759 2084 quae,
790 2034 863 2070 etsi
880 2035 936 2070 vi-

220 2095 320 2145 ginti
352 2095 472 2130 trium
498 2092 658 2129 urbium
673 2119 683 2137 ‚
708 2103 803 2141 quas
821 2090 936 2127 tradi-

220 2161 306 2188 tum
335 2159 392 2187 est
408 2150 648 2187 Volscorum
677 2149 820 2195 fuisse,
849 2149 935 2186 solo

221 2216 418 2259 occupato
433 2237 443 2254 ,
475 2216 607 2244 tamen
635 2207 730 2244 olim
752 2219 837 2244 non
856 2215 935 2243 tam

220 2268 296 2303 late
317 2280 388 2317 per
418 2279 555 2317 agrum
583 2266 858 2310 Pometinum‚
893 2277 935 2301 ac

221 2337 330 2360 nunc
344 2352 355 2369 ,
386 2323 586 2374 patebant.
608 2336 646 2359 v,
666 2321 827 2360 Cluver.
845 2335 932 2373 pag.

229 2382 334 2416 1003
361 2389 422 2426 et,
442 2389 532 2431 post
561 2380 690 2417 Adler
713 2379 934 2416 Naclm'ck-

222 2447 288 2473 ten
308 2449 391 2473 von
410 2438 488 2474 den
509 2435 778 2474 Poncinsclzen
800 2439 935 2487 Siimp-

212 2494 291 2544 jen
304 2522 314 2538 ‚
339 2507 447 2531 nunc
463 2496 594 2543 primo
609 2496 700 2532 loco
717 2494 809 2533 Nic.
827 2497 932 2533 Mar.

225 2550 390 2600 Nicolaj
407 2551 470 2587 de’
498 2552 812 2604 Bonz'ficamentz'
829 2552 934 2589 delle

227 2611 343 2645 Terre
368 2608 541 2644 Pontiae
568 2623 657 2660 pag.
690 2610 756 2647 82.
787 2612 846 2647 De
869 2613 934 2648 Sa·

221 2674 323 2703 turae
351 2673 482 2701 tamen
510 2667 588 2702 situ
618 2667 728 2703 nulla
759 2681 808 2704 ne
842 2669 931 2718 qui-

224 2722 315 2760 dem
347 2723 517 2773 suspicio
543 2722 726 2761 habetur.
746 2724 851 2762 conf.
872 2727 931 2762 Si-

223 2780 303 2818 lius
320 2781 419 2819 VIII
432 2808 443 2828 ,
464 2794 502 2818 v.
527 2780 606 2817 382
629 2793 735 2832 seqq.
755 2782 828 2819 ubi
850 2782 929 2820 vid.

1006 1001 1175 1048 Ruperti
1206 1007 1352 1036 notata.
1374 1021 1432 1026 ———
1458 999 1555 1035 802.
1592 997 1720 1034 Volvi-

1007 1064 1072 1091 tur
1093 1056 1216 1106 aliqui
1244 1069 1307 1106 ap.
1338 1055 1455 1093 Cerd.
1486 1068 1579 1092 cum
1612 1054 1718 1092 Leid.

1066 1113 1162 1151 803.
1180 1115 1240 1150 De
1262 1113 1421 1152 Camilla
1441 1112 1521 1151 vid.
1544 1111 1614 1150 inf.
1640 1114 1721 1157 XI,

1008 1172 1089 1208 535
1120 1184 1228 1220 seqq.
1255 1171 1509 1208 Penthesileae
1536 1170 1721 1219 exemplo

1004 1241 1090 1265 eam
1110 1237 1237 1278 poetae
1252 1229 1412 1278 ingenio
1424 1240 1504 1264 esse
1515 1226 1721 1264 subnatam

1004 1285 1140 1322 nuUus
1160 1285 1314 1322 dubito.
1343 1285 1545 1322 Florentes
1563 1297 1643 1322 oere
1658 1297 1724 1321 ca-

1004 1352 1152 1388 tervas,
1172 1343 1212 1381 h.
1226 1343 1477 1394 splendentes
1487 1371 1497 1389 ‚
1512 1335 1718 1392 fulgentes.

1004 1402 1163 1439 Servius
1182 1401 1337 1438 notavit
1354 1401 1474 1438 Ennii
1492 1407 1531 1437 et
1550 1401 1722 1437 Lucretii

1005 1459 1189 1508 exemplo
1205 1458 1281 1496 hoc
1299 1458 1458 1496 factum.
1472 1461 1572 1497 Sane
1583 1457 1695 1495 locus
1709 1486 1719 1504 ‚

1004 1529 1124 1565 quem
1145 1516 1279 1554 laudat
1298 1530 1318 1552 e
1338 1517 1522 1553 Lucretio
1541 1514 1638 1566 (lib.
1658 1517 1696 1552 V
1710 1543 1720 1560 ‚

1009 1573 1156 1624 1441),
1179 1574 1252 1610 ubi
1275 1587 1386 1610 mare
1388 1573 1543 1626 florere
1560 1572 1721 1629 navjbus

1003 1630 1162 1677 dicitur,
1179 1644 1265 1668 non
1282 1639 1360 1667 tam
1377 1630 1608 1669 commodus
1624 1639 1719 1676 erat,

1003 1701 1121 1738 quam
1138 1689 1234 1725 alter
1244 1687 1316 1725 lib.
1330 1689 1400 1733 IV,
1416 1688 1495 1732 452
1512 1700 1522 1726 :
1538 1689 1648 1726 Bina
1664 1688 1720 1725 lu-

1001 1745 1416 1812 cernantmflorentia
1435 1745 1589 1784 lamma
1593 1745 1720 1798 flam

1002 1803 1089 1840 mis.
1105 1803 1154 1842 cf.
1169 1803 1285 1842 Cerd.
1305 1803 1368 1841 Sic
1386 1799 1542 1856 ἀνθηρὸς
1558 1813 1597 1842 et
1616 1801 1721 1841 ἀνθε-

1001 1858 1071 1912 μόε
1090 1873 1211 1911 §pro
1240 1857 1436 1906 αἴθω),εῐ
1462 1859 1505 1898 τὸ
1526 1859 1718 1908 ἄνθος,το

1002 1874 1090 1954 &iffi
1093 1931 1162 1970 μον
1197 1918 1246 1955 de
1280 1917 1433 1969 fulgore
1462 1921 1580 1958 auri:
1612 1919 1720 1957 unde

1002 1975 1116 2013 Pind.
1137 1975 1201 2014 Ol.
1225 1989 1247 2012 2
1264 2003 1275 2022 ‚
1303 1977 1381 2013 130
1408 1971 1557 2029 ἄνθεμα
1576 1979 1717 2030 χρυσοῦ

1004 2031 1153 2087 φλέγει.
1165 2055 1223 2062 -—-
1238 2033 1334 2071 806.
1351 2033 1432 2070 Sed
1447 2033 1616 2072 adsueta
1631 2034 1724 2085 paci

996 2091 1146 2140 proelicz
1167 2091 1268 2127 dura
1279 2119 1291 2136 ,
1316 2092 1428 2141 virgo
1451 2104 1577 2142 quum
1595 2101 1718 2136 esset,

1002 2156 1078 2186 etc.
1098 2148 1330 2186 Velocitatis
1362 2148 1658 2188 denotationem
1677 2164 1716 2186 v.

1004 2205 1085 2242 808
1104 2219 1189 2256 sqq.
1204 2215 1349 2243 temere
1361 2206 1658 2256 reprehendunt
1666 2209 1721 2243 vi—

1001 2264 1036 2300 ri
1055 2263 1176 2301 docti.
1191 2265 1274 2302 Nec
1290 2263 1356 2300 illa
1376 2265 1514 2313 utique
1530 2266 1720 2302 convenit

1000 2323 1145 2358 nostris
1162 2321 1362 2367 sensibus;
1381 2320 1469 2366 sed,
1487 2333 1612 2370 quum
1630 2323 1717 2359 Ma-

1000 2392 1045 2416 ro
1066 2392 1108 2416 ea
1132 2387 1334 2424 uteretur,
1357 2391 1378 2415 a
1396 2385 1589 2415 vetustate
1608 2381 1719 2428 quasi

998 2449 1071 2486 per
1098 2450 1237 2474 manus
1266 2444 1349 2473 erat
1379 2433 1539 2480 tradita3
1562 2448 1719 2485 expres-

999 2496 1050 2531 sit
1077 2495 1184 2530 enim
1211 2493 1322 2530 Iliad.
1341 2503 1388 2537 υ,
1414 2491 1642 2542 226-—229
1667 2494 1717 2531 de

1000 2551 1175 2601 equabus
1187 2549 1448 2588 Erichthonii.
1468 2549 1656 2587 Similiter
1667 2550 1717 2588 de

999 2608 1204 2658 Euphemo
1236 2606 1427 2657 Apollon.
1463 2609 1482 2643 I
1496 2635 1506 2652 ‚
1542 2620 1620 2657 179
1653 2621 1713 2659 sq.

998 2665 1109 2702 Alios
1122 2692 1133 2711 ‚
1156 2665 1338 2715 inprimis
1363 2664 1521 2716 Virgilii
1542 2665 1715 2702 imitato-

997 2735 1079 2767 res,
1099 2736 1137 2759 v.
1158 2735 1220 2772 ap.
1235 2721 1401 2760 Cerdam
1417 2730 1455 2759 et
1472 2722 1521 2761 al.
1538 2743 1597 2751 —-
1615 2723 1712 2760 808.

1000 2780 1182 2817 Volasset
1223 2779 1443 2831 Stephanus
1482 2778 1717 2818 emendabat
