1767 3054
198 119 248 167 ‹st
831 117 1071 155 AENEmos

198 213 214 231 «ι
239 193 280 235 O
305 187 492 234 tandem
515 186 694 248 magnis
717 186 871 248 pelagi
896 186 1116 232 defuncte
1141 187 1350 249 periclis!

195 264 289 311 Sed
309 275 435 310 terra
458 263 678 326 graviora
702 273 891 307 manent
914 279 923 305 :
950 263 998 307 in
1022 279 1167 325 regna
1190 262 1360 309 Lavini

190 339 474 387 Dardanidae
498 339 710 396 venient3
732 337 864 382 mitte
889 336 1011 383 hanc
1031 338 1090 384 de
1112 349 1306 401 pectore
1331 355 1518 398 curam3
1654 352 1692 382 85

198 417 293 463 Sed
315 431 410 460 non
439 425 485 460 et
508 414 690 458 venisse
714 413 887 457 volent.
913 412 1061 470 Bella,
1085 413 1282 459 horrida
1302 413 1449 471 bella,

197 495 256 537 Et
275 489 509 551 Thybrim
531 488 679 534 multo
705 498 1002 548 spumantem
1026 488 1250 550 sanguine
1275 504 1434 535 cerno.

197 569 305 612 Non
331 565 502 610 Simois
522 563 634 619 tibi,
653 579 740 607 nec
763 562 1006 620 Xanthu3‚
1032 580 1118 609 nec
1143 565 1320 621 Dorica
1340 576 1494 611 castra

199 641 448 687 Defuerint
475 659 484 685 :
511 639 628 685 alius
653 638 790 683 Latio
811 639 908 700 jam
932 649 1097 698 partus
1123 639 1351 696 Achilles,

202 801 320 838 tionis
350 812 454 836 nova
489 796 705 834 inflexione
729 804 769 833 et
799 797 918 833 varia-

203 861 337 903 tione3
363 865 409 894 ut
436 855 674 906 plerumque
697 854 804 900 loca,
829 867 918 904 quae

206 917 388 953 vaticinia
422 921 651 964 exponunt,
687 911 919 949 felicissimae

206 976 298 1010 artis
322 975 365 1009 in
382 973 509 1022 poetis
528 984 608 1007 esse
625 970 776 1016 solent;
799 983 921 1020 quan-

203 1030 421 1082 doquidem
439 1030 644 1079 poeticum
656 1029 841 1077 spiritum
863 1029 921 1064 ni·

203 1090 261 1126 hil
278 1098 335 1125 est
352 1087 460 1138 quod
478 1100 588 1136 aeque
606 1086 784 1136 recipiat,
802 1099 921 1136 quam

204 1148 431 1184 suturarum
452 1158 587 1182 rerum
606 1143 832 1194 descriptio.

267 1206 451 1254 83—89.
468 1205 584 1241 Dicta
602 1203 686 1239 haec
702 1202 921 1240 secundum

206 1264 350 1301 Heleni
376 1262 677 1314 praedictionem
707 1274 793 1311 sup.
838 1262 921 1306 ΙΙΙ,

210 1322 261 1367 45
268 1322 288 1358 8
313 1335 396 1371 sqq.
413 1321 519 1358 conf.
541 1319 775 1370 praeclarum
789 1320 924 1356 locum

207 1379 361 1418 Tibulli
381 1381 445 1425 11,
470 1379 492 1416 5
507 1407 517 1425 ‚
555 1379 607 1427 39
631 1391 738 1428 sqq.,
773 1378 846 1414 ubi
872 1378 924 1415 Si-

206 1437 328 1488 byllae
349 1436 554 1474 oraculum
578 1436 655 1473 alio
684 1445 860 1486 tempore
880 1447 924 1471 ac

210 1494 331 1532 modo
345 1522 356 1540 ‚
380 1495 497 1531 latius
520 1503 676 1540 tamen,
699 1495 925 1544 expositum

210 1561 279 1590 est.
294 1553 429 1598 ——84.
455 1554 555 1589 Duae
575 1551 761 1590 codicum
779 1560 894 1589 sectae
914 1563 924 1589 ε

210 1611 331 1648 altera
345 1639 355 1657 ‚
382 1610 485 1647 duce
509 1613 711 1656 Romano,
733 1619 839 1646 terra
852 1624 868 1654 ‚·
889 1617 928 1646 et

209 1669 289 1705 hoc
314 1670 519 1706 sonantius
539 1680 550 1707 ε
575 1668 717 1714 altera,
742 1668 926 1705 Mediceo

213 1727 315 1764 duce
328 1755 338 1771 ‚
358 1736 472 1764 terroe
485 1742 500 1771 ;
524 1725 635 1775 quod
653 1739 738 1763 non
751 1755 761 1772 ,
783 1724 928 1764 utfhu-

216 1784 273 1820 mi
283 1813 294 1829 ,
320 1793 457 1827 terrae,
492 1785 747 1832 interpretari
773 1783 926 1828 malim,

215 1842 284 1878 sed
322 1851 436 1877 terrce
463 1839 670 1890 pericula,
697 1848 744 1876 ut
778 1840 930 1877 Pierius

214 1912 373 1949 quoque
387 1898 492 1936 facit.
511 1897 637 1935 Terris
652 1896 829 1935 Parrhas.
844 1899 933 1933 Ma-

208 1958 304 2008 jora
345 1965 516 1992 manent
547 1958 681 2004 Sprot.
718 1956 772 1992 Ec
805 1967 932 2005 regna

219 2014 405 2053 nonnulli
421 2014 552 2060 Pierii,
567 2013 709 2050 omissa
725 2024 847 2062 praep.
860 2012 928 2056 ad,

218 2072 328 2122 quod
366 2073 503 2109 Heius.
539 2070 589 2107 ad
618 2073 658 2107 II
671 2098 682 2115 ‚
714 2070 791 2117 781
824 2070 934 2106 illus-

219 2139 307 2168 trat.
340 2132 482 2181 Regna
509 2127 648 2165 Latini
680 2128 776 2164 alios
804 2127 933 2177 legere

220 2196 354 2225 narrat
383 2195 474 2238 post
509 2185 770 2223 Benedictum
798 2186 843 2221 in
870 2184 931 2222 ed.

221 2248 335 2283 Junt.
375 2245 526 2283 Pierius
540 2273 550 2291 ‚
587 2245 704 2282 etiam
743 2244 908 2293 scriptos
921 2271 931 2289 ‚

222 2303 290 2339 sed
314 2315 363 2339 ex
382 2302 700 2352 interpolatione.
720 2302 933 2338 Enimvero

228 2359 382 2397 Lauinii
395 2372 518 2410 regna
535 2359 585 2395 ab
604 2359 704 2395 urbe
720 2371 825 2395 nova
844 2371 934 2396 con-

227 2417 354 2459 denda
369 2445 378 2463 ,
400 2417 565 2454 Lavinio
578 2444 588 2463 ‚
606 2416 714 2453 haud
735 2415 855 2453 dubie
873 2430 936 2454 ex-

227 2475 409 2525 quisitius
450 2473 552 2512 dicta
566 2503 576 2520 ‚
609 2483 647 2511 et
672 2473 719 2510 ad
755 2476 935 2524 spiritum

227 2532 428 2570 fatidicum
447 2532 586 2570 melius
602 2540 696 2568 sunt
711 2539 939 2582 attempera-

227 2599 264 2627 ta
275 2604 285 2636 3
296 2603 368 2628 nec
381 2591 423 2627 in
436 2604 481 2627 eo
495 2590 685 2641 prolepsis
695 2618 705 2635 ‚
718 2602 792 2627 nec
813 2590 941 2626 metri-

228 2661 272 2685 ca
286 2649 385 2685 ratio
394 2649 575 2698 inpriore
594 2647 744 2696 syllaba
761 2655 941 2697 correpta

229 2719 467 2757 quemquam
481 2714 611 2743 tenere
624 2703 763 2741 debuit
777 2716 785 2741 :
799 2718 836 2742 v.
851 2717 939 2754 sup.

230 2766 271 2811 1,
294 2777 332 2802 2.
369 2766 468 2803 Sunt
495 2776 623 2814 regna
653 2761 809 2799 Lauinii
832 2775 845 2798 .·
869 2762 940 2799 ita·

985 807 1063 845 que
1097 795 1259 846 scripsi,
1290 804 1336 832 ut
1359 795 1476 834 debet
1503 799 1698 850 scriptum

986 866 1066 889 esse
1095 861 1276 890 veterum
1311 867 1442 902 more,
1471 853 1633 900 Lavim‘,
1654 866 1701 894 ut

986 912 1103 948 etiam
1123 924 1210 961 sup.
1233 913 1276 957 Ι,
1304 912 1384 949 258
1400 940 1411 959 ,
1435 926 1530 961 270.
1552 913 1700 951 Eadem

987 982 1070 1006 non
1093 970 1226 1006 minus
1255 969 1357 1007 bene
1380 984 1507 1022 regna
1536 971 1702 1010 Lavinia

989 1026 1175 1074 dixisset,
1201 1035 1247 1063 ut
1275 1027 1370 1064 alibi
1387 1042 1483 1065 arva
1507 1028 1694 1074 Lavinia,

989 1085 1108 1121 litora
1120 1083 1307 1129 Lavinia,
1329 1088 1402 1133 IV,
1419 1087 1524 1133 2363
1543 1090 1562 1124 I
1575 1115 1585 1133 ‚
1601 1100 1701 1125 2.—

990 1145 1037 1179 In
1059 1156 1186 1195 regna
1211 1140 1375 1188 Lavim‘,
1399 1144 1449 1180 ad
1466 1146 1673 1182 Lavinium
1693 1160 1703 1191 ;

988 1201 1066 1238 hoc
1094 1200 1252 1238 tandem
1275 1201 1525 1240 manifestum
1556 1202 1604 1240 de
1626 1203 1705 1239 adi-

993 1267 1056 1296 tus
1074 1259 1125 1296 ad
1158 1260 1311 1297 Italiam
1335 1260 1426 1297 loco
1455 1261 1702 1298 vaticinium.

990 1340 1048 1346 —
1070 1318 1137 1355 85.
1167 1320 1279 1355 Pone
1309 1317 1415 1355 Izane
1448 1319 1608 1356 Vratisl.
1643 1318 1716 1356 di-'

993 1375 1102 1412 mitte
1113 1374 1220 1412 lzanc
1223 1389 1269 1426 p.
1290 1376 1398 1414 Leid.
1417 1385 1456 1413 et
1474 1390 1535 1427 pr.
1557 1379 1704 1414 Moret.

991 1434 1225 1483 —Reliqua
1244 1436 1395 1486 egregie
1411 1433 1460 1471 ad
1471 1434 1680 1472 horrorem
1693 1462 1704 1480 ‚

990 1493 1136 1543 partim
1153 1505 1288 1528 rerum
1304 1492 1493 1543 exemplis
1509 1501 1548 1529 et
1566 1492 1706 1529 verbo-

992 1564 1082 1587 rum
1120 1559 1288 1596 ornatu,
1326 1552 1470 1600 partim
1506 1563 1707 1601 compara-

993 1610 1102 1646 tione
1129 1621 1222 1645 cum
1244 1607 1365 1646 rebus
1390 1609 1572 1656 Trojanis
1585 1637 1595 1655 ‚
1616 1621 1708 1659 qua-

994 1680 1084 1704 rum
1120 1675 1267 1716 quanta
1299 1667 1358 1703 vis
1394 1665 1444 1703 ad
1466 1669 1598 1704 AEneae
1623 1667 1707 1702 ani-

994 1738 1104 1760 mum
1134 1725 1218 1774 ipsa
1245 1724 1519 1761 recordatione
1541 1736 1622 1760 esse
1640 1722 1707 1760 de-

994 1782 1135 1819 bebat!
1156 1802 1214 1809 —-
1232 1781 1298 1828 87.
1318 1783 1343 1819 J
1346 1794 1408 1818 am
1433 1784 1609 1819 Homero
1636 1780 1708 1818 fre-

996 1847 1182 1889 quentata
1194 1840 1250 1876 rei
1266 1841 1396 1890 imago
1414 1838 1527 1877 Iliad.
1539 1852 1562 1879 η
1577 1867 1587 1886 ,
1611 1840 1708 1889 329.

999 1897 1148 1934 Dorz'ca
1165 1905 1320 1942 castra,
1343 1910 1431 1947 sup.
1457 1898 1497 1932 II
1510 1924 1521 1943 ,
1548 1909 1616 1944 27.
1635 1899 1709 1934 Ea-

998 1952 1088 1990 dem
1107 1954 1374 1992 calamitatum
1399 1955 1516 1992 series
1538 1967 1713 1991 renasce-

999 2019 1078 2048 tur.
1100 2010 1150 2048 cf.
1179 2011 1249 2049 inf.
1274 2014 1338 2058 X,
1360 2012 1413 2049 60
1432 2040 1442 2058 ‚
1465 2012 1516 2049 61
1533 2040 1544 2058 ‚
1564 2012 1634 2050 62.
1655 2014 1711 2049 A·

1001 2068 1076 2105 Iius
1092 2067 1284 2113 Achilles,
1305 2071 1468 2119 Turnus
1483 2070 1653 2107 Veniliae
1668 2068 1711 2106 fi-

998 2127 1076 2163 lius
1088 2125 1115 2164 f.
1135 2139 1174 2164 v.
1193 2125 1264 2164 inf.
1284 2129 1337 2172 X,
1354 2127 1418 2174 76.
1438 2129 1520 2166 Nec
1535 2126 1612 2165 hoc
1627 2128 1711 2164 sine

1000 2192 1179 2221 veterum
1209 2184 1416 2234 exemplo,
1436 2198 1475 2222 v.
1515 2198 1550 2222 c.
1571 2186 1708 2235 Eurip.
1766 2202 1767 2209 ¹

1001 2240 1146 2279 Troad.
1167 2241 1265 2288 614,
1279 2242 1362 2279 615
1384 2243 1468 2293 φεῦ·
1489 2243 1572 2293 φεῦ·
1592 2231 1711 2286 Ᾰλλςς

1001 2313 1056 2342 τις
1075 2296 1169 2342 Αἴας
1182 2327 1192 2345 ,
1217 2298 1265 2343 ὡς
1284 2297 1382 2336 ἔοικε
1395 2327 1405 2346 ,
1423 2294 1597 2351 δεύτερος
1621 2303 1714 2337 Παι-

1003 2353 1068 2401 δὸς
1101 2355 1248 2408 πέφῃνε
1279 2359 1359 2399 σῆς.
1388 2355 1493 2393 conf.
1513 2357 1596 2394 Ecl.
1621 2359 1680 2394 IV
1696 2387 1708 2403 ,

1007 2416 1058 2453 36
1079 2415 1184 2452 alter
1197 2414 1272 2451 erit
1286 2423 1367 2450 cum
1389 2411 1714 2466 Tiphys—atque

1006 2473 1145 2510 iterum
1165 2472 1224 2508 ad
1246 2470 1405 2522 Trojam
1436 2483 1604 2523 magnus
1624 2474 1714 2510 mit-

1006 2538 1109 2567 tetur
1158 2526 1337 2565 Achilles
1350 2556 1360 2573 ‚
1400 2529 1515 2566 etiam
1560 2531 1604 2567 iu
1650 2544 1714 2569 va·

1005 2587 1156 2624 ticinio.
1176 2587 1260 2623 Nec
1288 2586 1401 2623 aliter
1422 2588 1465 2623 in
1491 2587 1715 2638 praedictio-

1006 2644 1125 2681 nibus
1160 2651 1298 2680 vatum
1329 2644 1617 2682 Hebraicorum
1635 2648 1716 2684 Da-

1007 2701 1116 2738 vides
1152 2709 1191 2738 et
1219 2701 1283 2738 alii
1319 2702 1462 2740 iterum
1493 2704 1716 2742 excitantur

1008 2767 1196 2810 tanquam
1222 2757 1397 2798 reduces.
