1767 3054
691 153 843 191 LIBER
876 151 949 189 Vl.

1496 161 1568 195 113

66 228 300 276 Faucibus
322 223 569 274 effundens
593 237 765 283 supera
787 222 845 268 ad
866 237 1077 268 convexa
1101 221 1305 282 screbat3

67 303 226 351 'L'ndc
250 305 404 350 locum
429 299 564 347 Graii
585 298 808 344 dixerunt
829 297 1020 343 nominc
1046 299 1282 345 Aor11011.*

68 383 286 437 Quatuor
310 375 389 421 hic
412 374 619 437 primum
644 374 874 436 nigrantis
901 383 1032 434 terga
1049 375 1280 435 juvencos

66 452 343 509 Constituit,
366 451 605 512 frontique
628 450 831 512 invergit
851 449 962 494 vina
986 449 1229 507 saccrdos3

67 531 148 585 Et,
173 541 376 574 summas
401 541 599 588 carpens
622 525 775 571 media
797 525 919 569 inter
941 539 1121 569 cornua
1145 533 1292 581 setas,
1508 537 1567 572 2⁴3

67 602 261 665 Ignibus
283 602 471 666 inponit
493 601 661 658 sacris,
682 600 906 648 libamina
930 599 1107 662 prima,

63 679 191 722 Voce
211 692 385 722 vocans
413 680 646 733 Hecaten,
669 676 892 736 Coeloque
915 673 1168 735 Ereboque
1193 685 1448 735 potentem.

65 755 352 814 Supponunt
378 753 456 797 alii
482 752 683 807 cultros,
706 749 1015 812 tepidumque
1036 765 1256 795 cruorem

64 826 338 888 Suscipiunt
365 827 555 888 pateris.
583 830 691 887 Ipse
717 825 807 870 atri
827 824 1012 870 velleris
1039 839 1207 885 agnam

63 903 232 946 AEneas
256 901 395 945 matri
416 900 730 946 Eumenidum
756 915 1030 961 magnaeque
1051 898 1206 944 sorori
1509 911 1567 940 230

64 977 186 1021 Ense
214 974 344 1032 serit,
365 975 667 1035 sterilemque
689 973 800 1031 tibi,
822 973 1127 1033 Proserpina,
1150 988 1355 1018 vaccam.

62 1129 252 1180 Apollon.
281 1131 362 1173 lv,
399 1130 478 1164 601
524 1142 582 1176 sq.
600 1148 659 1155 —--
679 1136 775 1170 242.

62 1189 210 1224 Totum
231 1198 388 1224 versum
417 1184 467 1220 ab
490 1185 563 1220 alia
581 1197 700 1220 manu
720 1185 778 1220 iu-

61 1252 211 1280 sertum
233 1243 391 1281 credere
421 1242 475 1278 fas
499 1250 578 1286 est,
605 1250 709 1278 certe
729 1242 777 1278 ab

62 1303 174 1351 epica
225 1303 378 1339 ratione
433 1300 606 1336 alienum
631 1313 641 1345 ;
681 1301 778 1346 ejec-

63 1368 124 1396 tus
142 1372 302 1408 qnoque
319 1366 377 1395 est
401 1370 421 1394 a
438 1359 523 1394 viro
540 1356 659 1394 docto
673 1385 683 1402 ‚
708 1359 778 1407 qui

62 1416 276 1453 editionem
315 1419 564 1453 Parmensem
607 1417 775 1452 curavit.

60 1476 98 1512 A
110 1474 247 1524 fragm.
259 1475 384 1510 Vatic.
400 1473 515 1527 plane
528 1472 650 1517 abest,
661 1474 776 1509 etiam

60 1532 110 1569 ab
130 1531 235 1577 aliis,
254 1531 310 1568 sic
327 1543 348 1567 a
367 1530 493 1568 Goth.
511 1539 598 1568 tert.
621 1533 669 1567 In
692 1532 777 1567 Me-

61 1589 175 1627 diceo
205 1589 369 1640 aliisque
394 1587 737 1639 praestantioribus
755 1602 778 1626 a

61 1649 210 1685 recenti
228 1660 350 1684 manu
369 1646 604 1697 adscriptus.
625 1647 777 1684 Pierius

61 1706 254 1743 tamenin
277 1705 358 1742 suis
378 1704 496 1742 codd.
519 1717 602 1742 non
625 1703 776 1742 deside-

60 1764 162 1800 ravit
180 1776 338 1800 versum
351 1791 362 1809 ‚
383 1777 457 1800 nec
469 1765 511 1800 in
524 1765 706 1800 Romano
722 1764 777 1799 vi-

61 1821 178 1857 detur
212 1819 263 1857 ab
286 1820 359 1857 alia
394 1821 612 1870 adscriptus
630 1848 640 1866 ,
664 1820 733 1857 sed
754 1834 775 1858 a

60 1879 188 1928 prima
205 1879 335 1914 statim
352 1891 473 1914 manu
488 1879 702 1927 profectus.
716 1881 778 1916 Sa-

64 1936 111 1972 tis
133 1943 244 1971 vetus
263 1935 396 1984 itaque
429 1935 512 1981 ejus
539 1937 773 1983 auctoritas,

60 2001 107 2029 ut
124 1991 225 2029 forte
245 2004 266 2028 e
286 1993 485 2029 Prisciano
503 1993 686 2043 Dionysii
704 1996 774 2030 Pe-

62 2051 233 2101 riegesin
258 2063 296 2086 v,
337 2057 443 2100 1149
476 2048 612 2086 iisdem
645 2050 776 2086 verbis

59 2109 344 2158 interpretante
363 2106 558 2144 confictus
583 2107 649 2144 ille
673 2106 778 2144 vide-

61 2166 95 2201 ri
117 2166 254 2215 possit.

122 2223 203 2267 243
224 2235 308 2273 sqq.
337 2224 460 2261 Totus
495 2223 560 2259 hic
594 2221 777 2260 sacrificii

61 2279 137 2317 diis
154 2280 290 2317 inferis
321 2281 411 2317 facti
435 2289 642 2332 apparatus
672 2280 778 2331 apud

59 2337 195 2388 plures
237 2347 372 2389 poetas
399 2340 592 2381 occurrit,
632 2338 776 2375 ductus

63 2407 114 2432 ex
149 2397 314 2433 Homeri
353 2396 536 2447 pluribus
570 2396 668 2433 locis
682 2425 692 2443 ,
716 2398 775 2433 in-

61 2453 199 2502 primis
232 2454 377 2505 odyss,
414 2467 461 2500 κ,
496 2456 601 2501 5173
629 2458 675 2500 λ,
706 2454 773 2491 25.

62 2509 258 2562 Invergic,
294 2512 509 2564 elegantius
543 2525 688 2562 quam,
717 2513 774 2548 in-

64 2565 219 2614 fundit3
246 2568 347 2606 nihil
385 2570 566 2620 amplius,
598 2572 654 2607 Et
676 2582 774 2605 sum-

65 2635 150 2661 mas
171 2639 336 2677 carpens
347 2641 364 2672 ;
382 2629 554 2678 pertinet
574 2627 622 2664 ad
634 2630 776 2665 Home-

65 2680 221 2723 ricum:
253 2673 345 2722 Ᾰλλ’
378 2682 422 2731 ὅ,
449 2688 484 2722 τ’
505 2682 776 2753 ἀπαρχόμενος

67 2742 237 2788 κεφαλῆς
270 2739 404 2795 τρίχας
438 2741 473 2780 ἐν
512 2755 604 2796 ‘nupt
639 2741 773 2791 βάλλε.

66 2794 156 2832 Jam
178 2796 281 2836 inter
310 2800 479 2839 victimae
513 2802 775 2840 consecratio-

848 1141 957 1172 nem,
980 1140 1068 1176 qua¹
1085 1126 1131 1163 fit
1150 1129 1244 1163 vino
1269 1129 1311 1164 in
1334 1137 1452 1178 caput
1470 1128 1566 1165 liba-

846 1194 907 1229 to,
930 1194 969 1221 et
995 1185 1099 1234 pilo,
1124 1193 1309 1234 tanquam
1340 1199 1413 1235 pro
1435 1183 1563 1238 ἀπαιρ-

845 1242 957 1291 χαῖς,
983 1242 1121 1278 evulso
1153 1250 1190 1278 et
1215 1252 1411 1288 cremato‚
1437 1245 1566 1281 conci-

844 1301 1014 1350 piuntur
1041 1313 1191 1349 preces.
1218 1314 1255 1337 v.
1289 1314 1322 1337 c.
1345 1300 1491 1352 OdysS.
1513 1315 1539 1355 γ
1554 1331 1564 1348 ,

847 1358 942 1403 445,
967 1357 1062 1401 446.
1084 1359 1222 1408 Itaque
1237 1356 1315 1394 hoc
1332 1358 1423 1395 loco
1443 1359 1564 1407 subji-

845 1417 947 1452 citur
964 1428 977 1451 .·
1014 1417 1119 1451 Voce
1164 1428 1317 1452 vocans
1363 1416 1559 1454 Hecaten.

845 1472 942 1510 Inde
965 1474 1203 1523 Supponunt
1227 1474 1370 1510 cultros
1400 1488 1450 1510 ex
1477 1474 1564 1512 reli-

844 1533 961 1583 gione
979 1532 1022 1566 in
1045 1532 1163 1568 sacris
1182 1531 1317 1568 inferis
1337 1533 1563 1578 notissima:

844 1598 889 1626 ut
924 1601 1051 1640 prona
1085 1598 1123 1626 et
1153 1602 1300 1626 cernua
1326 1599 1566 1629 mactaretur

844 1648 1008 1684 victima
1046 1647 1120 1684 diis
1146 1647 1295 1685 inferis.
1317 1649 1418 1685 Mox
1447 1651 1568 1687 susci·

835 1704 957 1755 piune
973 1708 1166 1756 Pompon.
1192 1705 1281 1743 Sab.
1319 1723 1338 1737 «
1352 1707 1562 1757 antiquum

843 1763 1012 1801 verbum
1052 1772 1132 1810 est;
1164 1781 1182 1795 n
1213 1764 1363 1801 scilicet
1393 1778 1468 1814 pro
1498 1779 1566 1803 ex-

843 1821 996 1872 cipiunt
1012 1821 1180 1873 vulgari,
1203 1823 1265 1859 Sic
1287 1823 1306 1858 I
1333 1823 1410 1870 175
1432 1825 1564 1862 Susce-

836 1879 977 1930 pitque
993 1879 1122 1930 ignem
1131 1878 1252 1930 filiis
1267 1893 1341 1930 pro
1361 1883 1532 1931 excepit.

905 1937 1168 1985 249—251.
1210 1939 1344 1973 Mater
1377 1939 1563 1975 Eumeni-

843 1994 936 2030 dum
972 1994 1095 2044 Nox(
1114 1994 1185 2031 inf.
1214 1996 1294 2033 XII
1309 2022 1318 2040 ‚
1352 1995 1460 2040 8463
1483 1998 1564 2033 AEs-

844 2052 951 2102 ch5l.
984 2053 1151 2089 Eumen.
1189 2051 1319 2101 322),
1355 2061 1393 2089 et
1423 2053 1563 2092 Noctis

844 2123 975 2154 soror,
1007 2112 1152 2156 Terra,
1189 2119 1233 2147 ut
1261 2111 1421 2148 Servius
1447 2119 1561 2148 nota-

843 2169 924 2214 vit3
946 2166 1122 2219 adeoque
1148 2181 1198 2204 ex
1235 2168 1368 2213 Chao;
1398 2167 1562 2220 theogo-

844 2227 908 2262 nia
933 2225 981 2261 ab
1000 2225 1194 2263 Hesiodea
1227 2234 1265 2262 et
1290 2225 1559 2276 Apollodorea

843 2285 987 2334 partim
1010 2282 1184 2328 diversa,
1205 2284 1348 2333 partim
1369 2296 1558 2334 congrua.

844 2341 938 2378 Alio
972 2340 1091 2377 modo
1125 2342 1278 2377 variant
1318 2339 1396 2378 alii.
1434 2342 1559 2392 Apud

843 2399 974 2436 Valer.
997 2398 1054 2436 Fl.
1074 2399 1113 2444 Ι,
1135 2398 1215 2447 796
1246 2406 1337 2448 post
1364 2399 1492 2436 Dicen
1524 2414 1554 2439 s.

842 2457 1063 2502 Justitiam,
1098 2457 1338 2493 invocantur
1376 2456 1559 2494 Ultrices-

842 2527 918 2564 que
937 2513 1045 2558 dece,
1084 2515 1240 2564 Fasque
1271 2522 1311 2550 et
1333 2515 1558 2594 grendaeva

842 2573 1030 2608 Furorum
1076 2573 1204 2608 Poena
1234 2583 1384 2622 parens
1411 2599 1421 2609 .
1463 2582 1557 2612 sunt

843 2627 941 2665 adeo
971 2629 1177 2667 Furiarum
1206 2637 1387 2680 parentes
1419 2631 1497 2668 Fas
1520 2640 1559 2669 et

844 2689 980 2724 Poena.
994 2687 1092 2737 Ipsis
1104 2686 1390 2725 Eumenidibus
1402 2700 1557 2727 sacrum

842 2744 934 2780 facit
963 2746 1094 2795 Scipio
1119 2745 1209 2783 loco
1240 2745 1334 2782 hinc
1369 2759 1554 2797 expresso

843 2801 927 2840 Silii
950 2804 1011 2850 X,
1040 2809 1120 2854 429
1150 2816 1234 2855 sqq.
1256 2803 1437 2841 Sterilem
1456 2816 1554 2841 ναε-

1277 2881 1356 2937 1οῘ
