1767 3054
194 176 274 214 330

819 171 1063 211 AENEIDOS

193 241 492 300 Praecedunt‚
517 256 820 309 gressumque
844 259 982 290 canes
1006 241 1289 289 comitantur
1311 240 1522 291 herilem.

196 317 409 381 Hospitis
429 319 588 363 AEneae
613 317 772 364 sedem
797 328 843 363 et
865 329 1045 364 secreta
1067 317 1282 381 petebat,

200 398 482 441 Sermonum
506 409 688 439 memor
708 404 754 438 et
776 392 994 454 promissi
1017 394 1246 452 muneris,
1267 393 1424 441 heros.

197 470 298 514 Nec
322 467 474 512 minus
495 469 664 512 AEneas
688 481 737 512 se
761 465 1017 512 matutinus
1038 466 1207 529 agebat
1233 485 1243 512 :

1625 477 1688 511 465

203 543 349 590 Filius
373 542 484 588 huic
506 543 678 600 Pallas,
705 542 773 588 illi
797 557 952 588 comes
975 541 1075 587 ibat
1097 543 1315 590 Achates.

205 616 453 677 Congressi
470 616 678 678 jungunt
702 615 912 673 dextras,
939 614 1201 677 mediisque
1224 616 1437 663 residunt

204 688 428 745 AEd'ihus,
451 700 499 735 et
522 690 652 737 licito
677 689 867 738 tandem
889 704 1105 737 sermone
1129 690 1364 736 fruuntur.

204 766 308 809 Rex
331 762 465 825 prior
487 763 589 811 haec
615 783 625 810 :

208 857 226 877 «
252 839 477 882 Maxume
501 839 795 883 Teucrorum
820 838 1011 896 ductor,
1036 853 1130 900 quo
1154 836 1331 900 sospite
1348 850 1604 900 numquam
1635 850 1695 888 πο

206 913 300 955 Res
324 909 544 971 equidem
565 911 718 974 Trojae
740 912 889 958 victas
914 922 995 958 aut
1021 928 1166 974 regna
1190 910 1400 968 fatebor,

207 983 358 1030 Nobis
381 983 441 1029 ad
463 984 576 1030 belli
599 986 829 1030 auxilium
849 1003 938 1047 pro
960 986 1150 1031 nomine
1174 996 1305 1030 tanto

210 1056 405 1118 Exiguae
425 1057 550 1102 vires
576 1073 587 1100 :
613 1056 724 1102 hinc
748 1061 903 1104 Tusco
926 1057 1190 1104 claudimur
1211 1056 1357 1115 amni;

212 1244 303 1283 alias
321 1256 330 1283 :
352 1244 472 1283 modo
489 1258 573 1283 non
593 1245 641 1282 ab
657 1244 802 1283 humili
821 1253 927 1283 tecto

211 1317 251 1341 v.
291 1303 371 1347 455
404 1315 513 1340 nunc
553 1316 782 1354 progressus
813 1312 925 1342 esset.

214 1359 339 1410 Apud
375 1359 558 1398 Macrob.
585 1363 637 1407 V,
660 1361 682 1397 8
721 1362 765 1398 in
790 1361 926 1408 libris,

215 1417 354 1455 limine
375 1418 417 1455 in
438 1417 521 1468 ipso
540 1417 721 1456 habetur.
740 1418 930 1456 -Limi-

216 1489 267 1512 ne
288 1474 338 1511 ab
363 1475 467 1521 alto,
487 1484 682 1526 perpetuo
705 1484 743 1513 et
762 1477 927 1526 proprio

213 1532 364 1569 liminis
403 1533 601 1582 epithet03
646 1545 738 1569 nam
780 1534 930 1583 alioqui

215 1589 390 1626 alienum
408 1598 489 1626 erat
507 1602 526 1625 a
538 1601 622 1626 casa
642 1591 783 1640 exigua
801 1590 924 1626 altum

213 1646 350 1684 limen.
368 1668 425 1674 -—-
444 1647 539 1690 462.
554 1647 791 1683 Proecedunt
804 1649 922 1684 Rom.

213 1703 360 1742 Medic.
382 1704 510 1741 Colot.
525 1705 681 1750 Ursini,
701 1712 740 1740 et
756 1703 820 1740 alii
830 1703 925 1740 libri

213 1762 505 1811 praestantiores
515 1788 526 1807 ,
541 1768 579 1797 et
591 1761 645 1798 sic
656 1769 805 1798 veteres
818 1760 922 1808 edd.‚

215 1817 345 1855 donec
372 1826 569 1854 mutatum
598 1819 642 1855 in
664 1818 760 1855 Ald.
788 1819 923 1865 tertia,

214 1882 254 1911 et
272 1874 366 1913 hinc
385 1877 428 1912 in
452 1874 585 1925 Steph.
605 1883 644 1912 et
655 1874 703 1912 al.
726 1877 771 1912 in
784 1887 926 1924 proee-

216 1931 318 1968 dunc
329 1961 339 1978 ‚
358 1931 467 1982 quod
480 1933 617 1970 Heins.
629 1933 672 1969 in
684 1941 793 1983 parte
806 1931 924 1971 codd.

216 1998 419 2038 repertum
440 1990 637 2039 praetulit,
674 2002 809 2026 caussa
838 1990 928 2040 qui-

215 2046 307 2083 dem
341 2059 484 2096 parum
518 2046 725 2085 commode
750 2048 929 2097 interpo-

216 2104 288 2141 sita
302 2115 312 2141 ε
330 2104 363 2140 si
375 2104 671 2151 comitarentur,
684 2117 769 2141 non
777 2104 928 2153 potuis-

217 2174 259 2198 se
282 2173 395 2197 canes
418 2160 653 2210 praecedere.
671 2162 835 2199 Dictum
852 2160 930 2198 hoc.

218 2226 324 2255 recte
344 2217 544 2268 improbat
560 2220 836 2265 Burmannus3
860 2220 930 2255 im-

218 2275 384 2324 probam
428 2282 560 2312 tamen
595 2274 808 2313 lectionem
846 2288 930 2313 non

220 2333 411 2377 mutavit3
434 2331 475 2367 id
492 2331 601 2381 qnod
626 2345 736 2369 nunc
764 2333 929 2370 fecimus

220 2400 312 2424 cum
329 2387 546 2426 Brunckio.
569 2389 829 2439 Gressumque
849 2389 932 2426 viri

220 2444 371 2481 Zulich.
391 2457 409 2480 a
429 2458 482 2482 m.
508 2458 585 2483 sec.
599 2473 610 2491 ‚
638 2447 931 2496 interpolatrice

219 2502 384 2550 pessima
408 2515 651 2553 gressusque.
665 2525 721 2532 —-
734 2505 833 2548 463.
857 2505 926 2541 Se-

219 2567 366 2594 cretum
386 2571 399 2593 .·
423 2567 573 2608 partem
596 2560 739 2597 aedium
762 2561 927 2599 interio-

219 2627 326 2660 rem,
356 2613 404 2650 ad
433 2629 552 2665 quam
582 2618 746 2654 AEneam
773 2619 927 2669 vesperi

218 2670 453 2709 deduxerat.
485 2673 628 2724 Georg.
660 2675 733 2720 IV,
760 2676 839 2719 403
873 2676 921 2712 In

216 2737 366 2766 secreta
393 2729 496 2766 senis
519 2729 676 2767 ducam.
700 2733 804 2769 Tum
823 2745 918 2782 pro-

216 2785 327 2822 missi
343 2786 514 2824 muneris
532 2786 620 2824 vide
637 2800 674 2825 v.
698 2800 714 2824 1
726 2801 775 2836 70
790 2817 799 2835 ,
825 2803 869 2837 17
882 2803 917 2827 1.

992 1266 1050 1275 —
1064 1245 1160 1290 465.
1185 1246 1242 1284 Ut
1260 1242 1401 1299 ὄρθριος
1428 1240 1532 1287 ἥκων
1547 1272 1558 1292 ,
1587 1242 1698 1283 ἑσπέ-

994 1316 1069 1356 ριῡς
1092 1298 1223 1349 ἦλθενς
1248 1311 1286 1340 et
1304 1303 1390 1341 alia.
1412 1302 1602 1353 Exempla
1619 1303 1701 1340 coI-

993 1361 1080 1412 ligit
1117 1359 1255 1399 Cerda.
1296 1359 1428 1398 Guell.
1457 1362 1591 1412 Agere
1631 1373 1672 1397 se
1690 1389 1700 1406 ‚

993 1431 1154 1456 movere
1173 1431 1213 1455 se
1226 1446 1237 1465 ,
1258 1419 1341 1469 agi,
1362 1418 1474 1464 ferri,
1499 1429 1574 1468 pro
1594 1418 1702 1455 ince-

995 1476 1102 1513 dere.
1119 1478 1182 1514 Sic
1195 1474 1319 1528 φέρειν
1338 1474 1486 1522 ἑαυτὸν,
1505 1473 1698 1528 φέρεσθαι.

994 1533 1072 1571 Inf.
1097 1534 1178 1580 IX,
1211 1533 1295 1583 696
1319 1532 1351 1570 is
1370 1533 1475 1571 enim
1492 1531 1701 1582 septimus

994 1590 1153 1641 agebat.
1187 1592 1248 1627 Ita
1271 1603 1368 1628 mox
1393 1604 1433 1628 v.
1456 1597 1534 1637 477
1562 1587 1639 1625 huc
1664 1598 1702 1626 te

991 1645 1126 1697 affers,
1146 1668 1203 1676 --
1224 1647 1320 1693 467.
1344 1646 1490 1684 Mediis
1519 1645 1668 1683 cedibus
1689 1660 1700 1681 .·

991 1705 1106 1740 etiam
1142 1703 1219 1741 hoc
1255 1703 1306 1741 ad
1345 1703 1514 1741 formam
1557 1703 1700 1740 aedium

991 1760 1143 1798 heroici
1170 1763 1267 1808 aevi,
1291 1769 1337 1798 ut
1359 1774 1410 1798 ex
1432 1761 1598 1798 Homeri
1619 1761 1699 1798 lec-

991 1819 1100 1855 tione
1119 1827 1296 1855 constare
1315 1826 1468 1868 potest3
1489 1819 1534 1854 in
1553 1817 1701 1868 quibus

994 1888 1015 1912 e
1049 1875 1246 1912 vestibulo
1277 1876 1547 1912 introeuntem
1582 1870 1701 1927 δόμος

994 1931 1086 1982 (pro
1104 1945 1152 1969 eo
1168 1935 1440 1970 Romanorum
1455 1931 1597 1969 atrium
1609 1931 1701 1982 fnit)

993 1989 1216 2040 excipiebat
1241 2003 1312 2040 per
1330 1997 1431 2026 totas
1450 1988 1552 2026 aedes
1565 1997 1703 2040 patens

995 2046 1107 2098 (fere
1137 2046 1263 2097 qualis
1286 2055 1344 2085 est
1369 2054 1600 2084 nostrorum
1627 2046 1700 2084 ho-

994 2105 1148 2140 minum
1180 2101 1367 2154 Dehle);
1390 2098 1434 2140 in
1466 2104 1609 2141 intimo
1639 2117 1700 2140 re-

995 2174 1105 2198 cessu
1134 2160 1246 2198 focus
1275 2174 1368 2199 oum
1397 2159 1636 2210 Renatibus:
1662 2175 1699 2197 v.

996 2218 1068 2256 inf.
1093 2218 1189 2263 541.

1056 2282 1104 2323 47
1115 2289 1152 2313 2.
1172 2278 1251 2313 Ρνο
1273 2273 1433 2312 nomine
1451 2282 1563 2311 tanto
1580 2287 1594 2310 .·
1616 2286 1700 2311 non

994 2332 1112 2370 video
1128 2361 1138 2380 ,
1156 2345 1274 2382 quam
1289 2330 1495 2369 commoda
1509 2333 1701 2368 sententia

995 2392 1067 2437 sit,
1084 2392 1118 2427 si
1130 2391 1393 2438 Trojanorum
1404 2388 1469 2425 vel
1478 2389 1611 2426 AEneae
1626 2401 1699 2426 no-

995 2460 1088 2485 men
1110 2455 1150 2485 et
1171 2460 1315 2498 genus,
1344 2445 1409 2482 vel
1431 2444 1532 2481 fama
1560 2445 1701 2483 intelli-

992 2514 1118 2556 gatur.
1129 2505 1255 2544 Satius
1264 2511 1322 2540 est
1331 2501 1381 2539 ad
1391 2500 1565 2539 Evandri
1578 2510 1617 2539 et
1627 2504 1701 2540 Ar-

994 2562 1134 2599 cadum
1149 2572 1296 2599 nomen
1312 2558 1475 2603 referre,
1492 2571 1566 2609 pro
1584 2559 1696 2606 fama,

992 2631 1080 2669 quae
1104 2626 1142 2655 te
1162 2617 1213 2654 ad
1239 2629 1312 2654 nos
1330 2615 1514 2662 adduxit3
1537 2623 1575 2653 et
1595 2615 1693 2663 hoc,

985 2675 1199 2726 probatum
1208 2686 1367 2724 quoque
1379 2674 1465 2711 viro
1473 2672 1604 2721 docto,
1614 2676 1696 2712 Me-

982 2734 1170 2780 jerrotto,
1187 2743 1297 2768 nunc
1311 2730 1494 2781 praefero,
1510 2739 1695 2782 tanquam

984 2789 1326 2841 simplicissimum.
1350 2790 1478 2826 Antea
1508 2789 1565 2825 sic
1592 2791 1690 2826 aoei-
