1767 3054
644 117 797 154 LIBER
827 117 920 154 VII.

37 196 223 251 Litora,
248 191 434 257 pinguis
456 187 540 234 ubi
564 198 611 233 et
635 186 880 250 placabilis
905 202 986 232 ara
1009 186 1188 234 Dianae.

38 273 253 331 Namque
268 268 423 314 ferunt
444 266 566 310 fama
585 264 921 326 Hippolytum,
940 274 1190 326 postquam
1205 274 1305 310 arte
1322 281 1537 313 novercae

40 343 302 400 Occiderit,
324 342 595 404 patriasque
617 341 820 403 explerit
844 339 1069 402 sanguine
1095 356 1254 402 poenas
1480 357 1539 394 μω

38 417 260 464 Tui-batis
284 416 537 462 distractus
559 417 716 478 equis,
742 415 801 461 ad
826 413 981 460 sidera
1004 430 1168 461 rursus

0 500 1 516 ¹
39 492 273 550 AEtheria,
294 503 340 538 et
361 508 556 554 superas
580 492 685 538 coeli
706 491 888 537 venisse
907 489 997 537 sub
1022 506 1183 548 auras,

0 594 1 615 ;
38 566 219 616 Paeonis
239 580 514 614 revocatum
535 567 696 614 herbis
720 578 766 613 et
788 582 948 613 amore
967 567 1146 613 Dianae.

0 690 1 693 ,
38 647 160 692 Tum
184 648 324 691 Pater
344 645 665 706 omnipotens,
686 644 890 705 aliquem
909 642 1179 705 indignatus
1200 642 1260 689 ab
1283 643 1462 691 umbris
1482 667 1541 696 77³

0 758 1 762 ,
39 721 294 767 Mortalem
318 720 513 766 infernis
543 721 602 766 ad
623 720 801 766 lumina
825 734 1018 782 surgere
1037 718 1168 777 vitae,

41 798 150 856 Ipse
175 805 469 857 repertorem
490 794 735 840 medicinae
762 794 863 840 talis
887 805 933 839 et
956 793 1069 841 artis

42 869 257 915 Fulmine
277 868 614 930 Phoebigenam
635 868 820 931 Stygias
845 868 1046 914 detrusit
1068 868 1117 914 in
1140 869 1304 916 undas.

44 947 107 989 At
129 944 292 989 Trivia
313 943 627 1006 Hippolytum
651 945 840 990 secretis
866 944 987 990 alma
1010 944 1223 991 recondit

44 1016 270 1074 Sedibus,
295 1028 342 1063 et
364 1017 586 1080 nymphae
611 1020 792 1081 Egeriae
816 1019 1094 1080 nemorique
1116 1019 1314 1080 relegat3

47 1226 108 1250 nae
122 1242 132 1258 ,
162 1226 232 1250 seu
252 1214 458 1264 templum.
480 1215 672 1251 Diversus
694 1215 761 1251 ille

49 1285 71 1306 a
89 1272 178 1308 lacu
202 1271 374 1309 Albano.
396 1294 454 1300 —
483 1273 577 1319 764.
606 1275 763 1324 Ingrata

50 1338 145 1366 sunt
174 1342 264 1379 quae
287 1329 353 1365 hie
380 1330 622 1380 copulantur
645 1330 763 1380 :pin-

46 1386 137 1437 guis
155 1396 196 1424 et
215 1385 430 1437 placabilis
454 1401 543 1425 ara.
567 1388 710 1425 Saltem
727 1396 767 1424 ec

49 1444 227 1482 deletum
244 1445 378 1481 malim
397 1457 406 1482 ε
420 1445 584 1497 pinguis
601 1446 766 1495 abipla-

51 1502 192 1540 cubilis
210 1516 285 1539 ara
309 1502 458 1540 Dianae
470 1518 487 1547 ,·
507 1505 564 1540 sic
584 1516 659 1539 ara
670 1503 765 1553 pin-

46 1560 136 1611 guis
162 1568 220 1598 est
242 1560 392 1598 Dianae
415 1574 523 1598 nunc
537 1560 764 1610 placabilis.

51 1618 263 1656 Cluverius
296 1619 339 1655 in
373 1619 459 1657 Ital.
496 1628 576 1658 ant.
607 1633 646 1670 p.
682 1621 766 1669 934

48 1675 146 1727 legit
154 1675 320 1728 pinguis
331 1676 398 1712 ubi
412 1676 678 1727 implacabilis
693 1690 768 1714 ara

54 1733 216 1778 Dianae,
234 1735 297 1771 uti
311 1734 502 1773 immitem
521 1735 624 1773 dixit
635 1735 766 1774 Silius.

54 1813 113 1820 —
144 1791 218 1828 Ubi
248 1805 323 1829 ara
354 1794 505 1831 Dianae
536 1793 701 1845 pinguis
731 1803 772 1830 et

50 1848 290 1899 placabili53
316 1851 508 1900 templum
527 1852 665 1888 Dianae
684 1853 770 1888 Ari-

58 1908 180 1952 cinae3
216 1920 290 1943 ara
311 1907 478 1958 pinguis
508 1909 677 1945 victimis
697 1921 769 1945 cae-

58 1966 132 2010 sis,
155 1973 194 2000 et
207 1964 444 2014 placabilis,
478 1979 552 2015 pro
576 1965 658 2002 deae
689 1967 771 2016 pla-

60 2022 211 2060 cabilis.
229 2021 372 2060 Scabra
392 2025 532 2061 oratio.
553 2045 611 2052 -—
634 2024 774 2070 765—-

64 2081 159 2129 769‚
177 2082 278 2117 Arte
297 2093 496 2126 novercae,
521 2080 636 2126 dolo,
656 2080 774 2132 τέχνῇ

63 2137 250 2177 Phaedrae.
282 2139 471 2188 Expleric
486 2138 683 2191 sanguine
692 2152 777 2188 pce-

63 2210 151 2241 uas,
174 2209 278 2233 nove
294 2195 396 2234 dixit
417 2205 462 2233 ut
483 2197 698 2243 exsolvere,
713 2210 777 2233 ex-

63 2254 222 2291 haurire
237 2282 246 2300 ,
267 2253 359 2290 dare
371 2282 382 2300 ,
401 2264 595 2304 quantum
612 2256 777 2304 impera-

65 2321 152 2350 tum
171 2320 229 2348 est
243 2340 253 2358 ,
274 2321 402 2348 morte
437 2312 558 2350 luere.
600 2311 778 2349 Turbatis

65 2383 141 2420 pro
153 2371 426 2407 consternatis.
442 2370 513 2407 Ad
520 2370 780 2406 sidera—ve-

69 2427 173 2464 nisse
191 2427 260 2464 sub
278 2440 398 2463 auras
412 2456 422 2474 ‚
457 2436 593 2465 ornate
623 2442 696 2479 pro
720 2441 781 2464 re-

69 2486 227 2523 vixisse.
246 2506 303 2513 —
322 2486 418 2535 769.
431 2486 574 2536 Vulgg.
597 2485 781 2530 Paoniis,

70 2541 179 2593 quod
189 2551 361 2593 quatuor
377 2543 537 2594 syllabis
555 2552 681 2594 poetae
699 2557 785 2594 pro-

71 2599 209 2638 batum
223 2613 305 2638 esse
320 2613 405 2638 non
419 2603 553 2652 potuit
572 2614 581 2640 :
603 2616 622 2638 a
640 2600 786 2647 Παιὼν,

74 2657 185 2708 quod
223 2658 422 2710 Apollinis
464 2672 685 2711 cognomen
729 2668 788 2697 est

75 2713 302 2765 (deflexum
324 2729 486 2768 quoque
504 2720 548 2755 in
567 2715 723 2758 Παιήων
740 2747 750 2765 ,
768 2731 788 2755 e

74 2784 159 2821 quo
189 2771 389 2818 Παιηόνιος
417 2775 524 2826 apud
545 2778 787 2823 Homerum,

278 2841 363 2885 111.

828 1211 991 1252 Παιάων
1016 1214 1056 1264 )‚
1090 1215 1288 1259 Παιῶνες,
1329 1212 1514 1258 Παιώνιες
1533 1244 1545 1259 ,

830 1272 923 1309 duci
943 1271 1106 1317 debuit;
1132 1271 1222 1307 vide
1243 1284 1281 1308 v,
1314 1283 1347 1308 c.
1379 1275 1545 1310 Pausan.

837 1343 853 1366 1
873 1358 883 1375 ‚
917 1337 986 1374 24.
1015 1332 1070 1366 At
1099 1326 1275 1371 Παιάνιος
1300 1328 1349 1365 ad
1377 1327 1546 1373 Παίονας

832 1386 1009 1426 Thraciae
1043 1395 1081 1423 et
1108 1387 1356 1424 Macedonjae
1382 1396 1548 1437 spectat.

833 1444 1096 1483 Scribendum
1117 1441 1302 1489 Paeonii,
1331 1453 1399 1481 aut
1414 1446 1548 1482 saltem

832 1503 1007 1539 Paeoniis
1026 1501 1304 1552 accipiendum
1325 1502 1452 1540 tribus
1472 1504 1552 1554 syl-

832 1559 954 1606 labis,
987 1560 1098 1611 quod
1127 1569 1167 1597 et
1193 1559 1369 1598 Brunck.
1400 1570 1552 1599 monet.

833 1639 890 1647 ——-
914 1617 1091 1655 Paeoniis
1124 1617 1252 1655 herbis
1282 1619 1450 1669 simplic,
1477 1633 1552 1669 pro

833 1675 1146 1723 medicantibus,
1176 1676 1365 1724 medicis,
1398 1691 1419 1714 a
1446 1679 1553 1715 Paeo-

834 1748 885 1772 ne
901 1734 1067 1772 deorum
1086 1734 1242 1772 medico
1255 1763 1265 1782 ,
1288 1735 1484 1785 Apolline.
1504 1735 1552 1773 ΙΙ.

837 1805 874 1839 ε,
898 1800 994 1837 401.
1015 1788 1075 1829 De'
1094 1793 1320 1842 AEsculapio
1343 1792 1483 1830 Phoebi
1500 1793 1526 1830 f.
1541 1821 1551 1837 ,

836 1849 946 1901 quod
962 1850 1148 1886 mortales
1173 1852 1215 1886 in
1239 1852 1357 1886 vitam
1376 1851 1554 1887 restitue-

837 1916 919 1954 rat,
960 1921 980 1944 a
1010 1909 1112 1945 Jove
1139 1907 1307 1944 fulmine
1337 1920 1550 1958 percusso,

839 1965 957 2002 obvia
995 1973 1052 2001 est
1090 1964 1236 2002 fabula.
1274 1967 1400 2002 Locus
1440 1965 1551 2003 class.

840 2022 1025 2072 Apollod.
1047 2024 1129 2068 ΙΙΙ,
1161 2035 1233 2068 ῐο,
1260 2022 1332 2059 ubi
1349 2024 1442 2061 Not.
1464 2035 1553 2074 pag.

844 2079 1086 2127 7013Pind.
1107 2082 1149 2118 P.
1174 2081 1212 2125 3,
1234 2080 1288 2129 96
1307 2094 1366 2130 sq.
1385 2082 1554 2128 —773.

841 2137 1127 2189 Phoebigenam
1155 2146 1261 2174 recte
1286 2139 1367 2186 jam
1393 2138 1486 2176 inde
1505 2139 1556 2176 ab

842 2195 958 2233 Aldd.
1004 2204 1230 2232 constanter
1275 2194 1425 2234 habent
1465 2197 1556 2234 edd.

843 2253 1106 2305 Poenigenam
1134 2254 1295 2291 Servius
1324 2255 1367 2290 in
1399 2268 1472 2292 suo
1493 2254 1560 2292 ha-

843 2310 954 2358 buit,
991 2329 1011 2342 «
1040 2310 1179 2348 matris
1198 2325 1325 2361 poena
1346 2313 1528 2363 genitum
1547 2326 1562 2351 .·

844 2369 909 2405 alii
927 2368 1209 2419 Phoebigenam
1226 2369 1382 2420 legunt,
1407 2380 1453 2408 ut
1471 2374 1562 2409 Pro-

848 2426 937 2465 hus.
963 2444 983 2458 ³>
1013 2426 1134 2464 Addit
1163 2427 1331 2465 Sabinus
1361 2430 1479 2466 etiam
1508 2431 1560 2467 Α-

849 2486 1090 2535 pronianum
1115 2486 1168 2521 ita
1192 2485 1321 2537 legere
1339 2498 1349 2524 :
1366 2486 1475 2537 quod
1492 2489 1562 2524 mi-

851 2556 941 2588 ror3
977 2556 1068 2579 nam
1094 2544 1137 2580 in
1165 2544 1350 2581 Mediceo
1383 2545 1565 2597 I'oent'ge-

853 2614 948 2637 nam
968 2602 1162 2649 occurrit,
1188 2603 1321 2653 inepta
1337 2602 1478 2649 lectio,
1499 2616 1566 2640 ua-

854 2668 892 2696 ta
920 2672 970 2695 ex
1002 2671 1134 2696 errore
1163 2660 1329 2698 calami:
1362 2659 1568 2712 Plzoenige-

855 2730 976 2762 nam;
1017 2715 1126 2768 quod
1162 2719 1205 2756 in
1242 2717 1378 2756 multis
1410 2727 1481 2757 est.
1508 2737 1567 2749 -—

859 2775 954 2824 775.
972 2777 1023 2816 E.
1040 2775 1216 2829 relegat,
1240 2776 1364 2831 legat,
1386 2775 1544 2817 mandat
1557 2803 1570 2830 t

1352 2863 1412 2911 24
