1767 3054
689 102 841 140 LIBER
874 102 944 137 vl.

69 177 280 224 Proscret
301 175 571 238 imperium3
590 173 715 236 jacet
740 183 876 217 extra
898 171 1054 228 sidera
1078 173 1237 228 tellus,

70 255 215 298 Extra
235 251 343 298 anui
361 250 566 309 solisque
588 248 708 306 vias,
730 247 813 294 ubi
833 247 1010 292 coelifer
1031 247 1159 292 Atlas

70 332 220 373 Axem
244 326 442 372 humero
468 334 659 385 torquet
683 323 825 370 stellis
846 321 1122 368 ardentibus
1142 333 1319 383 aptum.

71 403 222 464 Hujus
241 401 289 447 in
313 399 567 446 adventum
585 399 682 462 jam
702 415 827 444 nunc
849 409 895 444 et
915 397 1083 459 Caspia
1105 412 1249 459 regna

70 615 249 659 missam,
269 625 395 663 quum
415 614 458 650 iu
481 615 593 663 Syria
616 626 787 650 versare-

72 679 160 714 tur,
194 684 231 708 v.
255 671 438 708 strabon.
461 672 554 717 XV,
579 684 617 720 p.
641 683 659 718 7
674 684 721 720 19
743 671 786 709 C.

73 730 124 765 D.
154 727 253 764 adde
282 729 402 765 Dion.
430 730 544 773 LIV,
567 742 607 777 p.
632 742 671 777 9.
696 730 790 766 Loci

71 786 334 822 imitationem
357 786 436 832 jam
466 786 699 835 interpretes
719 799 791 823 uo-

76 851 211 879 taruut
238 843 281 878 in
308 842 405 880 Silio
426 844 549 887 VIII,
577 849 657 891 409
682 856 789 893 seqq.

74 899 122 936 de
143 900 346 937 Ciceronis
363 898 495 936 laude.
514 901 538 936 J
542 912 603 935 am
622 899 792 937 debehat

77 957 189 1006 sequi
217 969 226 994 ε
247 955 426 1006 proferet
465 955 794 1005 imperium—ec

75 1027 193 1063 super
209 1027 298 1050 eam
319 1022 476 1057 terram,
494 1026 584 1062 quae
599 1013 710 1062 jacet
725 1028 792 1050 ex-

77 1081 140 1107 tra
168 1084 199 1108 s.
231 1070 307 1109 Sed
341 1071 514 1107 inversio
536 1070 634 1107 facta
653 1071 793 1108 enthu-

77 1129 264 1165 siasmum
294 1127 468 1175 adjuvat.
502 1130 549 1164 In
578 1141 685 1177 seqq.
704 1141 793 1164 aus-

79 1185 193 1222 trales
231 1185 380 1222 Africae
421 1185 553 1235 plagas
597 1184 792 1236 designari

77 1241 325 1279 manifestum
341 1250 423 1286 est·,
446 1241 512 1278 sed
531 1255 590 1278 res
610 1241 657 1279 ad
682 1255 793 1295 τερα-

78 1295 200 1343 τῶδες
225 1299 392 1336 deflexa.
413 1299 515 1335 Solis
534 1299 617 1336 ‘vt'ae
633 1302 792 1350 proprie

78 1366 172 1394 sunt
192 1359 294 1394 iutra
314 1357 489 1406 tropicos
507 1358 648 1395 Cancri
665 1366 704 1394 et
725 1358 794 1395 Ca-

77 1415 255 1464 pricorni
272 1427 342 1464 per
359 1413 593 1464 eclipticam.
608 1416 671 1452 Sic
687 1414 794 1464 apud

79 1475 248 1509 Aratum
276 1468 416 1511 τῖελίοιο
445 1469 616 1508 κέλευθοι
639 1480 677 1508 et
701 1468 794 1512 ἅλη-

79 1542 132 1570 σις
147 1557 157 1575 ,
190 1528 391 1566 Phaenom.
434 1529 675 1578 319—321.
708 1531 794 1567 Ser-

81 1589 170 1623 vius
198 1585 333 1623 laudat
364 1587 512 1624 Lucani
544 1586 677 1623 locum
708 1588 791 1632 III,

81 1645 163 1681 253
187 1656 245 1694 sq.
260 1672 270 1689 ‚
298 1645 342 1680 in
359 1656 440 1693 quo
456 1643 660 1694 AEthiopes
683 1652 794 1680 extra

81 1700 295 1738 zodiacum
330 1701 451 1751 positi
478 1714 559 1738 esse
591 1701 794 1738 dicuntur.

81 1759 171 1796 Jam
186 1760 355 1795 Romani
370 1757 532 1808 quidem
550 1760 620 1795 vix
643 1757 691 1795 ad
719 1765 795 1795 tro-

81 1816 217 1864 picum
237 1816 379 1853 Cancri
394 1824 677 1865 pervenerunt,
695 1816 794 1852 mul-

82 1881 124 1908 to
148 1873 278 1907 minus
307 1884 411 1907 arma
432 1871 534 1908 ultra
555 1880 794 1922 aequatorem

83 1928 335 1978 protulerunt
348 1936 386 1965 et
399 1928 563 1965 alterum
575 1930 772 1978 tropicum
784 1942 794 1974 ;

83 1985 149 2022 sed
170 1993 296 2034 poetae
319 1985 431 2021 licuit
449 1985 532 2022 haec
556 1984 795 2035 amplificare

84 2051 122 2080 et
139 2043 228 2079 loca
247 2042 351 2078 ultra
370 2043 535 2092 tropicos
553 2055 769 2080 memorare
781 2070 792 2088 ‚

85 2099 261 2148 adeoque
289 2101 393 2137 ultra
425 2100 577 2144 sidera,
614 2099 690 2137 hoc
712 2108 792 2145 est,

85 2157 298 2194 Zodiacum
313 2185 323 2199 ,
362 2157 466 2194 ultra
498 2157 599 2193 Solis
633 2157 726 2194 vias
756 2166 796 2194 et

85 2214 188 2250 anni
200 2243 210 2257 ,
234 2215 306 2263 qui
322 2214 393 2251 illo
410 2215 502 2252 solis
519 2214 687 2252 decursu
704 2227 795 2251 con-

85 2270 240 2315 ficitur,
268 2270 317 2307 ad
335 2284 397 2309 eas
419 2272 563 2310 Africae
582 2271 712 2323 plagas
731 2271 797 2308 de-

85 2327 315 2379 signandas,
345 2342 434 2379 quae
463 2330 565 2366 ultra
593 2338 706 2365 notas
725 2337 798 2365 ter-

84 2399 146 2423 ras
163 2398 288 2436 usque
305 2385 352 2423 ad
368 2387 583 2432 Atlantem,
600 2395 638 2422 et
653 2386 798 2423 lineam

86 2443 135 2480 ab
175 2442 253 2480 hoc
293 2456 365 2493 per
401 2444 575 2481 Africam
612 2442 769 2480 ductam
786 2470 796 2489 ,

85 2509 362 2551 procurrentes
376 2529 387 2547 ,
433 2515 570 2538 versus
620 2509 796 2537 austrum

87 2566 174 2594 tum
200 2566 312 2595 erant
338 2567 515 2610 repertae.
539 2559 726 2597 Similiter
745 2558 798 2594 al-

87 2622 168 2652 tera
184 2627 234 2652 ex
252 2624 361 2666 parte
372 2629 508 2654 versus
526 2617 714 2653 arcticum
733 2628 799 2665 po-

87 2670 170 2708 lnm
193 2673 418 2724 navigantes
441 2673 545 2711 diem
570 2682 664 2726 post
687 2682 799 2723 terga

88 2728 287 2780 solemque
305 2730 507 2782 reliquisse
526 2730 623 2770 dicti
639 2738 731 2768 sunt
749 2729 799 2767 ab

857 613 1112 650 Albinovano
1133 613 1175 648 in
1191 610 1326 662 fragm.
1351 609 1400 647 de
1421 612 1572 663 naviga-

855 672 963 708 tione
999 683 1019 707 a
1059 670 1297 706 Germanico
1328 670 1371 706 iu
1409 671 1572 707 Oceano

859 736 1001 766 tentata
1023 740 1074 764 ex
1090 727 1252 763 Amisiae
1271 728 1386 763 ostio.
1412 727 1572 777 Respici

856 794 988 822 autem
1011 798 1031 821 a
1055 786 1223 822 Marone
1257 783 1467 822 Candacen
1489 785 1572 820 vic-

862 852 957 889 tam,
981 851 1019 879 et
1036 841 1274 892 AEthiopiam
1294 853 1413 891 supra
1429 843 1575 892 AEgyp-

859 909 944 937 tum
965 913 985 936 a
1012 900 1055 939 C.
1088 900 1275 936 Petronio
1306 899 1430 948 copiis
1460 910 1573 948 pera-

859 965 1007 1008 gratam
1034 956 1241 1007 probabile
1264 954 1333 1001 fit;
1362 968 1440 1004 qua
1460 954 1509 991 de
1532 968 1574 991 re

861 1029 899 1051 v.
922 1014 1050 1053 Strab.
1071 1015 1217 1058 XVII,
1238 1026 1278 1063 p.
1306 1014 1388 1049 820
1416 1026 1474 1062 sq.
1503 1011 1578 1048 [sbi

860 1072 980 1108 Atlas
991 1084 1128 1116 axem,
1141 1071 1300 1114 coelum,
1315 1068 1476 1106 humero
1496 1077 1574 1105 tor-

858 1138 974 1178 quet,
1008 1129 1174 1165 sustinet
1196 1135 1447 1176 torquentem
1474 1139 1514 1162 se
1538 1136 1577 1163 et

859 1193 1100 1230 vertentem,
1120 1183 1245 1221 stellis
1260 1182 1489 1220 ardentibus
1508 1196 1576 1234 ap-

859 1251 939 1278 tum
954 1270 964 1288 ,
984 1256 1035 1279 ex
1051 1254 1131 1292 quo
1153 1255 1225 1278 axe
1239 1269 1249 1287 ,
1276 1254 1346 1277 seu
1364 1241 1464 1278 coelo
1483 1241 1574 1278 stel-

858 1299 907 1336 lae
927 1308 1026 1349 aptae
1043 1306 1159 1341 sunt,
1187 1300 1230 1335 in
1246 1311 1294 1335 eo
1314 1296 1418 1335 fixae.
1440 1297 1515 1335 Sed
1534 1312 1572 1335 v.

859 1369 946 1407 sup.
981 1359 1062 1402 IV,
1095 1356 1172 1399 481
1193 1384 1204 1402 ,
1234 1355 1331 1399 482.
1358 1354 1446 1406 (Ex
1478 1355 1579 1392 Gro-

859 1415 982 1451 novio
1003 1413 1050 1450 ad
1067 1416 1202 1451 Senec.
1222 1412 1332 1450 Med.
1361 1424 1408 1448 10
1433 1411 1576 1448 frustra

859 1471 1228 1521 interpretationem
1247 1469 1327 1507 loci
1344 1469 1575 1519 exspectes.)

858 1529 1034 1566 Similem
1061 1529 1293 1565 seutentiam
1324 1529 1408 1564 siue
1430 1535 1576 1563 ornatu

859 1586 1084 1622 enuntiavit
1123 1593 1263 1622 auctor
1311 1584 1496 1622 carminis
1531 1585 1575 1620 in

859 1643 1067 1680 Messalam
1096 1641 1165 1694 (in
1192 1642 1340 1680 Tibull.
1366 1639 1457 1690 ed.)
1492 1642 1570 1685 148

860 1713 918 1749 sq.
953 1701 1136 1737 Oceanus
1149 1709 1277 1748 ponto
1296 1712 1377 1749 qua
1396 1696 1575 1735 continet

861 1757 993 1794 orbem
1006 1786 1018 1802 ,
1043 1757 1169 1794 Malla
1189 1756 1261 1793 tibi
1276 1754 1448 1793 adversis
1464 1755 1573 1805 regio

860 1827 944 1851 sese
967 1813 1109 1866 offeret
1124 1813 1262 1851 armis.
1287 1816 1340 1850 Te
1360 1821 1500 1849 manet
1519 1812 1572 1848 in-

860 1871 978 1908 victus
1012 1874 1196 1907 Romano
1232 1872 1362 1907 Marte
1407 1868 1571 1904 Britan-

862 1941 933 1964 nus
946 1943 961 1972 ;
1006 1929 1136 1978 Teque
1185 1926 1389 1976 interjecto
1436 1926 1574 1962 mundi

855 1998 953 2035 pars
972 1984 1103 2020 altera
1122 1983 1217 2021 sole.

921 2055 1017 2091 799.
1036 2043 1082 2077 In
1101 2041 1314 2078 adventum
1335 2054 1385 2077 ex
1399 2043 1514 2078 Rom.
1534 2049 1574 2078 et

861 2099 945 2136 aliis
964 2100 1044 2146 jam
1074 2099 1224 2136 Pierius
1244 2097 1577 2149 approbavitjec-

861 2158 960 2202 tori,
994 2164 1033 2193 et
1063 2155 1282 2192 secundum
1317 2168 1407 2193 eum
1437 2155 1573 2193 Heius.

863 2227 896 2251 e.
919 2213 1066 2251 Medic.
1084 2222 1123 2250 et
1142 2213 1250 2259 aliis;
1283 2213 1414 2264 vulgg.
1435 2212 1478 2249 in
1499 2213 1573 2249 ad-

863 2281 990 2309 ventu.
1014 2269 1130 2320 Cujus
1146 2270 1186 2307 in
1204 2269 1375 2307 adventu
1393 2269 1454 2307 ed.
1469 2271 1573 2307 Ven.

863 2350 920 2356 —
941 2328 1181 2378 799—801.
1205 2326 1418 2378 Splendide
1436 2335 1476 2364 et
1496 2326 1576 2364 hoc

863 2386 1107 2431 enuntiavit,
1127 2384 1238 2436 quod
1253 2384 1388 2422 futura
1403 2386 1576 2436 Augusti

865 2442 1096 2493 magnitudo
1112 2442 1247 2480 multis
1267 2443 1388 2493 signis
1406 2455 1451 2478 ac
1473 2453 1575 2492 prae-

863 2501 977 2550 sagiis
1002 2500 1078 2537 fuit
1104 2509 1281 2545 ostensa;
1314 2498 1503 2549 quodque
1532 2500 1577 2535 in

865 2558 1132 2595 remotissimis
1160 2569 1321 2608 quoque
1341 2558 1454 2593 terris
1473 2556 1575 2603 ejus-

865 2614 975 2652 modi
990 2615 1098 2666 signa
1114 2614 1384 2652 animadversa
1400 2613 1575 2653 fuerunt.

866 2673 1055 2709 nimirum
1072 2672 1213 2723 populi
1233 2672 1334 2708 circa
1356 2683 1462 2708 mare
1483 2669 1575 2706 cas-

866 2730 1001 2780 pium,
1020 2729 1201 2781 inprimis
1220 2729 1398 2780 Hyrcani
1421 2735 1459 2764 et
1481 2727 1574 2762 Bac-
