1767 3054
663 127 814 165 LIBER
845 126 937 164 VII.
1470 142 1490 167 2
1503 142 1516 167 ι
1529 143 1547 157 ··

1533 160 1543 178 Ι

59 209 216 267 Atque
238 206 337 252 haec
358 199 578 264 ingressis
598 197 784 261 placido
805 198 943 260 prior
967 197 1118 244 edidit
1141 214 1226 245 ore
1250 218 1259 243 :

122 303 140 322 «
167 280 344 337 Dicite,
364 273 649 323 Dardanidae
665 309 677 330 ,
704 290 859 336 neque
883 273 1009 319 enim
1034 275 1274 322 nescimus
1299 289 1346 322 et
1373 277 1537 325 urbem

52 357 112 400 Et
135 369 303 417 genus,
322 350 566 412 auditique
591 348 836 395 advertitis
856 364 1050 411 aequore
1073 365 1286 407 cursum,

1497 364 1555 404 196

53 428 182 487 Quid
205 427 391 492 petitis?
416 441 522 488 quae
545 440 708 470 caussa
734 434 881 481 rates,
902 435 984 470 aut
1007 425 1142 487 cujus
1164 437 1353 488 egentes

53 504 188 549 Litus
210 500 270 549 ad
287 499 552 547 Ausonium
576 509 644 545 tot
664 513 750 560 per
769 497 890 544 vada
910 498 1085 544 caerula
1104 499 1263 546 vexit?

53 578 164 622 Sive
189 590 352 622 errore
377 573 490 629 viae,
511 589 593 619 seu
619 571 976 634 tempestatibus
999 573 1116 630 acti,

53 651 225 709 Qualia
247 651 394 697 multa
413 650 532 696 mari
552 660 708 695 nautae
733 647 980 710 patiuntur
1005 648 1052 693 in
1075 648 1197 706 alto,
1501 672 1559 690 ο

50 725 278 772 Fluminis
302 724 510 772 intrastis
531 724 682 787 ripas,
705 733 943 785 portuque
965 721 1160 781 sedetis;

51 803 123 846 Ne
149 800 297 863 fugite
321 800 604 862 hospitium,
631 814 750 844 neve
770 797 986 859 ignorate
1011 798 1232 855 Latinos,

51 874 246 919 Saturni
270 884 477 936 gentem,
502 873 629 918 haud
655 872 812 918 vinclo
835 888 923 918 nec
947 870 1130 934 legibus
1154 889 1360 935 aequam,

55 950 236 1009 Sponte
259 963 343 994 sua
366 947 637 1009 veterisque
662 947 737 992 dei
763 963 812 993 se
838 964 970 993 more
993 958 1243 994 tenentem.

51 1026 210 1085 Atque
235 1022 456 1084 equidem
477 1023 694 1081 memini,
721 1023 844 1068 sama
865 1034 934 1069 est
959 1021 1212 1069 obscurior
1236 1023 1393 1078 annis,
1499 1036 1558 1064 m

52 1222 107 1257 sic
135 1231 254 1269 supra
275 1217 345 1255 lib.
372 1219 414 1263 I,
447 1219 525 1255 505
557 1230 641 1267 sqq.
667 1218 774 1256 Dido

51 1277 216 1329 publica
240 1276 397 1325 negotia
417 1275 708 1326 exsequebatur
732 1279 775 1314 in

50 1335 213 1385 templo.

114 1393 280 1442 195—2
291 1404 306 1427 1
321 1403 354 1428 1.
372 1390 628 1440 Simplicitate
640 1397 678 1426 et
687 1402 775 1439 pro-

51 1451 217 1501 prietate
254 1447 580 1486 commendabilis
622 1448 749 1484 oratio
763 1475 774 1493 ‚

54 1516 100 1544 ut
122 1507 266 1552 altera,
293 1506 434 1543 Ilionei
454 1504 534 1542 fide
565 1513 603 1542 et
629 1503 776 1555 proba-

53 1564 206 1602 bilitate
223 1578 314 1602 cum
331 1565 534 1614 gravitate.
554 1561 776 1612 Auditique

52 1622 256 1660 advertitis
295 1634 455 1672 (equore
495 1633 649 1657 cursum
697 1619 772 1656 ele-

55 1689 192 1731 ganter
213 1693 287 1732 pro
311 1681 397 1716 noti
427 1679 531 1715 estis.
564 1678 775 1729 Sequentia

53 1752 93 1776 v.
123 1738 203 1788 196
223 1751 308 1788 sqq.
334 1738 383 1774 iis
411 1736 576 1779 similia,
601 1748 690 1786 quae
711 1748 771 1786 ap.

54 1798 276 1833 Homerum
303 1802 521 1832 occurrunt
551 1793 693 1844 OdysS.
723 1806 772 1846 γ,

59 1867 78 1900 7
94 1866 106 1889 1
136 1865 222 1902 sqq.
242 1866 253 1888 t
267 1880 277 1898 ‚
303 1853 383 1889 252
410 1864 494 1901 sqq.
509 1879 519 1897 ,
534 1851 601 1887 sed
621 1854 775 1902 λῃστρι-

56 1913 126 1953 κῆς
146 1911 390 1946 mentionem
401 1908 504 1945 bene
520 1909 777 1946 omisitMaro

54 1981 130 2019 pro
143 1980 217 2004 suo
234 1978 491 2003 awa—200.
512 1964 661 2014 Qualia
679 1966 778 2002 mul-

56 2035 99 2061 ta
128 2026 182 2061 sie
204 2022 310 2073 apud
333 2025 496 2060 Homer.
521 2030 559 2058 et
579 2022 675 2059 alios
698 2014 778 2060 οἷά·

59 2096 100 2119 τε
122 2078 265 2119 πολλά.
286 2083 449 2117 Portum
473 2079 602 2129 simpl.
633 2078 682 2116 de
709 2093 776 2131 ap-

57 2140 196 2190 pulsus
212 2138 303 2176 loco
324 2147 362 2174 et
385 2138 552 2175 statione
569 2138 777 2187 accipe.—

60 2210 141 2235 202
159 2226 170 2243 ‚
190 2198 286 2234 203.
309 2196 423 2234 Dicta
442 2203 534 2231 sunt
557 2194 778 2232 seeundum

61 2255 134 2293 hos
158 2267 277 2291 vetss.
303 2249 369 2290 illa
390 2251 509 2291 Ovid.
534 2253 632 2291 Met.
658 2254 676 2289 Ι
692 2280 702 2299 ,
725 2253 778 2302 89

59 2313 109 2350 de
122 2325 236 2349 aurea
250 2319 361 2348 aetate
375 2323 385 2348 ε
398 2313 535 2348 Aurea
542 2309 679 2360 prima
689 2319 779 2347 sata

62 2379 119 2408 est
126 2379 238 2415 aetas,
255 2382 346 2420 quoe
357 2367 523 2405 vindice
532 2368 643 2405 nullo
658 2369 781 2419 Spon-

62 2437 101 2466 te
121 2441 196 2464 sua
208 2456 220 2472 ,
247 2427 334 2464 sine
351 2426 457 2478 Iege,
470 2425 601 2479 fidem
619 2435 782 2463 rectum-

62 2498 139 2538 que
156 2484 324 2524 colebat.
344 2486 476 2522 Poena
492 2492 693 2534 metusque
711 2483 782 2520 ab·

64 2552 191 2582 emat.
226 2544 363 2593 Itaque
395 2541 524 2580 Latini
559 2542 655 2589 justi
668 2570 679 2588 ‚
711 2553 785 2578 nec

64 2600 293 2638 necessitate
306 2599 387 2637 ulla
401 2627 411 2646 ‚
431 2612 504 2636 nec
523 2599 678 2651 legibus
690 2627 702 2647 ‚
719 2598 787 2637 sed

66 2666 280 2704 tenentse,
302 2659 511 2696 continent
526 2670 591 2703 se,
612 2656 788 2696 modera-

69 2723 108 2753 te
124 2723 166 2753 et
184 2716 289 2765 juste
315 2716 459 2753 vivunt
471 2743 482 2762 ,
501 2724 643 2766 sponte
662 2727 731 2753 sua
749 2724 789 2753 et

71 2785 206 2821 more,
224 2772 267 2811 h.
284 2785 320 2811 e.
339 2773 530 2811 institutis
548 2785 593 2812 ac
610 2773 789 2812 moribus

229 2852 353 2910 111..

844 1232 866 1256 a
889 1221 1061 1257 Saturno
1082 1220 1253 1256 sancitis.
1267 1222 1325 1257 Ita
1339 1234 1380 1256 se
1404 1229 1539 1258 tenent
1552 1252 1562 1267 ,

842 1277 912 1326 qui
929 1289 969 1312 se
986 1285 1169 1313 coercent
1182 1304 1193 1322 ‚
1213 1278 1318 1314 intra
1329 1276 1430 1314 fines
1444 1307 1454 1325 ,
1469 1292 1567 1328 pras-

843 1335 1035 1383 scriptum
1049 1361 1060 1378 ‚
1083 1333 1208 1384 legem
1223 1362 1233 1379 ‚
1252 1347 1402 1372 morem
1421 1336 1568 1372 subsis-

843 1399 945 1428 tunt.
963 1413 1021 1419 —
1043 1401 1140 1435 204.
1173 1393 1213 1426 V
1210 1392 1402 1443 eterisque
1438 1394 1515 1430 aevi
1546 1410 1567 1431 a

843 1448 980 1485 Servio
1018 1448 1165 1485 lectum
1188 1462 1270 1486 esse
1292 1450 1568 1500 suspicabatur

842 1504 1068 1544 Markland.
1081 1505 1129 1542 ad
1144 1509 1239 1545 Stat.
1256 1520 1297 1557 p.
1317 1520 1331 1544 1
1342 1508 1409 1546 85.
1425 1509 1567 1546 Seren-

843 1571 921 1599 tem
943 1563 1061 1602 codd.
1079 1563 1185 1614 apud
1205 1566 1308 1604 Pier.
1330 1568 1448 1604 Putes
1465 1567 1566 1605 sorte

843 1633 924 1658 esse
946 1620 1166 1672 serentem.
1201 1621 1277 1660 Sed
1294 1622 1410 1675 ferre
1440 1637 1482 1660 se
1511 1635 1570 1663 est

841 1678 1038 1716 incedere.
1056 1678 1280 1718 Wakefield
1303 1680 1397 1720 Silv.
1421 1683 1480 1719 111
1496 1711 1506 1729 ‚
1526 1698 1566 1734 p.

848 1749 895 1772 11
929 1736 1111 1774 emendat
1135 1748 1357 1789 gereatem.
1387 1761 1444 1768 —
1469 1743 1567 1780 205.

842 1796 981 1844 Longo
1005 1804 1184 1845 tempore
1205 1795 1413 1834 obscurata
1434 1807 1492 1834 est
1513 1799 1567 1835 fa—

844 1864 931 1896 ma,
953 1860 998 1888 ut
1025 1865 1045 1888 a
1076 1854 1213 1902 paucis
1242 1854 1406 1891 senibus
1436 1855 1567 1893 adhuc

846 1916 1025 1945 teneatur
1054 1911 1139 1956 ejus
1167 1912 1225 1947 rei
1250 1913 1468 1951 memoria:
1497 1917 1567 1964 qui

847 1967 1116 2016 antiquiorum
1173 1977 1334 2005 aetatum
1392 1982 1477 2007 mos
1530 1980 1571 2008 et

845 2025 948 2060 ratio
979 2032 1083 2070 erat,
1114 2032 1311 2063 vetustam
1338 2029 1567 2065 memoriam

847 2079 894 2116 ad
912 2082 1180 2131 posteritatem
1210 2085 1476 2135 propagandi,
1498 2099 1566 2123 an-

845 2146 1002 2188 tequam
1015 2139 1172 2177 annales
1184 2140 1473 2182 condebantur.
1487 2147 1571 2181 Au·

844 2208 983 2232 mneos
1000 2195 1126 2244 dixit,
1142 2206 1326 2248 tanquam
1345 2203 1569 2239 communis

848 2266 940 2290 cum
971 2253 1262 2306 Aboriginibus
1286 2258 1420 2308 stirpis
1437 2257 1567 2297 homi-

848 2323 941 2349 nes:
964 2311 1080 2349 affert
1092 2320 1222 2350 tamen
1241 2315 1305 2352 vel
1324 2315 1380 2353 sic
1395 2318 1570 2368 antiqui-

846 2370 939 2406 tatis
961 2370 1166 2408 notionem
1189 2372 1329 2410 animis
1351 2386 1512 2413 nomen.
1539 2379 1569 2414 E

847 2425 1033 2478 pluribus
1049 2426 1098 2465 de
1113 2429 1303 2469 Dardano
1314 2431 1463 2482 mythis
1473 2445 1569 2483 poe-

850 2492 889 2521 ta
907 2486 1077 2536 arripuit
1100 2485 1209 2525 bunc
1222 2516 1233 2534 ,
1255 2501 1338 2539 quo
1360 2490 1393 2526 is
1411 2489 1570 2530 diceba-

852 2549 920 2578 tur
949 2555 999 2580 ex
1022 2543 1241 2595 Tyrrhenis
1259 2546 1462 2597 profectus
1475 2576 1485 2594 ‚
1503 2552 1569 2588 Sa-

853 2598 1111 2639 mothraciam
1151 2611 1192 2640 et
1220 2603 1419 2642 Troadem
1455 2606 1570 2644 adiis-

853 2670 909 2696 se.
952 2659 1130 2706 Servius,
1175 2661 1239 2698 vel
1262 2663 1334 2713 qui
1374 2675 1467 2701 enm
1504 2678 1574 2702 ex-

854 2716 1022 2767 cerpsit,
1065 2717 1206 2757 misere
1254 2720 1386 2758 omnia
1421 2723 1571 2760 miscet.

857 2772 1080 2829 lib-agris,
1101 2776 1240 2829 paullo
1256 2776 1375 2816 latius
1397 2777 1572 2827 dictum3

1314 2859 1370 2904 Ῑ9
