1767 3054
133 97 183 141 43
760 97 1001 135 AENEIDOS

130 174 184 216 In
212 170 390 216 medios
417 170 561 216 telum
588 169 765 216 torsisti
793 171 973 231 primus
997 169 1219 217 Achivos.

132 249 380 292 Extremus
406 245 632 308 galeaque
661 246 753 290 ima
777 244 980 290 subsidit
1004 249 1218 302 Acestes,

127 327 284 368 Ausus
304 333 350 369 ct
372 323 470 384 ipse
496 338 637 367 manu
655 322 885 382 juvenum
916 331 1096 366 tentare
1123 320 1348 367 laborem.

194 400 315 443 Tum
335 397 502 442 validis
523 397 669 441 flexos
690 396 939 440 incurvant
963 394 1144 441 viribus
1164 411 1301 442 arcus

1569 407 1630 438 500

130 475 221 517 Pro
247 490 294 518 se
317 472 515 533 quisquc
543 470 653 525 viri,
675 481 719 514 et
743 469 1031 530 depromunt
1057 470 1147 515 tela
1168 470 1418 533 pharetris.

129 546 379 606 Primaque
404 560 490 606 per
511 543 677 588 coelum
700 559 848 587 nervo
874 541 1100 589 stridente
1121 545 1290 606 sagitta

130 621 401 682 Hyrtacidae
417 619 606 682 juvenis
627 618 834 665 volucris
853 618 1127 665 diverberat
1147 622 1282 668 auras
1291 640 1305 680 ;

132 699 189 742 Et
210 695 360 751 venit,
388 695 669 756 adversique
693 694 908 756 infigitur
933 694 1105 741 arbore
1128 695 1253 741 mali.

132 772 382 817 Intremuit
407 771 581 828 malus,
610 758 868 832 timuitque
894 771 1121 816 exterrita
1142 770 1308 833 pennis

1572 782 1631 812 505

131 849 263 904 Ales,
287 858 332 892 et
358 847 536 908 ingenti
559 858 819 893 sonuerunt
841 847 998 892 onmia
1023 847 1206 908 plausu.

131 927 238 969 Post
262 939 366 968 acer
388 921 667 986 Mnestheus.
685 921 890 967 adducto
917 922 1125 968 constitit
1150 938 1285 979 arcu,

130 999 238 1044 Alta
263 1009 449 1059 petens,
477 997 750 1058 pariterque
777 998 938 1043 oculos
964 998 1202 1060 telumque
1229 998 1441 1045 tetendit.

129 1077 213 1118 Ast
234 1074 383 1136 ipsam
409 1071 702 1119 miserandus
722 1090 856 1119 avem
879 1074 1152 1135 contingere
1171 1073 1300 1120 ferro

129 1153 237 1196 Non
255 1151 426 1208 valuit3
451 1151 601 1196 nodos
627 1160 673 1195 et
693 1149 882 1195 vincula
904 1150 1027 1195 linea
1051 1150 1206 1212 rupit,

1572 1161 1632 1190 510

132 1224 249 1281 Quis
270 1224 442 1270 innexa
463 1225 631 1286 pedem
657 1225 780 1270 malo
806 1224 1042 1287 pendebat
1062 1223 1121 1270 ab
1146 1224 1255 1270 alto.

133 1426 215 1462 lum
237 1425 398 1469 torsistis
419 1425 622 1463 Pandarus
635 1426 773 1462 emissa
797 1438 851 1462 sa-

130 1486 226 1535 gitta
242 1484 470 1520 Menelaum
490 1483 727 1520 vulneravit.
745 1483 850 1521 Male

134 1551 283 1579 veteres
313 1542 360 1578 de
391 1541 500 1578 hasta
531 1550 764 1592 acceperant
795 1551 850 1578 te-

133 1600 244 1645 lum,·
274 1613 312 1637 v.
343 1603 537 1650 Pompon.
561 1622 617 1627 —-
640 1608 736 1650 499.
765 1601 853 1636 flla-

134 1672 186 1694 nu
199 1687 208 1704 ‚
239 1659 378 1708 sagitta
398 1671 518 1694 manu
543 1659 679 1694 emissa
697 1670 706 1695 :
724 1670 851 1707 quan-

133 1715 350 1766 doquidem
369 1729 510 1752 manus
534 1729 609 1765 pro
633 1717 715 1765 ipsa
734 1728 853 1765 opera

132 1783 169 1810 et
195 1787 314 1824 opere
333 1786 524 1810 manuum
546 1773 707 1810 dicitur.

194 1833 275 1868 500
290 1853 347 1858 —-
363 1831 458 1868 506.
497 1833 576 1867 Pro
611 1843 652 1866 se
687 1829 853 1880 quisque

134 1889 222 1926 καθ’
239 1887 372 1926 ἑαυτὸν
400 1887 580 1934 {zze-rx,
598 1887 639 1925 h.
661 1901 694 1926 e.
716 1885 764 1931 εἰς
789 1883 854 1924 δύ-

131 1960 258 2000 ναμιν.
297 1949 360 1986 Sic
398 1946 511 1984 Iliad.
552 1959 602 1992 α,
637 1959 715 1993 271
733 1974 744 1991 ,
786 1941 853 1982 zui

133 2002 316 2059 μσιχόμτμ
340 2007 429 2041 κατ’
459 2003 519 2058 ἔμ’
539 2000 668 2041 αὐτόν.
686 2025 743 2031 --
758 2004 854 2042 503.

134 2063 378 2100 Deverberat
409 2063 561 2113 aliquot
590 2061 695 2112 apud
719 2063 854 2099 Burni.

134 2122 238 2158 Alas
257 2121 335 2171 (sc.
354 2119 575 2171 columbae)
595 2123 775 2157 Donatus
797 2119 852 2156 le-

135 2181 191 2229 git
205 2208 214 2224 ,
227 2187 265 2214 et
281 2181 337 2215 sic
349 2178 409 2216 ed.
429 2181 544 2216 Junt.
560 2206 570 2223 ,
585 2191 703 2227 quam
716 2179 852 2216 Burm-

136 2245 325 2272 memorat
339 2250 349 2282 ;
365 2250 418 2273 sc.
439 2249 458 2272 e
472 2235 688 2272 serioribus
700 2235 850 2285 aliqua:

136 2306 228 2330 nam
246 2295 360 2331 Junt.
400 2295 507 2330 1520
539 2306 660 2329 auras
686 2295 853 2339 retinet3

135 2350 203 2388 sed
221 2350 456 2389 Benedictus
474 2351 564 2386 alas
585 2364 677 2386 cum
696 2353 854 2388 Donato

134 2409 349 2460 legendum
368 2421 449 2446 esse
477 2407 702 2453 contendit3
723 2409 855 2445 minus

136 2468 332 2514 suaviter,
366 2475 405 2504 et
431 2467 485 2503 sic
516 2466 629 2516 plane
662 2467 847 2504 otiosum.

136 2546 195 2552 —-
208 2525 304 2570 504.
334 2523 760 2574 Adversaeque———mali
787 2537 848 2574 ap.

136 2582 313 2620 Probum
325 2612 335 2630 ‚
357 2582 432 2620 sub
447 2582 475 2619 f.
491 2582 562 2619 lib.
582 2583 602 2618 Ι
613 2585 701 2619 Art.
718 2582 853 2617 Gram-

918 1426 1019 1463 muit
1053 1439 1105 1463 m.
1130 1426 1282 1477 Bigot.,
1314 1437 1386 1462 nec
1422 1423 1498 1462 hoc
1518 1426 1632 1463 male.

919 1484 1052 1521 Malos
1074 1493 1163 1522 tert.
1206 1482 1395 1522 Rottend.
1408 1504 1467 1510 -—
1486 1482 1638 1520 Timuit

919 1543 988 1579 alis
1003 1572 1012 1589 ‚
1050 1542 1092 1579 h.
1131 1556 1164 1579 e.
1205 1541 1353 1591 plausit
1369 1569 1380 1588 ‚
1422 1540 1636 1591 trepidavit

919 1614 1000 1651 prae
1023 1608 1156 1647 metu3
1174 1607 1219 1636 ut
1241 1599 1426 1637 Servius:
1445 1591 1635 1636 ter-rorein

918 1672 1029 1695 suum
1044 1657 1187 1709 pinnis
1212 1656 1456 1710 significans,
1473 1657 1634 1694 Dictum

921 1716 1042 1762 adeo,
1082 1724 1150 1763 ut,
1189 1714 1399 1764 increpare
1435 1714 1602 1752 verbere
1617 1743 1628 1759 ,

921 1772 1131 1825 objurgare
1165 1770 1350 1818 brachio,
1367 1771 1533 1825 flagris.
1557 1774 1633 1810 Te-

920 1832 1040 1867 nuius
1081 1830 1232 1867 dsetum
1282 1829 1420 1866 fuisset
1433 1858 1444 1876 ‚
1478 1828 1638 1866 tremuit

913 1887 1072 1938 pennis.
1111 1889 1168 1926 At
1193 1900 1289 1924 vero
1321 1886 1455 1924 timuit
1464 1886 1631 1937 pennis,

921 1948 1037 1983 tertio
1051 1959 1143 1983 casu
1157 1974 1166 1992 ,
1186 1944 1303 1995 plane
1322 1945 1426 1982 foret
1436 1945 1635 1993 jejunum.

922 2026 979 2032 —
995 2005 1089 2042 506.
1105 2006 1229 2042 Totus
1251 2003 1365 2040 locus
1383 2003 1565 2040 resonuit
1580 2001 1637 2040 in-

919 2062 1034 2113 genti
1057 2063 1208 2112 plausu
1218 2089 1230 2106 ‚
1265 2061 1415 2098 alarum
1438 2058 1638 2097 columbae

924 2119 1042 2156 debet
1060 2119 1251 2170 intelligi;
1282 2118 1380 2169 sup.'
1394 2117 1477 2155 215
1492 2145 1503 2163 ‚
1525 2117 1632 2162 216,

912 2178 1182 2228 plausumque
1193 2176 1385 2213 exterrita
1397 2173 1638 2225 pennisDat

921 2245 1021 2272 tecto
1055 2236 1271 2287 ingentem.
1303 2234 1483 2275 Tenuius
1509 2239 1634 2277 esset,

920 2295 954 2330 si
970 2293 1018 2330 de
1038 2293 1181 2344 plausu
1190 2291 1334 2342 populi
1349 2291 1524 2340 accipere
1540 2288 1636 2326 mal-

919 2352 988 2389 les.

983 2408 1059 2455 507
1081 2427 1140 2435 —-
1164 2405 1261 2443 512.
1290 2405 1400 2441 Acer
1433 2402 1561 2442 cerda
1585 2402 1636 2440 ad

915 2466 1126 2504 oculorum
1157 2463 1281 2500 aciem
1306 2461 1451 2498 referre
1470 2459 1635 2498 mavult.

918 2526 973 2562 At
993 2531 1051 2560 est
1068 2520 1272 2571 epitheton
1300 2531 1445 2557 ornans
1464 2531 1488 2556 a
1507 2519 1636 2556 virtu-

919 2590 957 2619 te
972 2588 1014 2617 et
1034 2578 1167 2616 studio
1193 2578 1357 2616 omnino
1377 2577 1561 2628 petitum.
1582 2573 1633 2612 cf.

137 2648 257 2687 mat.,
287 2640 358 2677 sed
398 2653 436 2678 v.
471 2640 608 2677 Heius.
647 2638 862 2691 Infingicur
924 2652 1012 2688 sup.
1032 2635 1082 2673 ad
1107 2635 1179 2673 lib.
1211 2638 1254 2682 Ι,
1278 2642 1326 2680 14
1352 2643 1391 2672 et
1417 2647 1487 2686 99.
1515 2631 1635 2687 Mise-

138 2698 277 2736 Franc.
301 2697 534 2750 infringitur
552 2698 706 2734 Dorvil.
722 2724 733 2742 ,
754 2709 858 2733 erro-

138 2768 180 2792 re
210 2768 294 2794 non
331 2755 567 2794 infelici.—-
586 2754 680 2793 505.
731 2752 858 2805 Infre-

925 2695 1072 2733 raudus
1082 2722 1094 2739 ,
1109 2691 1297 2743 σχέτλιος.
1317 2691 1457 2731 Nodos
1473 2698 1514 2729 et
1521 2687 1632 2728 vinc.

923 2768 963 2792 v.
982 2753 1010 2792 l.
1036 2766 1068 2791 c.
1091 2751 1202 2790 Iliad.
1223 2748 1273 2803 ψ,
1299 2747 1636 2808 86594-511.
