<?xml version="1.0" encoding="UTF-8"?>
<!DOCTYPE html PUBLIC "-//W3C//DTD XHTML 1.0 Transitional//EN"
    "http://www.w3.org/TR/xhtml1/DTD/xhtml1-transitional.dtd">
<html xmlns="http://www.w3.org/1999/xhtml" xml:lang="en" lang="en">
 <head>
  <title>
</title>
<meta http-equiv="Content-Type" content="text/html;charset=utf-8" />
  <meta name='ocr-system' content='tesseract 3.04.00' />
  <meta name='ocr-capabilities' content='ocr_page ocr_carea ocr_par ocr_line ocrx_word'/>
</head>
<body>
  <div class='ocr_page' id='page_1' title='image "./operahey03virguoft_0098.png"; bbox 0 0 1767 3054; ppageno 0'>
   <div class='ocr_carea' id='block_1_1' title="bbox 199 134 1712 856">
    <p class='ocr_par' dir='ltr' id='par_1_1' title="bbox 206 134 1079 176">
     <span class='ocr_line' id='line_1_1' title="bbox 206 134 1079 176; baseline 0.008 -7"><span class='ocrx_word' id='word_1_1' title='bbox 206 134 257 170; x_wconf 87' lang='lat'>88</span> <span class='ocrx_word' id='word_1_2' title='bbox 835 139 1079 176; x_wconf 78' lang='lat' dir='ltr'>AENEIDOS</span> 
     </span>
    </p>

    <p class='ocr_par' dir='ltr' id='par_1_2' title="bbox 199 207 1712 856">
     <span class='ocr_line' id='line_1_2' title="bbox 200 207 1707 261; baseline 0.001 -17"><span class='ocrx_word' id='word_1_3' title='bbox 200 208 284 246; x_wconf 83' lang='lat' dir='ltr'>haec</span> <span class='ocrx_word' id='word_1_4' title='bbox 315 207 364 246; x_wconf 88' lang='lat' dir='ltr'>ad</span> <span class='ocrx_word' id='word_1_5' title='bbox 387 208 684 249; x_wconf 88' lang='lat' dir='ltr'>fortunatorum</span> <span class='ocrx_word' id='word_1_6' title='bbox 713 209 823 249; x_wconf 89' lang='lat' dir='ltr'>sedes</span> <span class='ocrx_word' id='word_1_7' title='bbox 850 213 925 249; x_wconf 90' lang='lat' dir='ltr'>iter</span> <span class='ocrx_word' id='word_1_8' title='bbox 955 211 1148 259; x_wconf 82' lang='lat' dir='ltr'>instituit,</span> <span class='ocrx_word' id='word_1_9' title='bbox 1185 219 1222 248; x_wconf 90' lang='lat' dir='ltr'>et</span> <span class='ocrx_word' id='word_1_10' title='bbox 1253 223 1276 247; x_wconf 89' lang='lat' dir='ltr'>a</span> <span class='ocrx_word' id='word_1_11' title='bbox 1297 210 1451 248; x_wconf 81' lang='lat' dir='ltr'>Musaeo</span> <span class='ocrx_word' id='word_1_12' title='bbox 1484 209 1534 246; x_wconf 90' lang='lat' dir='ltr'>ad</span> <span class='ocrx_word' id='word_1_13' title='bbox 1556 218 1707 261; x_wconf 89' lang='lat' dir='ltr'>patrem</span> 
     </span>
     <span class='ocr_line' id='line_1_3' title="bbox 200 281 1710 336; baseline 0.001 -16"><span class='ocrx_word' id='word_1_14' title='bbox 200 296 318 321; x_wconf 79' lang='lat' dir='ltr'>suum</span> <span class='ocrx_word' id='word_1_15' title='bbox 341 283 576 336; x_wconf 87' lang='lat' dir='ltr'><strong>perducitur</strong></span> <span class='ocrx_word' id='word_1_16' title='bbox 597 307 654 314; x_wconf 88' lang='lat'>—-</span> <span class='ocrx_word' id='word_1_17' title='bbox 682 286 780 333; x_wconf 76' lang='lat'>678.</span> <span class='ocrx_word' id='word_1_18' title='bbox 813 285 876 322; x_wconf 91' lang='lat' dir='ltr'>Ibi</span> <span class='ocrx_word' id='word_1_19' title='bbox 906 284 1100 323; x_wconf 86' lang='lat' dir='ltr'><strong>Anchises</strong></span> <span class='ocrx_word' id='word_1_20' title='bbox 1129 287 1293 323; x_wconf 82' lang='lat' dir='ltr'>AEneam</span> <span class='ocrx_word' id='word_1_21' title='bbox 1323 281 1455 321; x_wconf 85' lang='lat' dir='ltr'>filium</span> <span class='ocrx_word' id='word_1_22' title='bbox 1490 284 1710 322; x_wconf 82' lang='lat' dir='ltr'>animarum</span> 
     </span>
     <span class='ocr_line' id='line_1_4' title="bbox 201 357 1712 411; baseline -0.001 -15"><span class='ocrx_word' id='word_1_23' title='bbox 201 359 415 410; x_wconf 87' lang='lat' dir='ltr'>originem,</span> <span class='ocrx_word' id='word_1_24' title='bbox 446 361 743 411; x_wconf 82' lang='lat' dir='ltr'>purgationem,</span> <span class='ocrx_word' id='word_1_25' title='bbox 777 368 816 397; x_wconf 91' lang='lat' dir='ltr'>et</span> <span class='ocrx_word' id='word_1_26' title='bbox 845 360 1227 399; x_wconf 85' lang='lat' dir='ltr'>consummationem</span> <span class='ocrx_word' id='word_1_27' title='bbox 1262 358 1420 406; x_wconf 81' lang='lat' dir='ltr'>edocet,</span> <span class='ocrx_word' id='word_1_28' title='bbox 1451 358 1567 409; x_wconf 91' lang='lat' dir='ltr'>eique</span> <span class='ocrx_word' id='word_1_29' title='bbox 1589 357 1712 396; x_wconf 87' lang='lat' dir='ltr'>Alba-</span> 
     </span>
     <span class='ocr_line' id='line_1_5' title="bbox 199 431 1712 484; baseline 0.001 -15"><span class='ocrx_word' id='word_1_30' title='bbox 199 445 346 470; x_wconf 89' lang='lat' dir='ltr'>norum</span> <span class='ocrx_word' id='word_1_31' title='bbox 368 434 722 484; x_wconf 83' lang='lat' dir='ltr'>Romanorumque</span> <span class='ocrx_word' id='word_1_32' title='bbox 742 446 884 484; x_wconf 87' lang='lat' dir='ltr'>regum</span> <span class='ocrx_word' id='word_1_33' title='bbox 902 445 1109 472; x_wconf 83' lang='lat' dir='ltr'>recensum</span> <span class='ocrx_word' id='word_1_34' title='bbox 1131 433 1248 482; x_wconf 86' lang='lat' dir='ltr'>facit,</span> <span class='ocrx_word' id='word_1_35' title='bbox 1265 432 1542 483; x_wconf 85' lang='lat' dir='ltr'>nobiliumque</span> <span class='ocrx_word' id='word_1_36' title='bbox 1560 431 1712 482; x_wconf 86' lang='lat' dir='ltr'>aliquot</span> 
     </span>
     <span class='ocr_line' id='line_1_6' title="bbox 202 508 1711 562; baseline -0.001 -15"><span class='ocrx_word' id='word_1_37' title='bbox 202 510 477 547; x_wconf 86' lang='lat' dir='ltr'>Romanorum</span> <span class='ocrx_word' id='word_1_38' title='bbox 496 509 659 546; x_wconf 86' lang='lat' dir='ltr'>nomina</span> <span class='ocrx_word' id='word_1_39' title='bbox 679 521 937 559; x_wconf 88' lang='lat' dir='ltr'>percurrens,</span> <span class='ocrx_word' id='word_1_40' title='bbox 956 508 1005 546; x_wconf 89' lang='lat' dir='ltr'>ad</span> <span class='ocrx_word' id='word_1_41' title='bbox 1023 511 1048 547; x_wconf 91' lang='lat' dir='ltr'><strong>J</strong></span> <span class='ocrx_word' id='word_1_42' title='bbox 1052 508 1122 546; x_wconf 90' lang='lat' dir='ltr'>ulii</span> <span class='ocrx_word' id='word_1_43' title='bbox 1143 509 1304 547; x_wconf 84' lang='lat' dir='ltr'>Caesaris</span> <span class='ocrx_word' id='word_1_44' title='bbox 1326 516 1366 547; x_wconf 87' lang='lat' dir='ltr'>et</span> <span class='ocrx_word' id='word_1_45' title='bbox 1385 509 1556 562; x_wconf 81' lang='lat' dir='ltr'>Augusti</span> <span class='ocrx_word' id='word_1_46' title='bbox 1575 508 1711 546; x_wconf 87' lang='lat' dir='ltr'>laudes</span> 
     </span>
     <span class='ocr_line' id='line_1_7' title="bbox 201 579 1710 633; baseline 0.002 -17"><span class='ocrx_word' id='word_1_47' title='bbox 201 579 404 618; x_wconf 87' lang='lat' dir='ltr'>descendit</span> <span class='ocrx_word' id='word_1_48' title='bbox 419 602 477 610; x_wconf 90' lang='lat'>—-</span> <span class='ocrx_word' id='word_1_49' title='bbox 498 581 580 619; x_wconf 88' lang='lat'>860</span> <span class='ocrx_word' id='word_1_50' title='bbox 603 594 613 620; x_wconf 90' lang='lat'>:</span> <span class='ocrx_word' id='word_1_51' title='bbox 634 582 951 633; x_wconf 86' lang='lat' dir='ltr'>Marcellumque</span> <span class='ocrx_word' id='word_1_52' title='bbox 981 584 1156 621; x_wconf 88' lang='lat' dir='ltr'>Octaviae</span> <span class='ocrx_word' id='word_1_53' title='bbox 1179 581 1332 631; x_wconf 86' lang='lat' dir='ltr'>filium,</span> <span class='ocrx_word' id='word_1_54' title='bbox 1349 583 1560 621; x_wconf 86' lang='lat' dir='ltr'>immatura</span> <span class='ocrx_word' id='word_1_55' title='bbox 1582 591 1710 620; x_wconf 83' lang='lat' dir='ltr'>morte</span> 
     </span>
     <span class='ocr_line' id='line_1_8' title="bbox 201 657 1709 710; baseline 0.003 -19"><span class='ocrx_word' id='word_1_56' title='bbox 201 663 462 706; x_wconf 82' lang='lat' dir='ltr'>praereptum,</span> <span class='ocrx_word' id='word_1_57' title='bbox 483 657 593 694; x_wconf 87' lang='lat' dir='ltr'>miris</span> <span class='ocrx_word' id='word_1_58' title='bbox 614 658 659 695; x_wconf 90' lang='lat' dir='ltr'>in</span> <span class='ocrx_word' id='word_1_59' title='bbox 683 657 830 695; x_wconf 86' lang='lat' dir='ltr'>coelum</span> <span class='ocrx_word' id='word_1_60' title='bbox 846 657 1033 696; x_wconf 77' lang='lat' dir='ltr'>laudibus</span> <span class='ocrx_word' id='word_1_61' title='bbox 1053 657 1167 696; x_wconf 85' lang='lat' dir='ltr'>effert</span> <span class='ocrx_word' id='word_1_62' title='bbox 1181 680 1240 688; x_wconf 90' lang='lat'>—</span> <span class='ocrx_word' id='word_1_63' title='bbox 1261 659 1358 698; x_wconf 87' lang='lat'>888.</span> <span class='ocrx_word' id='word_1_64' title='bbox 1377 658 1476 697; x_wconf 89' lang='lat' dir='ltr'>Inde</span> <span class='ocrx_word' id='word_1_65' title='bbox 1494 673 1566 710; x_wconf 87' lang='lat' dir='ltr'>per</span> <span class='ocrx_word' id='word_1_66' title='bbox 1589 658 1709 696; x_wconf 89' lang='lat' dir='ltr'>ebur-</span> 
     </span>
     <span class='ocr_line' id='line_1_9' title="bbox 201 730 1709 784; baseline 0.003 -19"><span class='ocrx_word' id='word_1_67' title='bbox 201 741 315 766; x_wconf 88' lang='lat' dir='ltr'>neam</span> <span class='ocrx_word' id='word_1_68' title='bbox 332 738 488 780; x_wconf 86' lang='lat' dir='ltr'>portam</span> <span class='ocrx_word' id='word_1_69' title='bbox 508 730 557 768; x_wconf 90' lang='lat' dir='ltr'>ad</span> <span class='ocrx_word' id='word_1_70' title='bbox 580 744 745 783; x_wconf 90' lang='lat' dir='ltr'>superos</span> <span class='ocrx_word' id='word_1_71' title='bbox 774 745 970 784; x_wconf 85' lang='lat' dir='ltr'>egressus,</span> <span class='ocrx_word' id='word_1_72' title='bbox 991 734 1120 771; x_wconf 89' lang='lat' dir='ltr'>socios</span> <span class='ocrx_word' id='word_1_73' title='bbox 1139 734 1275 772; x_wconf 87' lang='lat' dir='ltr'>revisit</span> <span class='ocrx_word' id='word_1_74' title='bbox 1288 762 1298 782; x_wconf 89' lang='lat'><strong>,</strong></span> <span class='ocrx_word' id='word_1_75' title='bbox 1328 734 1553 784; x_wconf 76' lang='lat' dir='ltr'>relictisque</span> <span class='ocrx_word' id='word_1_76' title='bbox 1575 734 1709 772; x_wconf 88' lang='lat' dir='ltr'>Cumis</span> 
     </span>
     <span class='ocr_line' id='line_1_10' title="bbox 203 803 509 856; baseline 0.003 -14"><span class='ocrx_word' id='word_1_77' title='bbox 203 803 373 842; x_wconf 88' lang='lat' dir='ltr'>Caietam</span> <span class='ocrx_word' id='word_1_78' title='bbox 396 806 509 856; x_wconf 87' lang='lat' dir='ltr'>petit.</span> 
     </span>
    </p>
   </div>
   <div class='ocr_carea' id='block_1_2' title="bbox 198 1104 1704 1544">
    <p class='ocr_par' dir='ltr' id='par_1_3' title="bbox 198 1104 1704 1544">
     <span class='ocr_line' id='line_1_11' title="bbox 267 1104 1538 1168; baseline 0.002 -17"><span class='ocrx_word' id='word_1_79' title='bbox 267 1108 350 1152; x_wconf 85' lang='lat' dir='ltr'>S1c</span> <span class='ocrx_word' id='word_1_80' title='bbox 375 1105 501 1151; x_wconf 89' lang='lat' dir='ltr'>fatur</span> <span class='ocrx_word' id='word_1_81' title='bbox 525 1104 795 1164; x_wconf 83' lang='lat' dir='ltr'>lacrimans,</span> <span class='ocrx_word' id='word_1_82' title='bbox 819 1106 1048 1168; x_wconf 85' lang='lat' dir='ltr'>classique</span> <span class='ocrx_word' id='word_1_83' title='bbox 1073 1105 1284 1153; x_wconf 86' lang='lat' dir='ltr'>immittit</span> <span class='ocrx_word' id='word_1_84' title='bbox 1308 1106 1538 1165; x_wconf 83' lang='lat' dir='ltr'>habenas,</span> 
     </span>
     <span class='ocr_line' id='line_1_12' title="bbox 200 1179 1398 1228; baseline 0.001 -2"><span class='ocrx_word' id='word_1_85' title='bbox 200 1184 258 1227; x_wconf 91' lang='lat' dir='ltr'>Et</span> <span class='ocrx_word' id='word_1_86' title='bbox 284 1180 474 1227; x_wconf 85' lang='lat' dir='ltr'>tandem</span> <span class='ocrx_word' id='word_1_87' title='bbox 497 1179 721 1228; x_wconf 83' lang='lat' dir='ltr'>Euboicis</span> <span class='ocrx_word' id='word_1_88' title='bbox 748 1183 1004 1228; x_wconf 83' lang='lat' dir='ltr'>Cumarum</span> <span class='ocrx_word' id='word_1_89' title='bbox 1030 1180 1268 1228; x_wconf 85' lang='lat' dir='ltr'>adlabitur</span> <span class='ocrx_word' id='word_1_90' title='bbox 1286 1181 1398 1228; x_wconf 87' lang='lat' dir='ltr'>oris.</span> 
     </span>
     <span class='ocr_line' id='line_1_13' title="bbox 200 1255 1334 1318; baseline -0.001 -16"><span class='ocrx_word' id='word_1_91' title='bbox 200 1255 473 1302; x_wconf 80' lang='lat' dir='ltr'>Obvertunt</span> <span class='ocrx_word' id='word_1_92' title='bbox 493 1256 661 1318; x_wconf 83' lang='lat' dir='ltr'>pelago</span> <span class='ocrx_word' id='word_1_93' title='bbox 680 1271 872 1318; x_wconf 85' lang='lat' dir='ltr'>proras;</span> <span class='ocrx_word' id='word_1_94' title='bbox 893 1267 995 1302; x_wconf 86' lang='lat' dir='ltr'>tum</span> <span class='ocrx_word' id='word_1_95' title='bbox 1020 1257 1160 1303; x_wconf 88' lang='lat' dir='ltr'>dente</span> <span class='ocrx_word' id='word_1_96' title='bbox 1180 1256 1334 1302; x_wconf 89' lang='lat' dir='ltr'>tenaci</span> 
     </span>
     <span class='ocr_line' id='line_1_14' title="bbox 198 1331 1236 1389; baseline 0 -13"><span class='ocrx_word' id='word_1_97' title='bbox 198 1335 390 1377; x_wconf 84' lang='lat' dir='ltr'>Ancora</span> <span class='ocrx_word' id='word_1_98' title='bbox 414 1331 645 1378; x_wconf 89' lang='lat' dir='ltr'>fundabat</span> <span class='ocrx_word' id='word_1_99' title='bbox 667 1333 824 1389; x_wconf 77' lang='lat' dir='ltr'>navis,</span> <span class='ocrx_word' id='word_1_100' title='bbox 847 1343 892 1378; x_wconf 84' lang='lat' dir='ltr'>et</span> <span class='ocrx_word' id='word_1_101' title='bbox 913 1332 1054 1378; x_wconf 87' lang='lat' dir='ltr'>litora</span> <span class='ocrx_word' id='word_1_102' title='bbox 1078 1348 1236 1377; x_wconf 85' lang='lat' dir='ltr'>curvae</span> 
     </span>
     <span class='ocr_line' id='line_1_15' title="bbox 198 1405 1704 1470; baseline 0.001 -19"><span class='ocrx_word' id='word_1_103' title='bbox 198 1409 470 1453; x_wconf 86' lang='lat' dir='ltr'>Praetcxunt</span> <span class='ocrx_word' id='word_1_104' title='bbox 493 1423 703 1470; x_wconf 83' lang='lat' dir='ltr'>puppes;</span> <span class='ocrx_word' id='word_1_105' title='bbox 723 1407 953 1469; x_wconf 69' lang='lat' dir='ltr'>juvenum</span> <span class='ocrx_word' id='word_1_106' title='bbox 978 1423 1144 1452; x_wconf 92' lang='lat' dir='ltr'>manus</span> <span class='ocrx_word' id='word_1_107' title='bbox 1171 1406 1341 1451; x_wconf 86' lang='lat' dir='ltr'>emicat</span> <span class='ocrx_word' id='word_1_108' title='bbox 1362 1405 1530 1452; x_wconf 84' lang='lat' dir='ltr'>ardens</span> <span class='ocrx_word' id='word_1_109' title='bbox 1687 1416 1704 1445; x_wconf 87' lang='grc'><strong><em>5</em></strong></span> 
     </span>
     <span class='ocr_line' id='line_1_16' title="bbox 198 1481 1487 1544; baseline -0.001 -17"><span class='ocrx_word' id='word_1_110' title='bbox 198 1482 332 1528; x_wconf 87' lang='lat' dir='ltr'>Litus</span> <span class='ocrx_word' id='word_1_111' title='bbox 358 1483 406 1527; x_wconf 88' lang='lat' dir='ltr'>in</span> <span class='ocrx_word' id='word_1_112' title='bbox 427 1484 733 1544; x_wconf 83' lang='lat' dir='ltr'>Hesperium3</span> <span class='ocrx_word' id='word_1_113' title='bbox 759 1482 929 1544; x_wconf 89' lang='lat' dir='ltr'>quaerit</span> <span class='ocrx_word' id='word_1_114' title='bbox 951 1498 1060 1544; x_wconf 87' lang='lat' dir='ltr'>pars</span> <span class='ocrx_word' id='word_1_115' title='bbox 1080 1482 1259 1528; x_wconf 86' lang='lat' dir='ltr'>semina</span> <span class='ocrx_word' id='word_1_116' title='bbox 1287 1481 1487 1527; x_wconf 82' lang='lat' dir='ltr'>flammae</span> 
     </span>
    </p>
   </div>
   <div class='ocr_carea' id='block_1_3' title="bbox 195 1682 918 2849">
    <p class='ocr_par' dir='ltr' id='par_1_4' title="bbox 195 1682 918 2849">
     <span class='ocr_line' id='line_1_17' title="bbox 262 1682 918 1744; baseline -0.002 -14"><span class='ocrx_word' id='word_1_117' title='bbox 262 1693 385 1730; x_wconf 86' lang='lat'>1—8.</span> <span class='ocrx_word' id='word_1_118' title='bbox 402 1682 453 1736; x_wconf 61' lang='grc' dir='ltr'>ς’ὶς</span> <span class='ocrx_word' id='word_1_119' title='bbox 471 1689 570 1744; x_wconf 70' lang='grc' dir='ltr'>φάτο</span> <span class='ocrx_word' id='word_1_120' title='bbox 591 1687 821 1744; x_wconf 69' lang='grc' dir='ltr'>δακρυχέων</span> <span class='ocrx_word' id='word_1_121' title='bbox 838 1693 918 1730; x_wconf 89' lang='lat' dir='ltr'>Ho-</span> 
     </span>
     <span class='ocr_line' id='line_1_18' title="bbox 197 1751 916 1796; baseline -0.003 -8"><span class='ocrx_word' id='word_1_122' title='bbox 197 1752 401 1789; x_wconf 88' lang='lat' dir='ltr'>mericum.</span> <span class='ocrx_word' id='word_1_123' title='bbox 449 1753 611 1790; x_wconf 82' lang='lat' dir='ltr'>Novum</span> <span class='ocrx_word' id='word_1_124' title='bbox 657 1751 816 1787; x_wconf 89' lang='lat' dir='ltr'>clavum</span> <span class='ocrx_word' id='word_1_125' title='bbox 856 1751 916 1796; x_wconf 89' lang='lat' dir='ltr'>ei,</span> 
     </span>
     <span class='ocr_line' id='line_1_19' title="bbox 196 1809 915 1859; baseline 0 -14"><span class='ocrx_word' id='word_1_126' title='bbox 196 1822 316 1859; x_wconf 90' lang='lat' dir='ltr'>quem</span> <span class='ocrx_word' id='word_1_127' title='bbox 352 1809 563 1847; x_wconf 87' lang='lat' dir='ltr'>Palinurus</span> <span class='ocrx_word' id='word_1_128' title='bbox 594 1810 638 1846; x_wconf 93' lang='lat' dir='ltr'>in</span> <span class='ocrx_word' id='word_1_129' title='bbox 672 1821 779 1846; x_wconf 90' lang='lat' dir='ltr'>mare</span> <span class='ocrx_word' id='word_1_130' title='bbox 817 1820 915 1858; x_wconf 86' lang='lat' dir='ltr'>prae-</span> 
     </span>
     <span class='ocr_line' id='line_1_20' title="bbox 198 1866 915 1919; baseline 0.001 -16"><span class='ocrx_word' id='word_1_131' title='bbox 198 1879 290 1917; x_wconf 89' lang='lat' dir='ltr'>ceps</span> <span class='ocrx_word' id='word_1_132' title='bbox 328 1880 463 1904; x_wconf 89' lang='lat' dir='ltr'>secum</span> <span class='ocrx_word' id='word_1_133' title='bbox 491 1867 676 1904; x_wconf 87' lang='lat' dir='ltr'>avellerat</span> <span class='ocrx_word' id='word_1_134' title='bbox 709 1866 824 1919; x_wconf 85' lang='lat' dir='ltr'>(sup.</span> <span class='ocrx_word' id='word_1_135' title='bbox 853 1869 915 1912; x_wconf 86' lang='lat' dir='ltr'>V,</span> 
     </span>
     <span class='ocr_line' id='line_1_21' title="bbox 201 1925 917 1976; baseline 0.001 -14"><span class='ocrx_word' id='word_1_136' title='bbox 201 1925 308 1972; x_wconf 80' lang='lat'>588,</span> <span class='ocrx_word' id='word_1_137' title='bbox 343 1925 478 1976; x_wconf 87' lang='lat'>589),</span> <span class='ocrx_word' id='word_1_138' title='bbox 509 1925 772 1962; x_wconf 84' lang='lat' dir='ltr'>substitutum</span> <span class='ocrx_word' id='word_1_139' title='bbox 798 1925 917 1963; x_wconf 86' lang='lat' dir='ltr'>fuisse</span> 
     </span>
     <span class='ocr_line' id='line_1_22' title="bbox 198 1983 915 2030; baseline -0.001 -9"><span class='ocrx_word' id='word_1_140' title='bbox 198 1996 282 2021; x_wconf 88' lang='lat' dir='ltr'>non</span> <span class='ocrx_word' id='word_1_141' title='bbox 314 1983 479 2030; x_wconf 87' lang='lat' dir='ltr'>dubito;</span> <span class='ocrx_word' id='word_1_142' title='bbox 514 1983 582 2020; x_wconf 90' lang='lat' dir='ltr'>sed</span> <span class='ocrx_word' id='word_1_143' title='bbox 615 1983 692 2021; x_wconf 87' lang='lat' dir='ltr'>hoc</span> <span class='ocrx_word' id='word_1_144' title='bbox 721 1997 807 2022; x_wconf 92' lang='lat' dir='ltr'>non</span> <span class='ocrx_word' id='word_1_145' title='bbox 835 1992 915 2030; x_wconf 84' lang='lat' dir='ltr'>est,</span> 
     </span>
     <span class='ocr_line' id='line_1_23' title="bbox 197 2041 916 2088; baseline 0 -9"><span class='ocrx_word' id='word_1_146' title='bbox 197 2042 319 2079; x_wconf 81' lang='lat' dir='ltr'>classi</span> <span class='ocrx_word' id='word_1_147' title='bbox 351 2041 514 2080; x_wconf 77' lang='lat' dir='ltr'>immisit</span> <span class='ocrx_word' id='word_1_148' title='bbox 538 2041 747 2088; x_wconf 75' lang='lat' dir='ltr'>kabenas;</span> <span class='ocrx_word' id='word_1_149' title='bbox 776 2055 916 2080; x_wconf 73' lang='lat' dir='ltr'>verum</span> 
     </span>
     <span class='ocr_line' id='line_1_24' title="bbox 195 2101 916 2153; baseline 0.001 -16"><span class='ocrx_word' id='word_1_150' title='bbox 195 2101 429 2152; x_wconf 85' lang='lat' dir='ltr'>simpliciter</span> <span class='ocrx_word' id='word_1_151' title='bbox 455 2109 625 2152; x_wconf 84' lang='lat' dir='ltr'>excepto</span> <span class='ocrx_word' id='word_1_152' title='bbox 645 2101 741 2139; x_wconf 82' lang='lat' dir='ltr'>velis</span> <span class='ocrx_word' id='word_1_153' title='bbox 769 2114 916 2153; x_wconf 85' lang='lat' dir='ltr'>expan-</span> 
     </span>
     <span class='ocr_line' id='line_1_25' title="bbox 197 2159 914 2211; baseline 0.001 -16"><span class='ocrx_word' id='word_1_154' title='bbox 197 2159 249 2195; x_wconf 87' lang='lat' dir='ltr'>sis</span> <span class='ocrx_word' id='word_1_155' title='bbox 270 2168 393 2198; x_wconf 87' lang='lat' dir='ltr'>vento</span> <span class='ocrx_word' id='word_1_156' title='bbox 407 2188 418 2207; x_wconf 93' lang='lat'><strong>,</strong></span> <span class='ocrx_word' id='word_1_157' title='bbox 450 2173 612 2198; x_wconf 89' lang='lat' dir='ltr'>cursum</span> <span class='ocrx_word' id='word_1_158' title='bbox 630 2159 797 2211; x_wconf 83' lang='lat' dir='ltr'>urgebat</span> <span class='ocrx_word' id='word_1_159' title='bbox 818 2161 914 2198; x_wconf 91' lang='lat' dir='ltr'>clas-</span> 
     </span>
     <span class='ocr_line' id='line_1_26' title="bbox 196 2218 914 2271; baseline 0.007 -19"><span class='ocrx_word' id='word_1_160' title='bbox 196 2218 271 2263; x_wconf 85' lang='lat' dir='ltr'>sis,</span> <span class='ocrx_word' id='word_1_161' title='bbox 312 2227 351 2256; x_wconf 89' lang='lat' dir='ltr'>et</span> <span class='ocrx_word' id='word_1_162' title='bbox 380 2231 523 2255; x_wconf 87' lang='lat' dir='ltr'>navem</span> <span class='ocrx_word' id='word_1_163' title='bbox 555 2218 716 2271; x_wconf 87' lang='lat' dir='ltr'>regebat</span> <span class='ocrx_word' id='word_1_164' title='bbox 751 2222 914 2264; x_wconf 89' lang='lat' dir='ltr'>AEneas,</span> 
     </span>
     <span class='ocr_line' id='line_1_27' title="bbox 195 2276 917 2324; baseline 0.006 -13"><span class='ocrx_word' id='word_1_165' title='bbox 195 2276 267 2324; x_wconf 91' lang='lat' dir='ltr'>qui</span> <span class='ocrx_word' id='word_1_166' title='bbox 292 2276 335 2313; x_wconf 93' lang='lat' dir='ltr'>in</span> <span class='ocrx_word' id='word_1_167' title='bbox 363 2276 539 2314; x_wconf 86' lang='lat' dir='ltr'>Palinuri</span> <span class='ocrx_word' id='word_1_168' title='bbox 562 2277 697 2315; x_wconf 90' lang='lat' dir='ltr'>locum</span> <span class='ocrx_word' id='word_1_169' title='bbox 728 2290 917 2315; x_wconf 89' lang='lat' dir='ltr'>successe-</span> 
     </span>
     <span class='ocr_line' id='line_1_28' title="bbox 196 2334 916 2387; baseline 0.006 -18"><span class='ocrx_word' id='word_1_170' title='bbox 196 2341 267 2370; x_wconf 85' lang='lat' dir='ltr'>rat.</span> <span class='ocrx_word' id='word_1_171' title='bbox 293 2335 398 2371; x_wconf 88' lang='lat' dir='ltr'>Nota</span> <span class='ocrx_word' id='word_1_172' title='bbox 426 2334 653 2385; x_wconf 87' lang='lat' dir='ltr'>metaphora</span> <span class='ocrx_word' id='word_1_173' title='bbox 685 2336 733 2372; x_wconf 91' lang='lat' dir='ltr'>ab</span> <span class='ocrx_word' id='word_1_174' title='bbox 761 2337 916 2387; x_wconf 85' lang='lat' dir='ltr'>auriga-</span> 
     </span>
     <span class='ocr_line' id='line_1_29' title="bbox 196 2391 915 2444; baseline 0.006 -16"><span class='ocrx_word' id='word_1_175' title='bbox 196 2391 336 2430; x_wconf 87' lang='lat' dir='ltr'>tione:</span> <span class='ocrx_word' id='word_1_176' title='bbox 372 2405 492 2442; x_wconf 89' lang='lat' dir='ltr'>quam</span> <span class='ocrx_word' id='word_1_177' title='bbox 525 2405 613 2444; x_wconf 87' lang='lat' dir='ltr'>sup.</span> <span class='ocrx_word' id='word_1_178' title='bbox 647 2395 708 2439; x_wconf 90' lang='lat' dir='ltr'>V,</span> <span class='ocrx_word' id='word_1_179' title='bbox 744 2394 827 2431; x_wconf 86' lang='lat'>662</span> <span class='ocrx_word' id='word_1_180' title='bbox 866 2394 915 2432; x_wconf 87' lang='lat' dir='ltr'>de</span> 
     </span>
     <span class='ocr_line' id='line_1_30' title="bbox 198 2448 916 2503; baseline 0.007 -18"><span class='ocrx_word' id='word_1_181' title='bbox 198 2448 350 2486; x_wconf 79' lang='lat' dir='ltr'>flamma</span> <span class='ocrx_word' id='word_1_182' title='bbox 377 2449 579 2489; x_wconf 85' lang='lat' dir='ltr'>vidimus:</span> <span class='ocrx_word' id='word_1_183' title='bbox 598 2449 706 2503; x_wconf 74' lang='lat' dir='ltr'>fierit</span> <span class='ocrx_word' id='word_1_184' title='bbox 731 2451 916 2490; x_wconf 80' lang='lat' dir='ltr'>immissis</span> 
     </span>
     <span class='ocr_line' id='line_1_31' title="bbox 200 2508 914 2549; baseline 0.007 -5"><span class='ocrx_word' id='word_1_185' title='bbox 200 2508 404 2545; x_wconf 84' lang='lat' dir='ltr'>Vulcanus</span> <span class='ocrx_word' id='word_1_186' title='bbox 423 2508 704 2549; x_wconf 75' lang='lat' dir='ltr'>habenis.—-2.</span> <span class='ocrx_word' id='word_1_187' title='bbox 726 2511 914 2549; x_wconf 79' lang='lat' dir='ltr'>Euboicis</span> 
     </span>
     <span class='ocr_line' id='line_1_32' title="bbox 202 2564 910 2615; baseline 0.008 -14"><span class='ocrx_word' id='word_1_188' title='bbox 202 2564 415 2604; x_wconf 75' lang='lat' dir='ltr'>Cumarum</span> <span class='ocrx_word' id='word_1_189' title='bbox 449 2567 538 2606; x_wconf 83' lang='lat' dir='ltr'>oris.</span> <span class='ocrx_word' id='word_1_190' title='bbox 570 2570 656 2607; x_wconf 80' lang='lat' dir='ltr'>Liv.</span> <span class='ocrx_word' id='word_1_191' title='bbox 692 2571 817 2615; x_wconf 83' lang='lat' dir='ltr'>VIII,</span> <span class='ocrx_word' id='word_1_192' title='bbox 859 2583 910 2607; x_wconf 86' lang='lat'>22</span> 
     </span>
     <span class='ocr_line' id='line_1_33' title="bbox 201 2623 913 2665; baseline 0.008 -6"><span class='ocrx_word' id='word_1_193' title='bbox 201 2623 377 2661; x_wconf 81' lang='lat' dir='ltr'>Cumani</span> <span class='ocrx_word' id='word_1_194' title='bbox 411 2625 460 2661; x_wconf 84' lang='lat' dir='ltr'>ab</span> <span class='ocrx_word' id='word_1_195' title='bbox 499 2625 690 2663; x_wconf 74' lang='lat' dir='ltr'>Chalcide</span> <span class='ocrx_word' id='word_1_196' title='bbox 732 2627 913 2665; x_wconf 80' lang='lat' dir='ltr'>Euboica</span> 
     </span>
     <span class='ocr_line' id='line_1_34' title="bbox 198 2681 911 2732; baseline 0.008 -15"><span class='ocrx_word' id='word_1_197' title='bbox 198 2681 393 2732; x_wconf 71' lang='lat' dir='ltr'>originem</span> <span class='ocrx_word' id='word_1_198' title='bbox 423 2682 597 2721; x_wconf 75' lang='lat' dir='ltr'>trahunt.</span> <span class='ocrx_word' id='word_1_199' title='bbox 630 2684 712 2722; x_wconf 87' lang='lat' dir='ltr'>vid.</span> <span class='ocrx_word' id='word_1_200' title='bbox 751 2685 911 2724; x_wconf 86' lang='lat' dir='ltr'>Cluver.</span> 
     </span>
     <span class='ocr_line' id='line_1_35' title="bbox 199 2739 913 2791; baseline 0.008 -16"><span class='ocrx_word' id='word_1_201' title='bbox 199 2739 287 2778; x_wconf 87' lang='lat' dir='ltr'>Ital.</span> <span class='ocrx_word' id='word_1_202' title='bbox 319 2748 397 2777; x_wconf 89' lang='lat' dir='ltr'>ant.</span> <span class='ocrx_word' id='word_1_203' title='bbox 426 2739 497 2778; x_wconf 89' lang='lat' dir='ltr'>lib.</span> <span class='ocrx_word' id='word_1_204' title='bbox 531 2742 611 2788; x_wconf 89' lang='lat' dir='ltr'>IV,</span> <span class='ocrx_word' id='word_1_205' title='bbox 639 2755 680 2791; x_wconf 87' lang='lat' dir='ltr'>p.</span> <span class='ocrx_word' id='word_1_206' title='bbox 719 2754 851 2788; x_wconf 87' lang='lat'>1102,</span> <span class='ocrx_word' id='word_1_207' title='bbox 874 2753 913 2781; x_wconf 91' lang='lat' dir='ltr'>et</span> 
     </span>
     <span class='ocr_line' id='line_1_36' title="bbox 199 2798 911 2849; baseline 0.007 -16"><span class='ocrx_word' id='word_1_208' title='bbox 199 2798 268 2848; x_wconf 75' lang='lat' dir='ltr'>qui</span> <span class='ocrx_word' id='word_1_209' title='bbox 312 2811 440 2849; x_wconf 82' lang='lat' dir='ltr'>nuper</span> <span class='ocrx_word' id='word_1_210' title='bbox 472 2799 587 2836; x_wconf 89' lang='lat' dir='ltr'>nimis</span> <span class='ocrx_word' id='word_1_211' title='bbox 626 2812 790 2849; x_wconf 84' lang='lat' dir='ltr'>operose</span> <span class='ocrx_word' id='word_1_212' title='bbox 827 2814 911 2838; x_wconf 88' lang='lat' dir='ltr'>rem</span> 
     </span>
    </p>
   </div>
   <div class='ocr_carea' id='block_1_4' title="bbox 978 1692 1705 2851">
    <p class='ocr_par' dir='ltr' id='par_1_5' title="bbox 978 1692 1705 2851">
     <span class='ocr_line' id='line_1_37' title="bbox 982 1692 1701 1742; baseline 0.001 -13"><span class='ocrx_word' id='word_1_213' title='bbox 982 1699 1253 1742; x_wconf 87' lang='lat' dir='ltr'>prosequutus</span> <span class='ocrx_word' id='word_1_214' title='bbox 1279 1699 1338 1728; x_wconf 85' lang='lat' dir='ltr'>est</span> <span class='ocrx_word' id='word_1_215' title='bbox 1365 1692 1556 1742; x_wconf 83' lang='lat' dir='ltr'>singulari</span> <span class='ocrx_word' id='word_1_216' title='bbox 1586 1694 1701 1730; x_wconf 88' lang='lat' dir='ltr'>volu-</span> 
     </span>
     <span class='ocr_line' id='line_1_38' title="bbox 984 1748 1705 1802; baseline -0.001 -16"><span class='ocrx_word' id='word_1_217' title='bbox 984 1751 1091 1786; x_wconf 90' lang='lat' dir='ltr'>mine</span> <span class='ocrx_word' id='word_1_218' title='bbox 1135 1748 1392 1786; x_wconf 90' lang='lat' dir='ltr'>Martorellus</span> <span class='ocrx_word' id='word_1_219' title='bbox 1424 1751 1549 1802; x_wconf 81' lang='lat' dir='ltr'>Neap‚</span> <span class='ocrx_word' id='word_1_220' title='bbox 1593 1750 1608 1802; x_wconf 84' lang='lat'>(</span> <span class='ocrx_word' id='word_1_221' title='bbox 1635 1750 1705 1787; x_wconf 86' lang='lat' dir='ltr'>Gli</span> 
     </span>
     <span class='ocr_line' id='line_1_39' title="bbox 984 1805 1701 1847; baseline 0.004 -3"><span class='ocrx_word' id='word_1_222' title='bbox 984 1805 1155 1845; x_wconf 84' lang='lat' dir='ltr'>Euboici</span> <span class='ocrx_word' id='word_1_223' title='bbox 1175 1806 1338 1844; x_wconf 79' lang='lat' dir='ltr'>secondi</span> <span class='ocrx_word' id='word_1_224' title='bbox 1358 1807 1563 1846; x_wconf 82' lang='lat' dir='ltr'>Abitacori</span> <span class='ocrx_word' id='word_1_225' title='bbox 1590 1809 1701 1847; x_wconf 83' lang='lat' dir='ltr'>della</span> 
     </span>
     <span class='ocr_line' id='line_1_40' title="bbox 988 1864 1703 1916; baseline 0.001 -12"><span class='ocrx_word' id='word_1_226' title='bbox 988 1865 1094 1904; x_wconf 74' lang='lat' dir='ltr'>Ciccc&#39;z</span> <span class='ocrx_word' id='word_1_227' title='bbox 1125 1865 1170 1902; x_wconf 88' lang='lat' dir='ltr'>di</span> <span class='ocrx_word' id='word_1_228' title='bbox 1199 1865 1356 1916; x_wconf 82' lang='lat' dir='ltr'>Napoli</span> <span class='ocrx_word' id='word_1_229' title='bbox 1383 1864 1414 1915; x_wconf 89' lang='lat'>).</span> <span class='ocrx_word' id='word_1_230' title='bbox 1437 1869 1497 1904; x_wconf 88' lang='lat' dir='ltr'>De</span> <span class='ocrx_word' id='word_1_231' title='bbox 1525 1867 1703 1906; x_wconf 89' lang='lat' dir='ltr'>condito-</span> 
     </span>
     <span class='ocr_line' id='line_1_41' title="bbox 983 1923 1702 1976; baseline 0.001 -14"><span class='ocrx_word' id='word_1_232' title='bbox 983 1924 1094 1962; x_wconf 86' lang='lat' dir='ltr'>ribus</span> <span class='ocrx_word' id='word_1_233' title='bbox 1131 1925 1246 1962; x_wconf 83' lang='lat' dir='ltr'>locus</span> <span class='ocrx_word' id='word_1_234' title='bbox 1281 1923 1467 1962; x_wconf 85' lang='lat' dir='ltr'>classicus</span> <span class='ocrx_word' id='word_1_235' title='bbox 1497 1938 1560 1976; x_wconf 87' lang='lat' dir='ltr'>ap.</span> <span class='ocrx_word' id='word_1_236' title='bbox 1599 1928 1702 1965; x_wconf 88' lang='lat' dir='ltr'>Stra-</span> 
     </span>
     <span class='ocr_line' id='line_1_42' title="bbox 983 1983 1703 2036; baseline 0.001 -15"><span class='ocrx_word' id='word_1_237' title='bbox 983 1983 1080 2021; x_wconf 89' lang='lat' dir='ltr'>bon.</span> <span class='ocrx_word' id='word_1_238' title='bbox 1109 1985 1160 2030; x_wconf 90' lang='lat' dir='ltr'>V,</span> <span class='ocrx_word' id='word_1_239' title='bbox 1182 1996 1222 2034; x_wconf 88' lang='lat' dir='ltr'>p.</span> <span class='ocrx_word' id='word_1_240' title='bbox 1255 1983 1351 2028; x_wconf 75' lang='lat'>243.</span> <span class='ocrx_word' id='word_1_241' title='bbox 1376 1985 1559 2036; x_wconf 87' lang='lat' dir='ltr'>Origines</span> <span class='ocrx_word' id='word_1_242' title='bbox 1589 1984 1703 2022; x_wconf 83' lang='lat' dir='ltr'>urbis</span> 
     </span>
     <span class='ocr_line' id='line_1_43' title="bbox 983 2041 1704 2080; baseline 0.001 -1"><span class='ocrx_word' id='word_1_243' title='bbox 983 2041 1214 2080; x_wconf 87' lang='lat' dir='ltr'>antecedere</span> <span class='ocrx_word' id='word_1_244' title='bbox 1240 2041 1414 2080; x_wconf 85' lang='lat' dir='ltr'>debuere</span> <span class='ocrx_word' id='word_1_245' title='bbox 1441 2041 1616 2080; x_wconf 81' lang='lat' dir='ltr'>colonias</span> <span class='ocrx_word' id='word_1_246' title='bbox 1642 2045 1704 2080; x_wconf 92' lang='lat' dir='ltr'>Io-</span> 
     </span>
     <span class='ocr_line' id='line_1_44' title="bbox 982 2099 1703 2153; baseline 0 -15"><span class='ocrx_word' id='word_1_247' title='bbox 982 2101 1088 2138; x_wconf 83' lang='lat' dir='ltr'>nicas</span> <span class='ocrx_word' id='word_1_248' title='bbox 1114 2109 1154 2139; x_wconf 90' lang='lat' dir='ltr'>et</span> <span class='ocrx_word' id='word_1_249' title='bbox 1179 2100 1371 2138; x_wconf 85' lang='lat' dir='ltr'>AEolicas.-</span> <span class='ocrx_word' id='word_1_250' title='bbox 1391 2114 1431 2138; x_wconf 87' lang='lat' dir='ltr'>v.</span> <span class='ocrx_word' id='word_1_251' title='bbox 1461 2099 1603 2138; x_wconf 82' lang='lat' dir='ltr'>Vellei.</span> <span class='ocrx_word' id='word_1_252' title='bbox 1628 2103 1703 2153; x_wconf 60' lang='lat' dir='ltr'>,Pp-</span> 
     </span>
     <span class='ocr_line' id='line_1_45' title="bbox 983 2149 1699 2207; baseline 0.001 -11"><span class='ocrx_word' id='word_1_253' title='bbox 983 2160 1124 2198; x_wconf 83' lang='lat' dir='ltr'>tercul.</span> <span class='ocrx_word' id='word_1_254' title='bbox 1143 2161 1163 2196; x_wconf 97' lang='lat' dir='ltr'>I</span> <span class='ocrx_word' id='word_1_255' title='bbox 1175 2188 1186 2207; x_wconf 86' lang='lat'>‚</span> <span class='ocrx_word' id='word_1_256' title='bbox 1209 2166 1246 2204; x_wconf 80' lang='grc'>4.</span> <span class='ocrx_word' id='word_1_257' title='bbox 1267 2158 1373 2197; x_wconf 89' lang='lat' dir='ltr'>conf.</span> <span class='ocrx_word' id='word_1_258' title='bbox 1387 2149 1699 2197; x_wconf 46' lang='lat' dir='ltr'>Wernsdorfsss.</span> 
     </span>
     <span class='ocr_line' id='line_1_46' title="bbox 982 2216 1702 2270; baseline -0.001 -14"><span class='ocrx_word' id='word_1_259' title='bbox 982 2219 1041 2256; x_wconf 89' lang='lat' dir='ltr'>M.</span> <span class='ocrx_word' id='word_1_260' title='bbox 1071 2226 1099 2257; x_wconf 92' lang='lat' dir='ltr'>t.</span> <span class='ocrx_word' id='word_1_261' title='bbox 1132 2220 1217 2265; x_wconf 86' lang='lat' dir='ltr'>IV,</span> <span class='ocrx_word' id='word_1_262' title='bbox 1247 2232 1288 2270; x_wconf 93' lang='lat' dir='ltr'>p.</span> <span class='ocrx_word' id='word_1_263' title='bbox 1312 2217 1393 2267; x_wconf 80' lang='lat'>393</span> <span class='ocrx_word' id='word_1_264' title='bbox 1413 2229 1471 2268; x_wconf 85' lang='lat' dir='ltr'>sq.</span> <span class='ocrx_word' id='word_1_265' title='bbox 1493 2216 1623 2256; x_wconf 89' lang='lat' dir='ltr'>Habet</span> <span class='ocrx_word' id='word_1_266' title='bbox 1640 2230 1702 2255; x_wconf 88' lang='lat' dir='ltr'>res</span> 
     </span>
     <span class='ocr_line' id='line_1_47' title="bbox 983 2273 1701 2328; baseline 0 -14"><span class='ocrx_word' id='word_1_267' title='bbox 983 2275 1237 2315; x_wconf 87' lang='lat' dir='ltr'>difficultates</span> <span class='ocrx_word' id='word_1_268' title='bbox 1250 2305 1260 2325; x_wconf 87' lang='lat'><strong>,</strong></span> <span class='ocrx_word' id='word_1_269' title='bbox 1281 2274 1372 2328; x_wconf 85' lang='lat' dir='ltr'>quae</span> <span class='ocrx_word' id='word_1_270' title='bbox 1392 2283 1522 2313; x_wconf 88' lang='lat' dir='ltr'>tamen</span> <span class='ocrx_word' id='word_1_271' title='bbox 1543 2273 1591 2311; x_wconf 88' lang='lat' dir='ltr'>ad</span> <span class='ocrx_word' id='word_1_272' title='bbox 1606 2288 1701 2325; x_wconf 85' lang='lat' dir='ltr'>poe-</span> 
     </span>
     <span class='ocr_line' id='line_1_48' title="bbox 982 2333 1698 2374; baseline 0 -2"><span class='ocrx_word' id='word_1_273' title='bbox 982 2344 1032 2374; x_wconf 81' lang='lat' dir='ltr'>tae</span> <span class='ocrx_word' id='word_1_274' title='bbox 1046 2336 1261 2374; x_wconf 86' lang='lat' dir='ltr'>lectionem</span> <span class='ocrx_word' id='word_1_275' title='bbox 1279 2333 1382 2373; x_wconf 86' lang='lat' dir='ltr'>nihil</span> <span class='ocrx_word' id='word_1_276' title='bbox 1399 2334 1562 2371; x_wconf 83' lang='lat' dir='ltr'>faciunt.</span> <span class='ocrx_word' id='word_1_277' title='bbox 1582 2334 1698 2373; x_wconf 90' lang='lat' dir='ltr'>Conf.</span> 
     </span>
     <span class='ocr_line' id='line_1_49' title="bbox 981 2391 1697 2442; baseline -0.003 -10"><span class='ocrx_word' id='word_1_278' title='bbox 981 2395 1152 2432; x_wconf 86' lang='lat' dir='ltr'>Simsoni</span> <span class='ocrx_word' id='word_1_279' title='bbox 1165 2394 1352 2432; x_wconf 88' lang='lat' dir='ltr'>Chronic.</span> <span class='ocrx_word' id='word_1_280' title='bbox 1370 2391 1418 2429; x_wconf 90' lang='lat' dir='ltr'>ad</span> <span class='ocrx_word' id='word_1_281' title='bbox 1429 2393 1480 2429; x_wconf 79' lang='lat' dir='ltr'>A.</span> <span class='ocrx_word' id='word_1_282' title='bbox 1494 2393 1554 2431; x_wconf 92' lang='lat' dir='ltr'>M.</span> <span class='ocrx_word' id='word_1_283' title='bbox 1570 2392 1697 2442; x_wconf 80' lang='lat'>2954.</span> 
     </span>
     <span class='ocr_line' id='line_1_50' title="bbox 981 2451 1701 2500; baseline -0.003 -10"><span class='ocrx_word' id='word_1_284' title='bbox 981 2454 1020 2490; x_wconf 82' lang='lat' dir='ltr'>A</span> <span class='ocrx_word' id='word_1_285' title='bbox 1045 2453 1192 2490; x_wconf 84' lang='lat' dir='ltr'>seriore</span> <span class='ocrx_word' id='word_1_286' title='bbox 1221 2459 1326 2489; x_wconf 88' lang='lat' dir='ltr'>certe</span> <span class='ocrx_word' id='word_1_287' title='bbox 1354 2458 1532 2500; x_wconf 87' lang='lat' dir='ltr'>tempore</span> <span class='ocrx_word' id='word_1_288' title='bbox 1558 2451 1608 2488; x_wconf 89' lang='lat' dir='ltr'>ad</span> <span class='ocrx_word' id='word_1_289' title='bbox 1637 2463 1701 2488; x_wconf 89' lang='lat' dir='ltr'>an-</span> 
     </span>
     <span class='ocr_line' id='line_1_51' title="bbox 980 2509 1700 2561; baseline -0.003 -13"><span class='ocrx_word' id='word_1_290' title='bbox 980 2511 1192 2561; x_wconf 88' lang='lat' dir='ltr'>tiquiorem</span> <span class='ocrx_word' id='word_1_291' title='bbox 1218 2512 1352 2546; x_wconf 88' lang='lat' dir='ltr'>AEneae</span> <span class='ocrx_word' id='word_1_292' title='bbox 1375 2516 1528 2546; x_wconf 81' lang='lat' dir='ltr'>aetatem</span> <span class='ocrx_word' id='word_1_293' title='bbox 1554 2509 1700 2547; x_wconf 86' lang='lat' dir='ltr'>Cumas</span> 
     </span>
     <span class='ocr_line' id='line_1_52' title="bbox 979 2566 1699 2606; baseline 0 -2"><span class='ocrx_word' id='word_1_294' title='bbox 979 2580 1000 2604; x_wconf 89' lang='lat' dir='ltr'>a</span> <span class='ocrx_word' id='word_1_295' title='bbox 1043 2566 1368 2606; x_wconf 84' lang='lat' dir='ltr'>Chalcidensibus</span> <span class='ocrx_word' id='word_1_296' title='bbox 1416 2567 1596 2604; x_wconf 89' lang='lat' dir='ltr'>conditas</span> <span class='ocrx_word' id='word_1_297' title='bbox 1638 2580 1699 2604; x_wconf 85' lang='lat' dir='ltr'>re-</span> 
     </span>
     <span class='ocr_line' id='line_1_53' title="bbox 981 2623 1696 2676; baseline 0.001 -15"><span class='ocrx_word' id='word_1_298' title='bbox 981 2626 1103 2662; x_wconf 83' lang='lat' dir='ltr'>traxit</span> <span class='ocrx_word' id='word_1_299' title='bbox 1119 2623 1323 2676; x_wconf 85' lang='lat' dir='ltr'>Virgilius.</span> <span class='ocrx_word' id='word_1_300' title='bbox 1345 2625 1394 2663; x_wconf 87' lang='lat' dir='ltr'>cf.</span> <span class='ocrx_word' id='word_1_301' title='bbox 1416 2625 1519 2663; x_wconf 91' lang='lat' dir='ltr'>Gell.</span> <span class='ocrx_word' id='word_1_302' title='bbox 1539 2628 1600 2670; x_wconf 85' lang='lat' dir='ltr'>X,</span> <span class='ocrx_word' id='word_1_303' title='bbox 1632 2626 1696 2663; x_wconf 83' lang='lat'>16.</span> 
     </span>
     <span class='ocr_line' id='line_1_54' title="bbox 979 2681 1698 2734; baseline 0 -14"><span class='ocrx_word' id='word_1_304' title='bbox 979 2705 1038 2711; x_wconf 93' lang='lat'>—</span> <span class='ocrx_word' id='word_1_305' title='bbox 1056 2683 1093 2720; x_wconf 82' lang='lat'>3.</span> <span class='ocrx_word' id='word_1_306' title='bbox 1107 2684 1239 2720; x_wconf 78' lang='lat' dir='ltr'>Dente</span> <span class='ocrx_word' id='word_1_307' title='bbox 1259 2681 1406 2722; x_wconf 79' lang='lat' dir='ltr'>tenaci.</span> <span class='ocrx_word' id='word_1_308' title='bbox 1431 2697 1521 2734; x_wconf 85' lang='lat' dir='ltr'>sup.</span> <span class='ocrx_word' id='word_1_309' title='bbox 1546 2684 1566 2720; x_wconf 96' lang='lat' dir='ltr'>I</span> <span class='ocrx_word' id='word_1_310' title='bbox 1580 2712 1590 2729; x_wconf 95' lang='lat'>‚</span> <span class='ocrx_word' id='word_1_311' title='bbox 1619 2684 1698 2733; x_wconf 88' lang='lat'>169</span> 
     </span>
     <span class='ocr_line' id='line_1_55' title="bbox 979 2740 1696 2792; baseline 0.003 -16"><span class='ocrx_word' id='word_1_312' title='bbox 979 2753 1081 2777; x_wconf 85' lang='lat' dir='ltr'>unco</span> <span class='ocrx_word' id='word_1_313' title='bbox 1103 2755 1184 2778; x_wconf 83' lang='lat' dir='ltr'>non</span> <span class='ocrx_word' id='word_1_314' title='bbox 1205 2740 1354 2792; x_wconf 79' lang='lat' dir='ltr'>alligat</span> <span class='ocrx_word' id='word_1_315' title='bbox 1371 2754 1526 2779; x_wconf 85' lang='lat' dir='ltr'>ancora</span> <span class='ocrx_word' id='word_1_316' title='bbox 1550 2755 1696 2779; x_wconf 90' lang='lat' dir='ltr'>morsu.</span> 
     </span>
     <span class='ocr_line' id='line_1_56' title="bbox 978 2798 1700 2851; baseline 0.003 -16"><span class='ocrx_word' id='word_1_317' title='bbox 978 2799 1191 2837; x_wconf 79' lang='lat' dir='ltr'>Fundabat</span> <span class='ocrx_word' id='word_1_318' title='bbox 1212 2800 1448 2849; x_wconf 77' lang='lat' dir='ltr'>exquisitius</span> <span class='ocrx_word' id='word_1_319' title='bbox 1472 2813 1589 2851; x_wconf 87' lang='lat' dir='ltr'>quam</span> <span class='ocrx_word' id='word_1_320' title='bbox 1606 2829 1616 2849; x_wconf 86' lang='lat'>,</span> <span class='ocrx_word' id='word_1_321' title='bbox 1635 2798 1700 2836; x_wconf 82' lang='lat' dir='ltr'>fir-</span> 
     </span>
    </p>
   </div>
  </div>
 </body>
</html>
