1767 3054
672 100 823 137 LLssLn
856 101 944 135 vll.

1486 118 1562 151 227

66 181 149 221 Ast
169 192 279 240 ego,
305 189 471 234 magna
491 171 620 218 Jovis
647 170 842 231 conjux,
867 170 932 214 nil
957 170 1170 231 linquere
1198 173 1412 220 inausum

65 254 182 305 Quae
208 249 340 311 potui
362 246 545 302 infelix,
570 261 676 306 quae
701 257 871 291 memet
892 246 939 290 in
961 246 1119 291 omnia
1143 249 1287 304 verti,

64 326 238 370 Vincor
261 322 321 369 ab
344 324 511 367 AEnea!
539 320 682 378 Quod
707 321 744 366 si
772 337 874 366 mea
898 321 1091 367 numina
1118 337 1213 367 non
1238 335 1346 369 sunt
1498 338 1556 366 §.0

62 403 233 460 Magna
257 397 390 453 satis,
418 395 631 442 dubitem
655 394 783 440 haud
803 395 1022 457 equidem
1050 397 1306 459 implorare
1330 400 1460 460 quod
1489 418 1683 462 usquam
1711 418 1767 448 051

63 474 270 518 Flectere
294 472 332 518 si
355 487 539 533 nequeo
561 488 781 534 superos,
807 471 1079 517 Acheronta
1104 472 1323 519 movebo.

63 549 170 592 Non
195 546 388 593 dabitur
411 547 589 608 regnis,
612 557 712 591 esto
728 581 740 602 ,
768 545 1024 607 prohibere
1049 547 1252 603 Latinis,

64 627 220 684 Atque
246 623 423 668 inmota
450 633 604 667 manet
628 621 734 667 satis
755 621 951 667 Lavinia
975 622 1147 683 conjux
1170 641 1178 666 :

67 789 188 838 (rdon
203 817 213 833 ,
242 802 320 838 quo
344 797 500 825 tantam
516 801 682 837 pez-nam
708 802 785 825 me-

68 852 233 884 res-rent.³
253 848 327 884 Hic
352 847 526 896 primum
549 846 782 894 exquisitio-

70 919 150 942 rein
165 906 357 941 rationem
377 902 579 949 adhibuit,
598 916 617 939 a
637 904 784 940 Graecis

71 963 245 1000 ductam.
265 961 400 998 Scelus
418 973 581 1004 merere,
602 974 689 1011 pro,
714 974 784 1011 per

69 1020 217 1066 scelus,
241 1020 407 1065 scelere,
436 1031 585 1056 merere
609 1032 783 1068 poenam.

68 1080 151 1115 Nec
173 1078 284 1114 aliter
304 1089 421 1127 supra
455 1078 515 1119 11,
538 1089 620 1125 229
652 1076 786 1113 Scelus

70 1134 309 1185 expendisse
334 1143 565 1176 merentem,
590 1147 684 1184 pro,
704 1147 785 1184 poe-

70 1205 142 1229 nas
166 1191 390 1242 expendere
411 1191 601 1228 merendo
621 1200 785 1242 propter

69 1250 209 1288 scelus.
228 1252 316 1287 Jam
341 1249 417 1286 hoc
438 1249 542 1286 idem
562 1250 695 1286 efferri
715 1262 785 1299 po-

76 1316 172 1345 terat
189 1322 258 1358 per
280 1320 411 1344 casum
443 1316 599 1344 sextum
626 1319 635 1344 :
665 1306 785 1357 Lapi-

73 1365 150 1402 this
164 1374 233 1402 aut
252 1365 459 1413 Calydone
476 1372 631 1402 tantum
645 1364 783 1408 scelus,

72 1424 112 1460 h.
134 1435 313 1473 poenam,
341 1436 420 1459 non
453 1421 719 1466 merentibus;
750 1431 789 1458 et

72 1493 164 1517 sane
181 1482 238 1518 sic
256 1480 376 1531 vulgo
392 1481 467 1530 legi
484 1481 614 1516 statim
638 1478 788 1516 videbi-

75 1549 190 1576 mus:
223 1537 340 1588 Quod
363 1537 487 1574 scelus
511 1546 583 1573 ant
609 1535 789 1587 Lapithis

76 1605 231 1632 tantum
251 1604 323 1632 aue
348 1595 557 1644 Calydone
577 1604 753 1632 merente
767 1599 788 1631 :³

76 1655 225 1690 Verum
245 1654 491 1691 inversiones
514 1665 646 1689 amans
671 1661 790 1702 poeta

75 1723 197 1760 porro
219 1724 312 1748 usus
331 1719 389 1748 est
410 1711 534 1748 forma
553 1711 699 1748 Atticis
714 1710 788 1747 fre-

76 1769 329 1817 quentissima
351 1795 361 1814 ,
413 1781 490 1818 qua
542 1767 790 1805 antecedenti

77 1833 286 1862 structurae
331 1825 651 1863 accommodatur
692 1825 759 1862 illa
777 1853 787 1871 ,

80 1894 167 1931 quae
186 1883 366 1932 sequitur
388 1893 397 1919 :
419 1883 613 1919 concessit
631 1883 791 1932 Jupiter

79 1940 216 1975 Dianae
231 1941 275 1975 in
292 1940 392 1976 iram
419 1939 631 1987 Calydona
650 1952 664 1975 .·
687 1938 796 1989 quod

81 1996 207 2032 scelus
227 2005 297 2032 auc
315 1994 507 2045 Lapithas
524 2005 596 2032 ant
622 1994 794 2044 Calydo-

85 2066 138 2088 na
158 2057 406 2091 merentem?
418 2065 473 2090 sc.
494 2051 534 2090 id
546 2080 557 2097 ‚
575 2053 793 2090 concessit?

83 2132 138 2139 —
154 2110 272 2160 Quod
287 2110 410 2147 scelus
435 2120 609 2156 tantum,
635 2119 702 2146 3111
724 2112 795 2147 La-

84 2167 205 2218 pithae
225 2181 404 2205 mernere
416 2195 427 2213 ‚
446 2177 513 2205 aut
526 2167 708 2218 Calydon
721 2169 737 2204 Ρ
752 2167 792 2206 11.

85 2239 118 2262 0.
133 2237 252 2275 quam
266 2234 410 2263 tantam
423 2238 580 2276 poenam
595 2238 605 2272 ;
622 2238 695 2276 pro
713 2225 797 2262 vul-

84 2285 167 2333 gari
185 2294 193 2319 :
213 2285 306 2332 Quo
321 2292 448 2320 tamen
463 2283 609 2320 scelere
622 2311 634 2330 ,
652 2290 720 2320 aut
730 2284 797 2320 La-

85 2339 206 2390 pithae
219 2368 230 2386 ‚
269 2349 337 2378 aut
374 2340 584 2391 Calydonii
597 2367 609 2385 ‚
649 2348 797 2378 tantam

86 2409 243 2447 poenam
264 2407 489 2436 meruerant
505 2399 522 2435 ἓ·
540 2397 698 2436 Scilicet
713 2411 799 2448 ραι·

86 2467 182 2490 nam
201 2455 348 2493 scelere
369 2468 518 2492 merere
544 2454 595 2492 ad
624 2456 798 2506 exquisi-

86 2513 225 2549 tiorem
242 2511 409 2551 formam
426 2521 652 2551 revocatum
664 2521 742 2559 est;
756 2520 801 2550 ut

86 2567 183 2607 adeo
206 2571 334 2608 scelus
352 2572 402 2608 sit
427 2569 577 2607 dictum
606 2583 698 2607 cum
729 2583 800 2608 no»

87 2626 194 2663 tione
217 2640 358 2677 poenae.
379 2627 525 2666 Melius
549 2624 622 2669 ἄτη
644 2637 800 2664 utrum·

23 2692 27 2695 '
87 2695 184 2731 que,
213 2693 251 2722 et
277 2685 431 2732 scelus,
465 2693 501 2722 et
529 2698 708 2736 poenam,
733 2684 800 2722 de·

85 2737 214 2779 clarat.

912 788 1008 825 308.
1029 810 1084 816 -—
1105 789 1201 837 319·
1227 790 1326 838 Quae
1350 791 1489 839 potui,
1523 792 1563 828 11.

853 846 1047 890 sustinui,
1082 846 1200 883 semel
1232 848 1273 883 10
1306 860 1395 884 011111
1429 847 1564 885 10011111

853 916 915 939 me
946 902 1104 948 demisi,
1137 912 1180 940 ut
1209 905 1341 941 onmia
1364 904 1563 942 auderem.

852 963 1008 997 Haerent
1026 963 1181 1011 Intpp.,
1205 961 1271 998 sed
1283 976 1404 1012 posse
1423 973 1461 1000 et
1473 964 1566 1000 alibi

852 1018 1018 1055 obvium
1035 1018 1113 1055 hoc
1133 1032 1266 1056 sensu.
1286 1024 1412 1070 Supra
1427 1034 1464 1058 ν.
1487 1022 1566 1057 300

854 1075 957 1113 idem
970 1105 980 1123 ,
994 1079 1108 1113 Ausa
1126 1075 1249 1127 sequi.
1264 1079 1464 1114 Hactenus
1473 1091 1564 1115 cum

854 1135 1024 1172 Cantero
1058 1134 1175 1184 potui
1208 1133 1383 1184 linquere
1420 1148 1566 1172 meram

855 1192 1103 1242 periphrasin
1117 1191 1264 1228 dixeris
1284 1193 1474 1243 simplicis
1491 1193 1566 1230 for-

852 1263 925 1286 mae
951 1263 960 1287 ς
980 1264 1069 1300 qnae
1098 1249 1381 1300 lique‘.·-—3ro.
1423 1250 1571 1287 l'incor

854 1308 904 1344 ab
925 1309 1072 1352 AEnea,
1089 1321 1172 1344 000
1192 1321 1354 1357 possum
1371 1321 1461 1346 eum
1479 1322 1567 1359 per-

856 1365 962 1403 dere.
1000 1361 1132 1409 δεινῶς
1167 1364 1320 1402 dictum
1355 1378 1365 1402 :
1404 1375 1568 1404 notante

856 1436 1015 1473 quoque
1045 1423 1226 1461 Macrob.
1248 1424 1320 1469 IV,
1346 1435 1367 1460 2
1398 1438 1438 1474 p.
1469 1425 1566 1467 451.

856 1483 925 1518 V.s
943 1482 1021 1518 312
1042 1494 1093 1518 ex
1104 1480 1468 1532 AEschyliSupplic.
1490 1482 1567 1518 160

856 1559 913 1566 -
931 1538 1006 1575 168
1022 1540 1191 1588 petitum
1203 1538 1333 1576 voluit
1345 1547 1434 1589 post
1451 1539 1570 1576 Guel-

857 1595 954 1638 lium
981 1596 1354 1634 Abresch.lih.111
1379 1597 1570 1634 Animad-

856 1667 977 1692 verss.
995 1655 1039 1690 10
1055 1654 1232 1705 AEschyl.
1246 1668 1286 1704 p.
1315 1655 1407 1698 145.
1428 1656 1571 1692 Danai-

857 1709 943 1758 des,
962 1711 1150 1762 precibus
1169 1711 1217 1748 ad
1239 1712 1465 1750 Mjnervam
1490 1712 1569 1750 sae-

857 1770 927 1813 tis,
950 1778 996 1806 ut
1017 1768 1066 1806 ab
1090 1771 1222 1806 inviso
1247 1770 1438 1821 conjugio
1462 1783 1501 1807 se
1524 1770 1570 1807 li-

857 1826 992 1873 bezet,
1006 1835 1206 1896 pergunt:
1229 1823 1261 1863 εἰ
1281 1822 1323 1863 δὲ
1345 1840 1412 1879 μη,
1430 1830 1502 1878 με)
1506 1840 1569 1864 σιν-

859 1880 916 1926 ῠὲς
944 1879 950 1935 Ι
998 1898 1022 1936 ῃ
1006 1876 1102 1920 'rsa'
1083 1896 1250 1920 κτυπον
1286 1897 1334 1937 γε.
1319 1881 1394 1926 έςνο
1422 1880 1429 1937 l
1456 1883 1571 1938 τοῦγ-

859 1953 930 1994 γα.
923 1952 996 1987 sm,
1039 1937 1045 1994 l
1102 1954 1141 1977 τ
1128 1954 1165 1977 ον
1186 1938 1501 1987 πολυξενώτατον
1540 1941 1547 1995 1

861 2000 964 2039 Ζπνα.
983 2002 1057 2035 (ἴτην
1077 1995 1328 2050 κεκμηκότων
1356 1994 1401 2051 Ι*
1392 1994 1444 2044 ιξῦ
1431 1995 1573 2049 μεσθα.

862 2068 926 2092 συν
942 2051 1101 2098 κὶοίὸοις
1086 2083 1115 2101 ,,
1143 2053 1150 2110 Ι
1178 2053 1366 2116 ἀρτάναις
1375 2056 1555 2094 θανοῦσα.
1547 2085 1570 2103 .,

887 2110 893 2164 Ι
921 2126 974 2164 μτ.
987 2115 1173 2163 τυχοῦσαι
1200 2112 1205 2165 1
1233 2113 1326 2150 θεῶν
1345 2104 1570 2165 ὀὶυμπίων.

863 2170 976 2209 Certe
1000 2171 1203 2223 sententiae
1221 2171 1440 2208 similitudo
1465 2184 1573 2221 quae-

863 2227 953 2264 dam
970 2229 1144 2266 occurrit
1165 2239 1174 2265 :
1203 2241 1263 2264 sen
1285 2241 1312 2264 a
1330 2227 1406 2265 dtis
1426 2230 1574 2278 superis

863 2285 1068 2323 exanditae
1089 2298 1169 2323 non
1171 2284 1393 2337 fuerimus,
1420 2286 1479 2323 ad
1487 2288 1573 2324 Ha-

864 2342 942 2379 den
959 2342 1152 2394 supplices
1163 2342 1376 2380 veniemus
1388 2372 1400 2388 ,
1421 2344 1574 2395 laqueis

865 2409 1031 2437 mortem
1061 2400 1172 2438 nobis
1204 2401 1496 2439 consciscendo.
1516 2423 1575 2431 -—·

865 2458 948 2495 Etsi
973 2457 1154 2510 displicet
1178 2457 1280 2496 forte
1303 2460 1423 2496 animi
1448 2460 1576 2511 impo-

866 2517 988 2553 tentia
1007 2518 1050 2553 in
1065 2515 1136 2553 dea
1148 2515 1197 2552 ad
1213 2524 1290 2553 tam
1309 2515 1473 2554 humilia
1485 2531 1575 2554 con-

867 2572 952 2610 silia
969 2586 1191 2625 progressa,
1214 2574 1259 2610 in
1284 2573 1417 2611 verbis
1446 2583 1578 2612 tamen

868 2630 1040 2668 multum
1077 2633 1221 2668 virium
1263 2639 1303 2667 et
1336 2626 1549 2674 δεινότητ’,ς
1566 2660 1575 2676 ,

867 2687 1050 2737 inprimis
1066 2701 1104 2726 v.
1129 2689 1206 2735 317
1221 2716 1232 2734 ‚
1254 2689 1333 2725 318
1351 2717 1362 2735 ,
1385 2689 1482 2739 319,
1506 2698 1576 2725 est.

871 2745 1044 2784 Immota
1083 2753 1223 2785 manet
1250 2744 1357 2797 fatis
1394 2746 1542 2796 consur
1564 2773 1575 2788 ‚
