1767 3054
168 181 467 196 δδδδδδδδ
470 180 1668 199 ΜὶὶἱὶὖὶνιὶωωνῑδωωῑὶἱιὶιἎὶΜΜΜἎὨ

521 381 1202 471 EXCURSUS
1287 385 1351 468 I.

614 594 718 648 AD
759 593 1053 648 LIBRUM
1086 595 1185 648 VI.

659 816 878 869 [tamus
908 831 1134 868 aureus.

223 991 301 1037 w,
345 990 423 1027 136
442 1003 526 1041 sqq.
547 990 662 1028 Rami
677 988 798 1038 hujus
827 991 935 1027 aurei
956 1003 1108 1028 caussas
1129 991 1254 1028 varias
1269 991 1455 1042 mysticas
1479 1003 1662 1044 quoque,

164 1067 313 1095 veteres
343 1066 382 1094 et
406 1058 646 1095 recentiores
678 1058 966 1108 excogitarunt.
995 1057 1148 1096 Metalli
1179 1057 1363 1096 mutandi
1391 1059 1564 1097 rationes
1596 1058 1663 1096 hic

163 1126 379 1175 quaesivere
401 1125 608 1172 nonnulli,
625 1125 858 1163 Borrichius
885 1133 924 1162 et
951 1125 1037 1172 alii,
1057 1126 1162 1163 inter
1180 1138 1282 1176 quos
1300 1124 1505 1165 Wedelius
1524 1137 1546 1162 a
1563 1126 1664 1163 Bur-

163 1207 310 1232 manno
339 1193 536 1232 laudatur.
561 1196 710 1246 Χρυσοῦ
745 1190 826 1238 ὅζός
856 1215 915 1222 -—
946 1187 1127 1248 ἀδάμας,
1151 1195 1222 1244 qui
1246 1195 1290 1231 in
1313 1195 1464 1232 Timaeo
1488 1193 1663 1233 Platonis

162 1260 275 1312 (pag.
300 1261 409 1298 1066
432 1263 477 1309 B,
500 1260 562 1300 ed.
588 1259 688 1312 Frf.)
712 1270 967 1308 memoratur,
990 1270 1119 1312 poetae
1139 1261 1188 1298 ad
1217 1261 1334 1299 talem
1361 1262 1419 1300 rei
1447 1261 1663 1312 imaginem

160 1327 263 1364 nihil
283 1327 469 1377 prodesse
492 1330 624 1379 potuit
650 1340 660 1366 :
682 1342 731 1366 ex
762 1342 862 1380 aqua
892 1327 1129 1367 condensata
1159 1328 1316 1367 metalla
1348 1337 1387 1367 et
1416 1329 1548 1380 primo
1570 1327 1663 1365 loco
1695 1361 1700 1365 .
1727 1324 1731 1327 ’

161 1406 322 1440 aurum,
343 1403 430 1432 tum
453 1395 717 1443 adamantem,
738 1410 862 1448 porro
880 1410 950 1444 aes,
970 1406 1058 1434 tum
1075 1405 1204 1434 cetera
1223 1409 1366 1449 genera
1385 1396 1516 1434 enasci
1532 1403 1664 1433 narrat

157 1461 434 1513 philosophus,
462 1466 501 1502 A
529 1465 668 1503 Dianae
697 1466 870 1503 Aricinae
889 1466 1006 1503 sacris
1029 1478 1090 1502 res
1113 1465 1306 1515 repetitur
1329 1462 1439 1515 apud
1457 1463 1662 1508 Servium,

158 1539 246 1566 aute
275 1531 389 1578 cujus
409 1532 600 1582 templum
620 1534 738 1570 fuisse
758 1533 878 1570 arbor
896 1542 1091 1579 narratur,
1115 1532 1224 1570 unde
1244 1533 1277 1570 si
1299 1532 1494 1582 fugitivus
1510 1532 1664 1582 potuis-

156 1605 214 1633 set
233 1611 388 1635 ramum
410 1598 642 1649 decerpere,
661 1600 858 1637 sacerdoti
881 1613 971 1636 cum
990 1600 1152 1637 homine
1170 1612 1348 1650 pugnare
1370 1611 1529 1636 necesse
1547 1607 1661 1636 esset.

156 1665 271 1702 Ritus
290 1678 435 1716 pugnae
463 1667 712 1711 notissimus,
732 1666 796 1703 vel
825 1680 876 1704 ex
904 1665 1039 1704 Ovidii
1066 1668 1169 1704 Fast.
1194 1667 1277 1712 III,
1302 1665 1382 1703 263
1415 1678 1501 1715 sqq.
1525 1665 1581 1702 At
1613 1663 1662 1701 de

157 1730 297 1767 arbore
322 1731 455 1768 solum
487 1733 668 1770 Servium
698 1732 851 1769 tradere
879 1733 1055 1770 memini.
1090 1733 1174 1771 Nec
1206 1741 1338 1770 tamen
1366 1730 1409 1768 id
1439 1731 1660 1782 quicquam

155 1810 366 1835 commune
397 1812 490 1836 cum
513 1799 782 1837 Avernalibus
812 1800 910 1837 locis
937 1808 977 1836 et
1005 1813 1114 1837 ramo
1151 1812 1272 1837 aureo
1311 1799 1560 1849 Proserpinae
1594 1798 1665 1836 ha·

156 1867 249 1903 here
262 1866 433 1904 videtur.
447 1869 583 1904 Latere
599 1866 748 1917 aliquid
765 1867 932 1904 occultae
951 1866 1154 1917 religionis
1173 1880 1222 1904 ex
1237 1867 1362 1904 initiis
1379 1866 1611 1913 Eleusiniis»,
1628 1867 1663 1903 si

159 1947 250 1970 cum
273 1933 547 1973 Warhurtono
564 1936 787 1982 conjectare
804 1934 921 1980 velis,
944 1933 1081 1971 saltem
1099 1934 1150 1972 ad
1166 1947 1324 1972 sacrum
1342 1946 1520 1981 ramum,
1540 1946 1660 1985 quem

158 2010 286 2050 mysta
305 2000 463 2050 praefert
477 2028 487 2047 ,
509 2009 577 2037 aut
596 1999 646 2036 ad
665 2013 821 2037 ramum
841 1999 1064 2047 lustralem,
1085 2013 1170 2038 non
1189 2000 1238 2038 ad
1256 2009 1451 2051 myrteam
1467 2012 1660 2039 coronam

159 2067 296 2105 referri
315 2081 376 2104 res
403 2067 542 2113 debet;
561 2080 674 2113 nam,
696 2067 767 2103 ubi
792 2066 840 2103 ad
862 2069 1106 2118 Proserpinae
1125 2067 1289 2105 domum
1314 2054 1473 2104 accessit
1487 2095 1498 2114 ,
1518 2069 1661 2107 AEneas

160 2147 299 2184 corpus
332 2133 481 2171 recenti
514 2134 678 2185 Spargic
708 2146 841 2183 aqua,
877 2147 1112 2184 ramumque
1143 2135 1308 2171 adverso
1338 2134 1380 2171 in
1411 2132 1550 2171 limine
1558 2134 1663 2187 figit

161 2217 199 2240 v.
222 2202 304 2239 635
316 2230 326 2248 ‚
358 2202 463 2247 636,
489 2210 534 2238 ut
553 2202 743 2251 suspicari
760 2201 896 2247 liceat,
926 2201 975 2238 ad
997 2201 1272 2239 lustrationem
1290 2203 1334 2239 in
1355 2201 1474 2238 sacris
1492 2201 1657 2239 deorum

160 2270 381 2306 inferorum
404 2278 443 2306 et
471 2270 654 2306 Manium
680 2267 897 2305 faciendam
917 2282 1008 2305 eum
1028 2270 1257 2318 respexisse.
1287 2270 1524 2315 Enimvero,
1546 2281 1657 2306 ramo

160 2336 299 2372 eodem
323 2348 442 2372 aureo
475 2348 616 2385 aquam
649 2347 821 2385 sparsam
854 2343 893 2371 et
918 2335 1195 2372 lustrationem
1222 2335 1387 2381 factam,
1422 2342 1539 2385 poeta
1572 2346 1657 2371 nou

162 2409 314 2446 narrat3
340 2410 472 2437 narrat
498 2409 655 2438 tantum
674 2401 751 2438 hoc
773 2413 783 2439 :
806 2413 963 2437 ramum
987 2400 1027 2438 in
1061 2400 1198 2439 limine
1203 2400 1307 2455 figi,
1339 2410 1379 2438 ec
1392 2413 1481 2438 eum
1498 2402 1656 2437 Proser-

155 2468 270 2518 pinoe
294 2467 555 2518 manasset-ri
582 2481 633 2505 ex
662 2467 804 2505 arbore
830 2469 905 2519 ipsi
932 2481 1061 2515 sacra,
1084 2483 1122 2508 v.
1166 2470 1411 2516 137-142‚
1450 2467 1545 2512 408.
1575 2469 1657 2518 Qui

162 2547 279 2586 poma
309 2547 424 2570 aurea
454 2536 496 2570 in
525 2537 551 2573 J
556 2535 698 2572 unonis
725 2536 874 2586 nuptiis
904 2548 995 2572 cum
1023 2538 1140 2574 Jove
1155 2543 1368 2573 memorata
1398 2533 1454 2585 (v.
1489 2543 1574 2573 not.
1607 2535 1654 2572 ad

163 2600 350 2652 Apollod.
372 2613 411 2649 p.
440 2608 459 2644 4
473 2601 539 2649 10)
559 2603 799 2646 meminerit,
816 2602 1059 2640 intercedere
1078 2604 1119 2639 in
1147 2602 1209 2638 his
1224 2629 1234 2647 ‚
1252 2615 1321 2638 seu
1352 2603 1626 2652 cognationem
1640 2632 1652 2649 ‚

162 2683 230 2706 seu
254 2666 554 2704 similitudinem
581 2667 748 2716 aliquam
775 2669 985 2719 intelliget,
1007 2678 1053 2706 ut
1079 2669 1344 2718 Proserpinae,
1365 2676 1551 2718 tanquam
1577 2673 1651 2709 Jn·

159 2735 261 2772 noni
280 2732 433 2776 inferae,
455 2744 528 2780 pro
545 2730 652 2768 dono
676 2745 806 2769 ramus
823 2747 964 2770 aureus
985 2734 1146 2779 feratur,
1168 2742 1214 2770 ut
1234 2735 1260 2771 J
1264 2735 1390 2770 unoni
1410 2734 1559 2772 malum
1582 2749 1651 2773 au-

161 2812 286 2837 reum.
309 2799 355 2834 In
376 2796 563 2834 Heracliis
581 2795 657 2834 hoc
674 2798 802 2847 ipsum
822 2799 967 2836 malum
985 2800 1087 2837 forte
1104 2799 1292 2837 eduxerat
1311 2799 1491 2837 arborem
1508 2803 1654 2853 Hespe·
