1767 3054
707 121 860 159 LIBER
890 121 940 157 V.
1524 123 1578 158 ὁὶ

140 197 252 241 Haec
277 208 564 249 memorans,
587 192 741 254 prima
765 192 1001 238 infensum
1025 192 1073 237 vi
1099 193 1305 253 conripit
1332 195 1508 255 ignem,

73 269 366 333 sublataque
389 269 556 331 procul
580 268 748 314 dextra
772 267 976 313 connixa
1001 280 1243 324 coruscat,

72 347 132 390 Et
150 346 278 408 jacit.
303 343 523 391 Adrectae
544 355 746 401 mentes,
772 343 1136 406 stupefactaque
1159 343 1306 388 corda

73 419 288 467 Iliadum.
312 419 403 465 Hic
427 436 521 466 una
547 437 572 465 e
596 419 779 475 multis,
806 434 912 480 quae
937 434 1159 464 maxuma
1183 428 1318 475 natu,

74 497 246 558 Pyrgo,
279 506 348 542 tot
372 496 547 542 Priami
567 507 788 541 natorum
814 495 945 557 regia
968 494 1132 540 nutrix
1159 511 1169 538 :
1523 506 1584 540 ἀεὶ

73 590 94 611 α
119 571 228 616 Non
251 573 402 617 Beroe
428 569 589 628 vobis,
611 588 707 617 non
732 570 833 616 haec
854 569 1096 626 Rhoeteia,
1120 580 1316 624 matres,

73 647 155 693 Est
172 646 368 708 Dorycli
392 647 567 710 conjux
590 662 599 690 ε
623 646 773 692 divini
799 645 931 708 signa
956 645 1142 691 decoris

71 720 390 784 Ardentisque
416 732 576 767 notate
605 722 789 779 oculos;
812 720 895 782 qui
914 720 1107 783 spiritus
1128 719 1219 776 illi,

74 796 171 854 Qui
193 798 377 856 voltus,
406 799 596 844 vocisve
617 813 781 854 sonus,
810 796 885 842 vel
910 812 1096 858 gressus
1122 795 1266 841 cunti.

72 873 181 933 Ipsa
205 883 389 935 egomet
413 872 595 918 dudum
619 875 801 926 Beroen
826 870 1034 933 digressa
1062 869 1232 931 reliqui

1519 879 1581 909 650

72 948 287 1008 AEgram,
310 947 656 1010 indignantem,
683 946 763 992 tali
783 945 913 1008 quod
933 945 1032 992 sola
1056 955 1240 991 careret

72 1022 299 1079 Munere,
323 1038 410 1068 nec
435 1022 630 1068 meritos
653 1020 874 1068 Anchisae
895 1020 1093 1066 inferret
1116 1019 1336 1065 honores.
1365 1038 1384 1057 »

69 1097 185 1142 Haec
209 1096 366 1143 effata.

72 1174 134 1217 At
159 1183 359 1230 matres,
381 1173 536 1234 primo
562 1171 814 1234 ancipites,
841 1172 1085 1232 oculisque
1110 1167 1326 1230 malignis

72 1245 321 1308 Ambiguae
345 1258 559 1309 spectare
585 1248 721 1305 ratis,
747 1247 972 1292 miserum
997 1247 1120 1291 inter
1145 1259 1355 1290 amorem
1517 1254 1579 1282 655

71 1322 318 1368 Praesentis
347 1332 508 1379 terrae,
533 1323 734 1384 satisque
759 1322 978 1368 vocantia
998 1336 1165 1382 regna3

130 1502 374 1547 δίη-643.
389 1505 538 1541 Ornata
558 1504 708 1549 oratio,
731 1511 790 1540 nt-

69 1569 166 1610 pote
192 1561 235 1597 in
253 1574 320 1606 re,
351 1572 439 1609 quae
465 1561 716 1597 mirationem
736 1560 788 1596 fa-

72 1631 162 1655 cere
181 1617 311 1655 debet.
341 1619 410 1654 Est
436 1626 566 1654 autem
591 1630 634 1654 ea
653 1630 790 1657 caussa

69 1684 199 1725 poetae
224 1689 296 1713 cur
324 1683 462 1721 ornet,
496 1677 529 1712 si
558 1675 789 1725 phantasma

70 1732 233 1784 aliquod
259 1734 303 1770 in
333 1741 505 1770 mentem
530 1733 605 1770 alte
631 1733 791 1772 descen-

70 1789 163 1827 dere
190 1791 291 1829 vult.
327 1789 519 1828 Conniaea
547 1801 731 1828 coruscat
751 1802 791 1830 et

64 1847 191 1900 jacie,
215 1861 312 1898 pro,
340 1849 435 1895 jacit
457 1849 587 1899 simpl.
611 1851 701 1887 Fert
723 1863 791 1887 au-

70 1914 149 1942 tem
168 1907 220 1942 ita
236 1919 296 1942 res
309 1932 320 1951 ,
338 1913 384 1942 ut
397 1933 406 1950 ‚
424 1904 521 1941 dum
538 1906 669 1942 vibras
687 1909 790 1945 titio-

70 1976 187 2012 nem,
228 1971 341 2000 motu
379 1963 465 2012 ipso
495 1962 650 2000 flamma
688 1967 789 2002 vires

69 2030 212 2059 sumat.
246 2042 305 2049 —
323 2020 402 2067 647
442 2033 526 2069 sqq.
556 2022 715 2058 Servius
742 2023 790 2059 ad

69 2077 111 2117 h.
141 2079 168 2117 l.
195 2080 290 2116 Non
310 2087 369 2115 est
390 2077 609 2123 dissuasio,
646 2088 689 2115 ut
705 2080 790 2128 qui-

71 2136 167 2174 dam
190 2146 341 2187 putant
368 2135 518 2188 (scilic.
549 2150 598 2173 ne
627 2137 790 2175 credant

71 2195 229 2232 feminae
247 2195 449 2243 hanqesse
468 2195 640 2238 Beroen,
661 2208 789 2245 neque

71 2254 108 2290 ei
136 2252 258 2290 fidem
285 2252 456 2290 habeant
477 2251 519 2302 >,
563 2253 636 2289 sed
660 2253 790 2305 magis

72 2309 257 2348 hortatur
273 2310 560 2362 persuadendo
574 2340 584 2357 ‚
615 2311 790 2348 numinis

71 2369 321 2407 auctoritate.
358 2368 432 2407 Sed
470 2368 575 2405 idem
611 2368 788 2418 spiritum

69 2427 171 2464 male
204 2426 254 2464 de
281 2427 405 2465 odore
439 2429 596 2477 accipit.
620 2429 718 2465 Nam
741 2427 790 2464 ad

72 2484 304 2537 dignitatem
334 2493 483 2535 spectat
511 2497 521 2522 ε
552 2484 591 2522 h.
628 2486 789 2534 spiritus

71 2541 197 2589 altus,
217 2556 403 2594 magnus3
429 2556 588 2589 sensus,
611 2541 789 2593 adeoque

69 2608 201 2651 gestus
215 2630 226 2647 ‚
255 2613 294 2638 et
312 2601 393 2638 oris
411 2602 584 2650 species,
611 2602 788 2647 majesta-

70 2665 150 2695 tem
167 2657 317 2696 habens
347 2666 386 2695 et
418 2671 584 2696 numen.
601 2679 659 2687 —·
678 2659 759 2702 648
776 2687 786 2705 ‚

72 2714 170 2766 649.
204 2716 547 2767 Splendentesque
581 2730 621 2754 η.
664 2716 785 2753 Goth.

70 2785 149 2812 sec.
179 2774 276 2825 Quis
292 2783 330 2812 et
360 2772 447 2824 quis
468 2773 532 2811 vel
562 2773 632 2823 qui
659 2782 698 2811 et
724 2774 787 2811 hic

857 1500 975 1539 multi
1004 1498 1120 1538 codd.
1149 1507 1187 1536 et
1218 1497 1333 1543 edd.‚
1362 1505 1408 1534 ut
1433 1499 1579 1548 passim

856 1559 964 1596 alibi.
993 1572 1031 1596 V.
1060 1560 1198 1595 Burin.
1233 1555 1428 1605 Vocisque
1459 1556 1579 1592 etiam

857 1616 972 1653 multi
989 1628 1082 1653 cum
1099 1614 1246 1652 Medic.
1262 1641 1273 1660 ‚
1303 1614 1400 1650 item
1418 1622 1458 1649 et
1469 1625 1579 1664 gres-

856 1688 921 1710 sus
939 1673 1107 1724 aliquot.
1129 1673 1190 1723 (v.
1212 1670 1345 1722 Pier.)
1374 1670 1579 1720 Copulati-

856 1745 916 1768 5·ae
939 1744 1030 1768 sane
1050 1730 1258 1781 particulae
1271 1758 1281 1775 ‚
1303 1742 1388 1766 non
1408 1727 1581 1775 disjunc-

857 1791 972 1836 tivae,
998 1791 1274 1839 requiruntur.
1298 1784 1493 1824 Nondum
1521 1792 1578 1822 ta-

855 1859 947 1884 men
980 1847 1234 1897 exploratum
1266 1845 1382 1889 satis,
1423 1856 1472 1880 an
1502 1844 1580 1893 ipsi

855 1914 984 1954 poetae
1014 1917 1132 1941 usum
1168 1902 1421 1939 variaverint.
1454 1902 1507 1936 Ut
1535 1913 1578 1950 g.

858 1961 980 1999 Goth.
1001 1975 1088 2011 pr.;
1117 1968 1155 1997 et
1176 1961 1301 2007 major
1320 1971 1410 2008 pars
1434 1957 1578 1993 euntis.

857 2041 914 2047 —-
934 2020 1031 2056 651.
1058 2018 1151 2055 Tali
1166 2029 1350 2060 munere,
1382 2012 1576 2051 sacrificio

857 2086 895 2113 ct
912 2077 1142 2113 inferiarum
1154 2073 1392 2112 caerimoniis
1409 2081 1488 2109 tam
1504 2071 1579 2109 sol-

856 2134 1066 2179 lennibus;
1102 2142 1147 2170 ut
1179 2134 1262 2183 ipse
1300 2139 1417 2181 poeta
1452 2130 1576 2166 inter-

856 2202 1061 2242 pretatur:
1088 2204 1162 2228 ιιι-ε
1190 2190 1350 2227 meritos
1384 2186 1576 2225 Anchisa²

857 2250 1023 2301 inferret
1042 2249 1057 2301 (
1072 2248 1270 2287 vocabulo
1292 2244 1487 2298 proprio)
1507 2244 1577 2281 ho-

858 2321 995 2352 nores,
1022 2307 1193 2346 infen’as.
1214 2328 1270 2335 --
1289 2305 1388 2342 653.
1417 2305 1493 2340 Est
1521 2304 1577 2354 qs-

846 2365 946 2418 sata
982 2369 1116 2417 Puget.
1150 2367 1249 2403 Hoec
1271 2374 1330 2402 est
1346 2361 1446 2414 sata
1470 2363 1576 2398 Dor-

858 2424 940 2461 vill.
957 2453 967 2470 ‚
998 2432 1044 2460 nt
1064 2423 1181 2462 codd.
1214 2437 1276 2474 ap.
1297 2423 1399 2461 Pier.
1423 2423 1574 2459 Totum

857 2481 1152 2519 hemistichium
1204 2479 1406 2518 exciderat
1451 2476 1574 2514 Goth.

859 2548 946 2577 tcrt.
967 2543 1100 2578 Potest
1118 2552 1210 2577 sane
1232 2539 1293 2576 his
1317 2536 1451 2574 verbis
1471 2535 1575 2572 bene

857 2610 988 2634 carere
1008 2605 1258 2635 contextum.

915 2655 995 2700 654
1008 2677 1065 2683 —
1079 2655 1176 2692 658.
1200 2653 1335 2692 Oculis
1355 2650 1548 2702 malignis
1561 2679 1571 2694 ,

855 2713 895 2752 h.
928 2713 956 2751 l.
986 2712 1116 2763 simpl.
1144 2713 1293 2757 torvis,
1316 2709 1570 2747 transversis.

855 2770 990 2821 quales
1026 2771 1118 2808 alias
1155 2769 1318 2822 maligni
1351 2767 1471 2805 animi
1501 2766 1574 2815 sig-
