1767 3054
128 170 207 208 253

759 168 1001 208 AENEIDOS

127 240 392 304 Relligione
417 254 584 298 sacrae,
607 249 654 286 et
677 240 790 288 saevi
814 239 1068 287 formidine
1090 239 1258 286 Martis
1284 257 1294 284 ε

130 323 333 367 Centum
357 316 467 363 aerei
491 315 718 362 claudunt
736 327 920 373 vectes,
943 326 1212 378 aeternaque
1237 314 1352 362 ferri

131 393 352 451 Robora3
376 409 464 439 nec
490 403 646 439 custos
676 391 860 439 absistit
881 391 1042 438 limine
1066 396 1092 440 J
1096 408 1227 439 anus.

1580 399 1642 431 610

134 473 256 528 Has,
277 467 362 514 ubi
387 478 516 513 certa
540 467 672 513 sedet
697 466 915 529 patribus
934 467 1165 516 sententia
1186 482 1381 531 pugnae,

136 551 270 609 Ipse,
301 543 538 602 Quirinali
563 542 751 601 trabea,
771 542 1026 606 cinctuque
1046 541 1234 590 Gabino

139 687 164 722 J
167 697 203 722 ο.
225 682 344 720 Marii
367 680 484 718 Marii
511 679 617 731 apud
635 681 792 727 Heins.,
815 689 864 719 ut

139 745 165 781 J
169 754 265 778 anus
278 739 471 776 Geminus
483 737 723 788 designetur.
733 742 865 777 Janus

143 796 331 836 Geminus
343 809 444 846 saepe
456 805 721 833 memoratur:
736 810 785 833 an
797 809 864 834 us-

141 869 260 907 quam
276 853 470 891 Geminus
480 853 609 891 solum
620 863 658 891 et
670 854 864 901 absolute,

140 914 284 951 merito
298 912 468 949 dubites.
482 911 590 948 Idem
604 911 732 949 multo
748 914 866 950 etiam

141 972 280 1009 durius
300 984 320 1007 e
338 970 539 1008 Prisciano
557 969 765 1007 contendit
787 983 869 1007 una

142 1042 242 1067 voce
276 1027 534 1065 scribendum
564 1041 645 1065 esse
673 1028 869 1078 Bellipor-

146 1098 196 1125 toe
208 1102 224 1132 ‚·
246 1087 320 1123 etsi
348 1099 490 1123 verum
514 1095 594 1133 est,
613 1088 748 1137 ipsum
770 1094 867 1123 tem-

145 1145 259 1195 plum
280 1157 351 1195 per
367 1153 510 1194 portas
530 1144 640 1181 Belli
663 1144 780 1181 fuisse
803 1144 869 1181 de-

146 1203 359 1248 claratum3
379 1211 462 1239 erat
494 1203 601 1239 enim
628 1197 803 1256 δίθυρον,
831 1210 871 1238 et

142 1268 299 1311 portam
318 1261 362 1296 in
380 1262 534 1310 postico
564 1274 726 1310 quoque
747 1260 869 1297 habe-

142 1319 240 1365 bat;
262 1317 367 1355 conf.
397 1317 599 1355 Plutarch.
627 1321 758 1356 Numa
779 1331 868 1369 pag.

150 1390 168 1423 7
180 1378 217 1414 3.
230 1398 288 1404 ——
302 1375 472 1423 607-6
484 1388 546 1413 10.
573 1377 675 1412 Sunt
693 1375 871 1427 geminoe

147 1433 258 1470 Belli
276 1441 406 1483 portoe
431 1446 504 1482 pro
527 1446 535 1471 :
559 1434 628 1470 Est
647 1434 750 1470 aedes
771 1432 872 1471 Belli

146 1491 252 1527 binis
283 1492 409 1540 portis
434 1492 652 1535 instructa,
676 1500 870 1541 perpetuo

147 1549 289 1585 clausis
300 1575 310 1593 ‚
330 1560 402 1583 nec
425 1549 568 1597 apertis
581 1574 591 1593 ,
605 1549 684 1584 nisi
698 1550 869 1584 instante

146 1605 269 1651 bello.
294 1604 419 1641 Vides
443 1604 540 1640 hinc
567 1605 796 1654 exemplum
815 1605 870 1640 fa-

147 1663 253 1700 bulae
269 1663 412 1699 veteris
428 1674 533 1698 nova
543 1662 870 1712 interpretatione

147 1720 409 1770 interpolatae.
442 1720 536 1757 Jani
556 1720 697 1770 religio
720 1719 769 1756 ab
791 1720 869 1756 ini-

147 1780 203 1816 tio
220 1777 328 1815 haud
352 1777 475 1814 dubie
490 1777 711 1827 symbolica
727 1778 803 1815 fuit
823 1777 872 1814 ad

148 1834 415 1873 denotandam
439 1848 574 1871 rerum
598 1844 781 1872 naturam
804 1849 872 1872 va-

147 1896 303 1944 riasque
350 1894 432 1941 ejus
464 1893 740 1943 proprietates.
777 1895 872 1931 Tra-

151 1952 272 1989 ducta
306 1964 349 1987 ea
377 1958 435 1988 est
461 1959 601 2000 postea
636 1950 686 1987 ad
712 1951 810 1998 alia,
835 1959 875 1989 et

149 2013 290 2048 Romae
320 2010 414 2047 Jani
444 2009 656 2058 templum,
681 2022 702 2046 a
723 2012 875 2047 Romu-

149 2068 190 2107 lo
208 2066 430 2109 conditum,
450 2080 501 2103 ex
511 2068 654 2104 Numae
664 2095 674 2113 ,
687 2075 733 2104 nt
745 2069 870 2114 aiunt,

148 2125 334 2163 instituto
350 2153 360 2170 ,
389 2125 567 2161 clausum
583 2124 648 2161 vel
666 2134 846 2175 apertum
861 2153 872 2172 ,

151 2182 247 2219 belii
283 2183 468 2233 pacisque
503 2181 674 2219 habebat
708 2183 871 2222 indicia.

151 2242 241 2277 Hoc
256 2253 354 2277 vero
374 2240 532 2277 ornavit
550 2248 666 2290 poeta
679 2268 689 2286 ,
710 2254 874 2292 remque

149 2299 203 2333 ita
223 2299 417 2348 expressit
429 2326 439 2343 ‚
458 2299 569 2348 quasi
595 2299 639 2334 in
659 2311 708 2336 eo
727 2299 875 2349 templo

151 2355 306 2391 Bellum
322 2363 360 2392 et
372 2357 480 2392 Mars
492 2356 618 2392 vincti
630 2365 873 2403 tenerentur,

153 2410 316 2448 custode
334 2413 378 2448 in
398 2413 552 2449 foribus
571 2415 597 2450 J
599 2426 689 2452 ano.
712 2415 876 2452 Contra-

148 2469 213 2505 rio
246 2478 472 2506 commento
508 2471 694 2508 Horatius
724 2474 751 2510 J
754 2485 873 2510 anum

153 2526 297 2563 clausis
318 2526 471 2563 foribus
491 2528 545 2564 ait
565 2528 745 2567 cohiberi
757 2558 767 2576 ‚
791 2538 873 2568 tan-

153 2596 274 2633 quam
301 2585 409 2633 pacis
442 2593 646 2622 auctorem
677 2596 717 2624 et
739 2596 872 2626 custo-

154 2640 246 2678 dem
261 2642 301 2679 H
313 2643 436 2692 Epist.
460 2654 476 2677 1
495 2669 505 2687 ,
524 2643 605 2679 255
619 2644 874 2696 claustraque

154 2699 356 2736 custodem
383 2697 502 2749 pacis
535 2699 760 2739 cohibentia
799 2706 872 2740 Ja-

158 2769 267 2795 num.
284 2759 425 2798 Pacem
453 2755 606 2794 includi
636 2758 773 2798 dixere
790 2761 870 2800 alii.

150 2815 293 2853 confer
309 2815 338 2854 1.
372 2827 408 2854 c.
433 2814 544 2853 Belli
579 2823 710 2855 autem
740 2828 871 2869 porcae

929 679 1096 730 proprio
1119 680 1282 716 nomine
1307 679 1421 718 dictae
1450 679 1650 717 videntur.

931 736 1013 774 vid.
1032 736 1131 774 ibid.
1150 736 1200 773 cf.
1216 736 1288 775 inf.
1307 738 1389 775 622
1404 765 1415 785 ,
1433 745 1473 776 et
1492 737 1551 775 ibi
1565 747 1650 775 not.

931 793 1044 832 Ferri
1065 794 1233 842 robora,
1258 804 1422 842 ornate,
1450 809 1525 847 pro
1548 795 1654 832 ferro

933 852 1062 902 simpl.
1087 865 1157 889 seu
1174 852 1312 890 ferreis
1330 854 1528 905 repagulis
1547 865 1557 892 ε
1577 855 1655 890 Lu-

935 911 1048 946 cretii
1063 910 1246 961 exemplo
1259 939 1270 957 ,
1287 910 1358 949 lib.
1373 913 1414 948 II
1427 939 1438 959 ,
1454 919 1550 961 449.
1569 912 1657 948 Nec

933 976 1062 1005 custos
1079 968 1255 1013 absistit,
1271 968 1398 1006 videri
1413 978 1544 1020 potest
1562 971 1588 1008 J
1591 971 1657 1006 ani

934 1027 1093 1077 signum
1111 1028 1155 1063 in
1184 1028 1272 1077 ipso
1295 1028 1434 1078 templi
1458 1027 1572 1065 aditu
1591 1025 1654 1078 (ἐν

935 1081 1123 1137 προνάῳ)
1155 1086 1306 1122 stetisse
1325 1096 1335 1122 ε
1356 1086 1434 1122 nisi
1452 1087 1538 1136 ipsa
1561 1094 1657 1123 tem·

935 1141 995 1192 pli
1022 1141 1170 1189 forma,
1190 1151 1339 1192 quaeet
1365 1155 1384 1179 a
1414 1142 1546 1181 fronte
1572 1152 1612 1181 et
1640 1156 1660 1179 a

935 1207 1046 1251 tergo
1058 1209 1215 1250 portam
1225 1199 1399 1238 habebat
1410 1229 1421 1247 ‚
1438 1201 1555 1238 talem
1569 1214 1659 1252 poe·

937 1265 988 1294 tae
1014 1259 1147 1296 animo
1175 1259 1348 1309 speciem
1376 1259 1537 1308 objecit.
1558 1261 1659 1297 Ver-

937 1315 992 1353 bo
1028 1325 1147 1366 poeta
1182 1317 1300 1354 nobis
1336 1318 1361 1355 J
1364 1318 1431 1354 ani
1465 1316 1659 1367 templum

938 1373 1103 1410 exhibet
1123 1374 1198 1411 hac
1225 1376 1356 1425 specie
1383 1386 1393 1412 t
1423 1388 1505 1412 esse
1535 1374 1661 1412 aedem

936 1431 1038 1468 Belli
1068 1440 1107 1469 et
1134 1434 1277 1470 Martis
1302 1434 1464 1484 gemino
1481 1431 1594 1470 aditu
1611 1433 1660 1470 ab

939 1490 1068 1525 antica
1099 1498 1139 1526 et
1168 1503 1189 1526 a
1223 1492 1377 1540 postica
1406 1499 1518 1541 parte
1541 1487 1659 1541 (ναὸν

939 1542 1303 1599 ἀμφιπρέστυ).ον),
1328 1549 1471 1586 clausis
1505 1548 1661 1586 foribus

935 1603 1082 1639 robore
1108 1612 1147 1639 et
1179 1605 1285 1641 ferro
1315 1607 1503 1651 munitis,
1526 1607 1660 1655 posito

938 1658 988 1695 ad
1004 1658 1108 1696 fores
1125 1662 1150 1698 J
1152 1661 1220 1696 ani
1245 1661 1383 1711 sign03
1402 1663 1558 1711 quoties
1580 1663 1662 1700 bel-

936 1716 1022 1753 lum
1051 1730 1072 1753 a
1106 1720 1254 1756 Senatu
1279 1718 1482 1756 decretum
1515 1719 1661 1767 fuerit,

940 1774 1154 1813 Consulem
1181 1775 1285 1814 fores
1310 1778 1486 1827 aperire,
1508 1777 1660 1817 bellum

938 1831 1116 1870 indicere
1129 1862 1140 1881 ,
1159 1833 1366 1871 classicum
1389 1848 1542 1874 canere.

1001 1890 1247 1930 611—615.
1278 1893 1366 1929 Has
1393 1902 1552 1944 portas,
1575 1894 1661 1932 scri-

941 1947 1081 1985 dencia
1122 1949 1285 1996 limina,
1322 1960 1469 1989 reserat
1509 1952 1660 1991 Consu]

942 2006 1156 2047 trabeatus.
1210 2009 1364 2047 Trabea
1414 2009 1658 2060 Quirinalis,

942 2063 1069 2112 dicta,
1094 2075 1219 2116 puto,
1244 2067 1448 2118 quodnti
1476 2068 1661 2119 regibus,

939 2122 992 2159 ita
1029 2125 1106 2174 ipsi
1138 2126 1314 2163 Romulo
1328 2154 1340 2172 ‚
1368 2125 1512 2164 trabeae
1535 2126 1662 2164 fuerat

939 2193 1050 2220 usus,
1071 2182 1223 2220 Plinius
1254 2182 1326 2222 lib.
1366 2185 1491 2231 VIII,
1525 2183 1603 2230 48,
1627 2197 1657 2222 s,

947 2245 1000 2285 74
1022 2251 1032 2278 ;
1058 2242 1095 2277 Τ
1090 2240 1220 2278 rabeis
1238 2255 1327 2278 usos
1346 2241 1500 2292 accipio
1517 2254 1630 2292 reges
1641 2257 1659 2286 ;

943 2304 982 2333 et
997 2298 1058 2335 IX
1071 2325 1082 2344 ,
1108 2299 1176 2349 39,
1194 2312 1225 2337 s,
1244 2300 1297 2337 63
1315 2303 1529 2349 Purpureae
1549 2311 1661 2337 usum

941 2367 1101 2405 semper
1116 2356 1393 2409 Romaeficisse
1419 2355 1567 2401 video,
1590 2357 1662 2394 sed

942 2414 1112 2451 Romulo
1141 2414 1182 2451 in
1212 2414 1364 2452 trabea.
1388 2417 1508 2452 Recte
1525 2415 1660 2465 itaque

939 2469 1055 2508 Maro
1077 2473 1393 2523 antiquissimum
1414 2472 1514 2509 Latii
1528 2485 1661 2523 regem

938 2529 1080 2565 Picum
1100 2529 1233 2566 trabea
1259 2529 1451 2567 vestiebat
1478 2541 1598 2580 snpra
1618 2543 1656 2568 v.

944 2586 1020 2633 187
1037 2613 1049 2631 ‚
1085 2587 1179 2624 188.
1218 2585 1434 2637 Cinctaque
1474 2587 1655 2632 Gabino,

938 2655 962 2679 a
981 2642 1118 2680 Gabiis
1143 2644 1330 2681 translato
1363 2653 1403 2683 et
1428 2645 1547 2682 sacris
1574 2658 1656 2683 ser-

938 2709 1045 2739 vato.
1064 2702 1171 2738 Bene
1197 2702 1379 2749 Servius,
1410 2703 1483 2753 qni
1513 2703 1559 2740 in
1591 2715 1655 2741 ce-

935 2759 1032 2796 teris
1054 2766 1257 2809 argutatur
1275 2770 1285 2798 ε
1307 2768 1403 2812 toga
1432 2759 1488 2797 sic
1508 2759 1552 2799 in
1578 2769 1656 2799 ter-

933 2829 1030 2868 gum
1049 2816 1219 2869 rejecta,
1240 2827 1284 2856 ut
1301 2816 1383 2856 ima
1402 2817 1491 2871 ejus
1502 2817 1655 2857 lacinia
