1767 3054
705 95 860 132 LIBER
892 95 989 132 vn.
1533 101 1609 139 a?

100 166 287 215 Insidiis
312 181 548 227 cursuque
572 163 694 210 feras
720 163 930 226 agitabat
954 163 1100 212 Iulus.

101 243 193 289 Hic
215 243 419 290 subitam
443 238 640 286 canibus
664 239 847 286 rabiem
872 240 1068 302 Cocytia
1087 240 1227 303 virgo

102 316 303 381 objicit,
328 327 374 362 et
397 326 510 362 noto
533 315 659 361 naris
685 315 915 378 contingit
940 315 1111 373 odore,

101 393 168 437 Ut
192 405 383 437 cervum
405 389 623 436 ardentes
650 401 870 453 agerent;
901 406 1008 452 quae
1031 390 1185 452 prima
1210 389 1430 439 laborum

100 468 274 513 Caussa
298 466 409 524 fuit,
435 465 658 528 belloque
683 466 864 512 animos
890 466 1110 512 adcendit
1133 468 1343 530 agrestis.

99 544 278 588 Cervus
298 553 400 588 erat
422 542 574 587 forma
600 543 843 604 praestanti
868 554 913 588 et
939 541 1166 589 cornibus
1189 543 1378 606 ingens,

97 617 347 679 Tyrrhidae
371 618 510 681 pueri
531 633 672 679 quem
697 618 860 663 matris
885 615 945 663 ab
971 616 1120 663 ubere
1144 628 1336 680 raptum

97 693 357 741 Nutribant
372 731 385 754 ‚
408 693 750 756 Tyrrheusque
774 703 933 756 pater,
958 693 1036 740 cui
1059 694 1190 756 regia
1214 707 1382 758 parent
1549 709 1608 746 485

99 772 348 827 Armenta,
371 782 418 816 et
442 770 533 816 late
557 768 774 816 custodia
793 768 974 816 credita
998 769 1168 833 campi.

98 843 363 890 Adsuetum
382 842 593 905 imperiis
613 857 749 888 soror
769 843 899 888 omni
924 842 1072 889 Silvia
1095 859 1211 890 cura

98 919 326 966 Mollibus
349 919 564 965 intexens
589 918 790 965 ornabat
817 934 996 965 cornua
1021 919 1182 977 sertis,

99 995 416 1058 Pectebatque
442 995 620 1052 ferum,
645 1011 866 1057 puroque
889 995 938 1040 in
963 995 1092 1042 fonte
1114 994 1321 1043 lavabat.

97 1070 209 1128 Ille,
226 1087 418 1116 manum
440 1070 646 1132 patiens,
670 1085 939 1132 mensaeque
965 1070 1190 1117 adsuetus
1212 1071 1378 1128 herili,

100 1144 303 1191 Errabat
328 1146 480 1203 silvis,
505 1161 765 1207 rursusque
791 1145 851 1191 ad
872 1145 1033 1191 limina
1057 1156 1171 1192 nota

98 1224 206 1283 Ipse
231 1221 425 1268 domum
446 1237 550 1268 sera
571 1221 786 1283 quamvis
811 1239 859 1267 se
882 1234 1021 1268 nocte
1047 1220 1244 1268 ferebat.

99 1298 239 1342 Hunc
263 1295 430 1358 procul
454 1305 690 1342 errantem
714 1294 896 1342 rabidae
920 1297 1136 1343 venantis
1162 1296 1254 1343 Iuli

101 1483 240 1531 Itaque
262 1480 496 1532 interpungi
510 1481 620 1521 vult:
641 1495 683 1519 se
700 1479 827 1519 conci-

101 1548 161 1576 tat
177 1538 254 1575 alis
266 1539 366 1575 Arte
382 1552 483 1575 nova
494 1568 506 1584 ,
530 1553 588 1590 sp.
609 1541 636 1578 I.
650 1540 726 1578 Sed
742 1553 825 1578 non

101 1598 225 1648 magis
248 1609 314 1633 ars
341 1609 443 1633 ηονα
473 1597 523 1634 ad
554 1598 735 1635 volatum
761 1611 824 1635 re—

101 1655 195 1693 ferri
213 1663 358 1704 potest.
376 1655 522 1692 Saltem
539 1658 639 1693 Arte
652 1669 824 1692 nova—-

103 1713 253 1751 rabiem
270 1712 408 1763 objicit
417 1728 433 1758 ;
452 1713 519 1751 sed
535 1727 662 1764 quum
679 1714 752 1752 alia
768 1716 825 1751 in-

104 1773 263 1819 terjecta
292 1781 444 1817 essent,
472 1785 511 1809 v.
550 1779 632 1822 479
661 1771 740 1809 Hie
765 1774 825 1809 in-

105 1830 273 1867 terserit.
294 1849 353 1857 ——-
367 1830 463 1874 480.
486 1830 625 1866 Prima
644 1829 824 1866 laborum

106 1899 250 1923 caussa
282 1887 350 1924 nic.
365 1888 606 1937 Comparant
620 1887 666 1923 Il.
693 1899 708 1923 ε
722 1915 732 1933 ,
748 1887 800 1923 63
814 1901 824 1933 ;

107 1958 214 1993 ‘Lm'-
241 1946 347 1990 1163
376 1952 434 1980 est
462 1945 635 1994 primum
666 1946 827 1981 initium

108 2003 374 2040 calamitatum
390 2003 826 2052 quaeinseqnutaesunt.

168 2061 249 2105 483
284 2072 369 2111 sqq.
402 2058 546 2096 Molles
574 2068 611 2095 et
637 2059 830 2096 bucolicis

108 2120 316 2170 propiores
353 2130 492 2154 versus
527 2126 646 2164 sunt,
670 2119 741 2167 qui
769 2130 828 2154 se·-

107 2185 290 2228 quuntur
303 2205 316 2223 ‚
330 2175 440 2226 quod
459 2177 616 2214 monuit
625 2176 827 2225 SpenciuS.

108 2235 260 2274 Similes
284 2234 436 2271 deliciae
466 2233 667 2286 Cyparissi
691 2246 831 2270 cervus

109 2293 216 2344 apud
249 2293 369 2331 Ovid.
405 2294 504 2330 Met.
533 2295 596 2337 X,
635 2304 714 2341 109
744 2305 828 2342 sqq.

108 2360 349 2397 occurrunt,
372 2349 439 2387 sed
460 2349 629 2398 juvenili
647 2351 831 2386 carminis

106 2409 266 2447 luxuria
286 2409 485 2460 expolitae.
511 2408 714 2458 Calpurnii
733 2420 832 2457 quo-

105 2480 183 2519 que
217 2469 479 2505 imitationem
514 2468 669 2504 notavit
703 2465 827 2503 Cerda

106 2525 191 2564 Ecl.
212 2529 295 2572 VI,
323 2527 374 2564 33
406 2539 463 2576 sq.
492 2533 529 2561 et
558 2525 669 2562 Statii
694 2524 829 2561 locum

109 2582 158 2620 de
184 2584 352 2635 tigribus
386 2582 533 2620 Bacchi
554 2583 830 2619 mansuefactis

108 2642 335 2694 comparat(
346 2640 474 2680 Theb.
487 2643 565 2678 VII
579 2669 590 2687 ‚
607 2642 685 2686 564
699 2654 783 2691 sqq.
798 2639 827 2692 ).

105 2699 167 2736 De
185 2698 228 2736 id
252 2713 377 2751 genus
403 2699 674 2738 animantibus
701 2700 750 2736 cf.
770 2699 828 2735 vi-

105 2767 171 2794 ros
181 2754 321 2797 doctos
332 2757 381 2796 ad
392 2760 556 2797 Lucian.
567 2771 642 2810 pro
651 2756 825 2796 Merced.

896 1481 1092 1519 Conducc.
1120 1493 1154 1518 c.
1192 1493 1227 1518 1.
1251 1477 1457 1529 Tyrrhidae
1469 1481 1611 1530 pueri,

891 1552 967 1590 pro
981 1568 991 1586 ‚
1008 1538 1180 1590 Tyrrhei
1194 1536 1280 1575 filii.
1296 1539 1389 1576 Fuit
1401 1546 1533 1575 autem
1549 1553 1617 1577 no-

891 1610 985 1634 men
1007 1596 1092 1647 hoc?
1115 1598 1160 1634 in
1178 1597 1344 1634 historia
1366 1596 1619 1634 Albanorum

891 1668 1031 1706 regum
1074 1668 1160 1692 non
1200 1654 1391 1706 ignobile.
1434 1654 1619 1705 Tyrrhus

892 1715 998 1750 enim
1022 1722 1104 1750 erat
1121 1714 1221 1763 regii
1237 1713 1406 1751 armenti
1423 1714 1619 1764 magister,

893 1770 998 1821 apud
1010 1783 1129 1820 quem
1141 1772 1304 1808 Lavinia
1317 1771 1485 1809 Silvium
1504 1772 1620 1807 enixa

893 1837 951 1865 est
975 1840 986 1866 :
1010 1841 1049 1865 v.
1071 1830 1214 1865 Victor
1242 1831 1291 1867 Ο.
1323 1830 1372 1866 G.
1403 1830 1453 1865 R.
1480 1828 1543 1865 16.
1567 1828 1618 1866 cf.

893 1888 1001 1924 Serv.
1024 1885 1072 1921 ad
1084 1887 1142 1922 VI
1159 1914 1169 1931 ‚
1185 1886 1266 1932 760
1281 1894 1509 1936 comparato
1525 1887 1618 1923 Dio.

892 1955 983 1993 nys.
1004 1944 1043 1987 Ι,
1071 1955 1121 1990 70
1138 1971 1148 1989 ‚
1169 1942 1241 1979 nbi
1268 1940 1464 1995 Πυᾷζπνὲς
1483 1942 1620 1994 depra-

894 2008 983 2036 vate
1006 2001 1200 2050 scriptum
1221 2009 1301 2046 est,
1326 2009 1364 2037 et
1383 2002 1426 2037 in
1448 1995 1554 2039 libro
1571 2000 1620 2038 de

895 2058 1070 2107 Augusti
1098 2059 1288 2109 progenie
1319 2071 1405 2109 cap.
1435 2058 1483 2095 18
1513 2060 1620 2109 Tity-

896 2127 973 2152 rus.
1010 2117 1132 2151 Soror
1158 2128 1213 2152 sc.
1246 2129 1489 2166 puerorum,
1514 2120 1618 2169 Tyr-

896 2171 982 2209 rhei
998 2171 1091 2211 filia.
1104 2195 1164 2201 —
1177 2174 1273 2218 488.
1288 2175 1476 2212 Mollibus
1489 2175 1614 2221 sertis,

896 2243 965 2267 seu
993 2231 1101 2268 vittis
1117 2261 1127 2278 ,
1155 2245 1226 2269 seu
1255 2233 1429 2271 corollis.
1449 2241 1617 2284 -490,

896 2286 1075 2342 χειρετζθγ.
1118 2299 1156 2326 et
1194 2288 1458 2344 ὁμοτράπεζεν
1496 2292 1617 2329 fuisse

897 2346 1005 2384 dicit.
1028 2348 1134 2386 conf.
1157 2349 1289 2388 Guell.
1306 2358 1475 2401 —492.
1499 2352 1612 2401 Ipse,

898 2403 1018 2449 Αὐτὸς
1033 2419 1108 2456 pro
1128 2405 1374 2461 αὐτομάτως.

956 2464 1198 2514 493—500.
1233 2467 1385 2505 Cervus
1402 2475 1492 2523 post
1510 2475 1618 2504 nata-

896 2523 1045 2560 tionem
1058 2522 1272 2574 (eleganter
1283 2525 1456 2580 defluere
1466 2538 1541 2576 pro
1549 2537 1618 2561 na-

895 2578 1007 2631 tare)
1029 2581 1072 2618 in
1092 2583 1177 2634 ripa
1197 2596 1238 2621 se
1265 2583 1315 2621 ab
1342 2591 1439 2621 aestu
1467 2595 1616 2620 recrea-

894 2638 976 2676 bat.
997 2640 1104 2690 Ergo
1122 2641 1202 2689 jam
1226 2641 1529 2696 defluxerat,ut
1547 2640 1614 2677 be-

894 2709 946 2734 ne
962 2696 1087 2735 cerda
1111 2700 1253 2750 accipit
1271 2700 1464 2755 deflueret
1474 2714 1490 2745 ;
1508 2707 1545 2736 et
1561 2711 1614 2734 sa-

893 2767 946 2793 ne
965 2767 1082 2795 canes
1097 2770 1188 2796 eum
1204 2757 1448 2797 reficientem
1461 2771 1500 2795 se
1512 2769 1616 2793 com-

1353 2836 1438 2883 21*
