<?xml version="1.0" encoding="UTF-8"?>
<!DOCTYPE html PUBLIC "-//W3C//DTD XHTML 1.0 Transitional//EN"
    "http://www.w3.org/TR/xhtml1/DTD/xhtml1-transitional.dtd">
<html xmlns="http://www.w3.org/1999/xhtml" xml:lang="en" lang="en">
 <head>
  <title>
</title>
<meta http-equiv="Content-Type" content="text/html;charset=utf-8" />
  <meta name='ocr-system' content='tesseract 3.04.00' />
  <meta name='ocr-capabilities' content='ocr_page ocr_carea ocr_par ocr_line ocrx_word'/>
</head>
<body>
  <div class='ocr_page' id='page_1' title='image "./operahey03virguoft_0313.png"; bbox 0 0 1767 3054; ppageno 0'>
   <div class='ocr_carea' id='block_1_1' title="bbox 651 126 953 166">
    <p class='ocr_par' dir='ltr' id='par_1_1' title="bbox 651 126 953 166">
     <span class='ocr_line' id='line_1_1' title="bbox 651 126 953 166; baseline 0.003 -2"><span class='ocrx_word' id='word_1_1' title='bbox 651 126 805 166; x_wconf 84' lang='lat' dir='ltr'>LIBER</span> <span class='ocrx_word' id='word_1_2' title='bbox 837 126 953 165; x_wconf 83' lang='lat' dir='ltr'>vm.</span> 
     </span>
    </p>
   </div>
   <div class='ocr_carea' id='block_1_2' title="bbox 1477 125 1557 162">
    <p class='ocr_par' dir='ltr' id='par_1_2' title="bbox 1477 125 1557 162">
     <span class='ocr_line' id='line_1_2' title="bbox 1477 125 1557 162; baseline 0.013 -1"><span class='ocrx_word' id='word_1_3' title='bbox 1477 125 1557 162; x_wconf 81' lang='lat'>303</span> 
     </span>
    </p>
   </div>
   <div class='ocr_carea' id='block_1_3' title="bbox 43 195 1563 1158">
    <p class='ocr_par' dir='ltr' id='par_1_3' title="bbox 52 195 1563 484">
     <span class='ocr_line' id='line_1_3' title="bbox 121 195 1563 262; baseline -0.005 -15"><span class='ocrx_word' id='word_1_4' title='bbox 121 201 236 247; x_wconf 86' lang='lat' dir='ltr'>Haec</span> <span class='ocrx_word' id='word_1_5' title='bbox 261 198 345 246; x_wconf 91' lang='lat' dir='ltr'>ubi</span> <span class='ocrx_word' id='word_1_6' title='bbox 368 197 516 255; x_wconf 88' lang='lat' dir='ltr'>dicta,</span> <span class='ocrx_word' id='word_1_7' title='bbox 541 197 685 260; x_wconf 90' lang='lat' dir='ltr'>dapes</span> <span class='ocrx_word' id='word_1_8' title='bbox 701 198 841 262; x_wconf 88' lang='lat' dir='ltr'>jubet</span> <span class='ocrx_word' id='word_1_9' title='bbox 866 209 913 244; x_wconf 91' lang='lat' dir='ltr'>et</span> <span class='ocrx_word' id='word_1_10' title='bbox 937 195 1124 245; x_wconf 85' lang='lat' dir='ltr'>sublata</span> <span class='ocrx_word' id='word_1_11' title='bbox 1148 198 1316 259; x_wconf 86' lang='lat' dir='ltr'>reponi</span> <span class='ocrx_word' id='word_1_12' title='bbox 1501 204 1563 247; x_wconf 75' lang='lat'>173</span> 
     </span>
     <span class='ocr_line' id='line_1_4' title="bbox 53 271 1221 336; baseline -0.003 -16"><span class='ocrx_word' id='word_1_13' title='bbox 53 274 251 332; x_wconf 80' lang='lat' dir='ltr'>Pocula,</span> <span class='ocrx_word' id='word_1_14' title='bbox 273 273 611 336; x_wconf 81' lang='lat' dir='ltr'>gramineoque</span> <span class='ocrx_word' id='word_1_15' title='bbox 636 273 765 318; x_wconf 74' lang='lat' dir='ltr'>viros</span> <span class='ocrx_word' id='word_1_16' title='bbox 791 275 915 319; x_wconf 85' lang='lat' dir='ltr'>locat</span> <span class='ocrx_word' id='word_1_17' title='bbox 935 273 1037 335; x_wconf 85' lang='lat' dir='ltr'>ipse</span> <span class='ocrx_word' id='word_1_18' title='bbox 1062 271 1221 330; x_wconf 83' lang='lat' dir='ltr'>sedili3</span> 
     </span>
     <span class='ocr_line' id='line_1_5' title="bbox 52 347 1148 411; baseline -0.001 -18"><span class='ocrx_word' id='word_1_19' title='bbox 52 349 446 411; x_wconf 85' lang='lat' dir='ltr'>Praecipuumque</span> <span class='ocrx_word' id='word_1_20' title='bbox 472 357 578 393; x_wconf 89' lang='lat' dir='ltr'>toro</span> <span class='ocrx_word' id='word_1_21' title='bbox 604 358 649 393; x_wconf 88' lang='lat' dir='ltr'>et</span> <span class='ocrx_word' id='word_1_22' title='bbox 675 348 830 395; x_wconf 64' lang='lat' dir='ltr'>villosi</span> <span class='ocrx_word' id='word_1_23' title='bbox 856 348 977 410; x_wconf 86' lang='lat' dir='ltr'>pelle</span> <span class='ocrx_word' id='word_1_24' title='bbox 1000 347 1148 394; x_wconf 89' lang='lat' dir='ltr'>leonis</span> 
     </span>
     <span class='ocr_line' id='line_1_6' title="bbox 52 422 1119 484; baseline -0.001 -15"><span class='ocrx_word' id='word_1_25' title='bbox 52 422 245 484; x_wconf 80' lang='lat' dir='ltr'>Adcipit</span> <span class='ocrx_word' id='word_1_26' title='bbox 268 424 472 477; x_wconf 84' lang='lat' dir='ltr'>AEnean,</span> <span class='ocrx_word' id='word_1_27' title='bbox 498 422 712 483; x_wconf 88' lang='lat' dir='ltr'>solioque</span> <span class='ocrx_word' id='word_1_28' title='bbox 739 423 907 468; x_wconf 75' lang='lat' dir='ltr'>invitat</span> <span class='ocrx_word' id='word_1_29' title='bbox 931 438 1119 469; x_wconf 86' lang='lat' dir='ltr'>acerno.</span> 
     </span>
    </p>

    <p class='ocr_par' dir='ltr' id='par_1_4' title="bbox 52 495 1223 559">
     <span class='ocr_line' id='line_1_7' title="bbox 52 495 1223 559; baseline 0 -17"><span class='ocrx_word' id='word_1_30' title='bbox 52 499 175 542; x_wconf 88' lang='lat' dir='ltr'>Tum</span> <span class='ocrx_word' id='word_1_31' title='bbox 199 495 308 542; x_wconf 87' lang='lat' dir='ltr'>lecti</span> <span class='ocrx_word' id='word_1_32' title='bbox 324 496 524 559; x_wconf 77' lang='lat' dir='ltr'>juvenes</span> <span class='ocrx_word' id='word_1_33' title='bbox 547 496 763 542; x_wconf 83' lang='lat' dir='ltr'>certatim</span> <span class='ocrx_word' id='word_1_34' title='bbox 790 513 980 559; x_wconf 86' lang='lat' dir='ltr'>araeque</span> <span class='ocrx_word' id='word_1_35' title='bbox 1003 496 1223 543; x_wconf 82' lang='lat' dir='ltr'>sacerdos</span> 
     </span>
    </p>

    <p class='ocr_par' dir='ltr' id='par_1_5' title="bbox 46 568 1554 784">
     <span class='ocr_line' id='line_1_8' title="bbox 47 568 1554 632; baseline 0 -16"><span class='ocrx_word' id='word_1_36' title='bbox 47 569 242 617; x_wconf 83' lang='lat' dir='ltr'>Viscera</span> <span class='ocrx_word' id='word_1_37' title='bbox 266 581 388 617; x_wconf 87' lang='lat' dir='ltr'>tosta</span> <span class='ocrx_word' id='word_1_38' title='bbox 412 571 571 617; x_wconf 85' lang='lat' dir='ltr'>serunt</span> <span class='ocrx_word' id='word_1_39' title='bbox 597 582 867 630; x_wconf 87' lang='lat' dir='ltr'>taurorum,</span> <span class='ocrx_word' id='word_1_40' title='bbox 891 582 1186 632; x_wconf 81' lang='lat' dir='ltr'>onerantque</span> <span class='ocrx_word' id='word_1_41' title='bbox 1208 568 1424 616; x_wconf 86' lang='lat' dir='ltr'>canistris</span> <span class='ocrx_word' id='word_1_42' title='bbox 1496 581 1554 610; x_wconf 78' lang='lat'>¹80</span> 
     </span>
     <span class='ocr_line' id='line_1_9' title="bbox 47 644 1340 709; baseline -0.001 -18"><span class='ocrx_word' id='word_1_43' title='bbox 47 646 186 691; x_wconf 89' lang='lat' dir='ltr'>Dona</span> <span class='ocrx_word' id='word_1_44' title='bbox 210 644 438 691; x_wconf 85' lang='lat' dir='ltr'>laboratae</span> <span class='ocrx_word' id='word_1_45' title='bbox 464 646 675 704; x_wconf 88' lang='lat' dir='ltr'>Cereris,</span> <span class='ocrx_word' id='word_1_46' title='bbox 701 647 1035 709; x_wconf 85' lang='lat' dir='ltr'>Bacchumque</span> <span class='ocrx_word' id='word_1_47' title='bbox 1056 647 1340 691; x_wconf 86' lang='lat' dir='ltr'>ministrant.</span> 
     </span>
     <span class='ocr_line' id='line_1_10' title="bbox 46 718 1216 784; baseline 0.002 -21"><span class='ocrx_word' id='word_1_48' title='bbox 46 718 269 764; x_wconf 83' lang='lat' dir='ltr'>Vescitur</span> <span class='ocrx_word' id='word_1_49' title='bbox 292 721 488 777; x_wconf 85' lang='lat' dir='ltr'>AEneas,</span> <span class='ocrx_word' id='word_1_50' title='bbox 514 719 653 765; x_wconf 87' lang='lat' dir='ltr'>simul</span> <span class='ocrx_word' id='word_1_51' title='bbox 676 730 722 765; x_wconf 93' lang='lat' dir='ltr'>et</span> <span class='ocrx_word' id='word_1_52' title='bbox 744 720 950 783; x_wconf 85' lang='lat' dir='ltr'>Trojana</span> <span class='ocrx_word' id='word_1_53' title='bbox 968 721 1216 784; x_wconf 85' lang='lat' dir='ltr'>juventus,</span> 
     </span>
    </p>

    <p class='ocr_par' dir='ltr' id='par_1_6' title="bbox 47 792 1146 854">
     <span class='ocr_line' id='line_1_11' title="bbox 47 792 1146 854; baseline 0.002 -17"><span class='ocrx_word' id='word_1_54' title='bbox 47 792 273 854; x_wconf 84' lang='lat' dir='ltr'>Perpetui</span> <span class='ocrx_word' id='word_1_55' title='bbox 296 803 429 854; x_wconf 87' lang='lat' dir='ltr'>tergo</span> <span class='ocrx_word' id='word_1_56' title='bbox 453 792 615 851; x_wconf 78' lang='lat' dir='ltr'>bovis,</span> <span class='ocrx_word' id='word_1_57' title='bbox 639 805 686 840; x_wconf 92' lang='lat' dir='ltr'>et</span> <span class='ocrx_word' id='word_1_58' title='bbox 709 794 985 841; x_wconf 87' lang='lat' dir='ltr'>lustralibus</span> <span class='ocrx_word' id='word_1_59' title='bbox 1012 794 1146 841; x_wconf 77' lang='lat' dir='ltr'>extis.</span> 
     </span>
    </p>

    <p class='ocr_par' dir='ltr' id='par_1_7' title="bbox 43 863 1555 1158">
     <span class='ocr_line' id='line_1_12' title="bbox 113 863 1555 931; baseline 0.001 -19"><span class='ocrx_word' id='word_1_60' title='bbox 113 863 371 929; x_wconf 86' lang='lat' dir='ltr'>Postquam</span> <span class='ocrx_word' id='word_1_61' title='bbox 394 879 580 915; x_wconf 79' lang='lat' dir='ltr'>exemta</span> <span class='ocrx_word' id='word_1_62' title='bbox 603 869 774 928; x_wconf 88' lang='lat' dir='ltr'>fames,</span> <span class='ocrx_word' id='word_1_63' title='bbox 802 881 848 915; x_wconf 93' lang='lat' dir='ltr'>et</span> <span class='ocrx_word' id='word_1_64' title='bbox 874 885 1008 915; x_wconf 88' lang='lat' dir='ltr'>amor</span> <span class='ocrx_word' id='word_1_65' title='bbox 1039 883 1336 931; x_wconf 87' lang='lat' dir='ltr'>compressus</span> <span class='ocrx_word' id='word_1_66' title='bbox 1361 867 1555 923; x_wconf 85' lang='lat' dir='ltr'>edendi,</span> 
     </span>
     <span class='ocr_line' id='line_1_13' title="bbox 46 942 1552 1003; baseline 0.002 -13"><span class='ocrx_word' id='word_1_67' title='bbox 46 945 152 990; x_wconf 80' lang='lat' dir='ltr'>Rex</span> <span class='ocrx_word' id='word_1_68' title='bbox 173 942 422 990; x_wconf 87' lang='lat' dir='ltr'>Evandrus</span> <span class='ocrx_word' id='word_1_69' title='bbox 446 944 511 990; x_wconf 87' lang='lat' dir='ltr'>ait</span> <span class='ocrx_word' id='word_1_70' title='bbox 537 963 548 990; x_wconf 73' lang='grc' dir='ltr'><strong><em>ε</em></strong></span> <span class='ocrx_word' id='word_1_71' title='bbox 576 966 594 986; x_wconf 89' lang='lat'>«</span> <span class='ocrx_word' id='word_1_72' title='bbox 620 947 730 993; x_wconf 89' lang='lat' dir='ltr'>Non</span> <span class='ocrx_word' id='word_1_73' title='bbox 751 945 855 990; x_wconf 85' lang='lat' dir='ltr'>haec</span> <span class='ocrx_word' id='word_1_74' title='bbox 879 944 1106 991; x_wconf 84' lang='lat' dir='ltr'>sollennia</span> <span class='ocrx_word' id='word_1_75' title='bbox 1125 943 1263 992; x_wconf 88' lang='lat' dir='ltr'>nobis</span> <span class='ocrx_word' id='word_1_76' title='bbox 1278 981 1290 1003; x_wconf 92' lang='lat'>,</span> <span class='ocrx_word' id='word_1_77' title='bbox 1494 953 1552 984; x_wconf 83' lang='lat'>18⁵</span> 
     </span>
     <span class='ocr_line' id='line_1_14' title="bbox 45 1018 1250 1082; baseline 0.002 -19"><span class='ocrx_word' id='word_1_78' title='bbox 45 1019 144 1064; x_wconf 85' lang='lat' dir='ltr'>Has</span> <span class='ocrx_word' id='word_1_79' title='bbox 168 1034 225 1063; x_wconf 80' lang='lat' dir='ltr'>ex</span> <span class='ocrx_word' id='word_1_80' title='bbox 251 1033 384 1064; x_wconf 86' lang='lat' dir='ltr'>more</span> <span class='ocrx_word' id='word_1_81' title='bbox 408 1018 577 1082; x_wconf 86' lang='lat' dir='ltr'>dapes,</span> <span class='ocrx_word' id='word_1_82' title='bbox 601 1019 724 1065; x_wconf 89' lang='lat' dir='ltr'>hanc</span> <span class='ocrx_word' id='word_1_83' title='bbox 747 1020 864 1066; x_wconf 87' lang='lat' dir='ltr'>tanti</span> <span class='ocrx_word' id='word_1_84' title='bbox 888 1019 1094 1066; x_wconf 89' lang='lat' dir='ltr'>numinis</span> <span class='ocrx_word' id='word_1_85' title='bbox 1119 1035 1250 1066; x_wconf 85' lang='lat' dir='ltr'>aram</span> 
     </span>
     <span class='ocr_line' id='line_1_15' title="bbox 43 1092 1229 1158; baseline 0.002 -22"><span class='ocrx_word' id='word_1_86' title='bbox 43 1092 177 1137; x_wconf 88' lang='lat' dir='ltr'>Vana</span> <span class='ocrx_word' id='word_1_87' title='bbox 200 1093 477 1154; x_wconf 84' lang='lat' dir='ltr'>superstitio</span> <span class='ocrx_word' id='word_1_88' title='bbox 503 1103 815 1158; x_wconf 71' lang='lat' dir='ltr'>veterumque</span> <span class='ocrx_word' id='word_1_89' title='bbox 840 1095 1004 1158; x_wconf 83' lang='lat' dir='ltr'>ignara</span> <span class='ocrx_word' id='word_1_90' title='bbox 1029 1093 1229 1141; x_wconf 87' lang='lat' dir='ltr'>deorum</span> 
     </span>
    </p>
   </div>
   <div class='ocr_carea' id='block_1_4' title="bbox 38 1262 767 2813">
    <p class='ocr_par' dir='ltr' id='par_1_8' title="bbox 38 1262 767 2813">
     <span class='ocr_line' id='line_1_16' title="bbox 109 1262 764 1310; baseline 0.002 -11"><span class='ocrx_word' id='word_1_91' title='bbox 109 1276 124 1299; x_wconf 91' lang='lat'>1</span> <span class='ocrx_word' id='word_1_92' title='bbox 136 1264 202 1310; x_wconf 86' lang='lat'>76.</span> <span class='ocrx_word' id='word_1_93' title='bbox 215 1265 384 1299; x_wconf 78' lang='lat' dir='ltr'>Versum</span> <span class='ocrx_word' id='word_1_94' title='bbox 402 1262 512 1300; x_wconf 90' lang='lat' dir='ltr'>hunc</span> <span class='ocrx_word' id='word_1_95' title='bbox 529 1264 667 1299; x_wconf 83' lang='lat' dir='ltr'>recitat</span> <span class='ocrx_word' id='word_1_96' title='bbox 682 1264 764 1300; x_wconf 87' lang='lat' dir='ltr'>Ma-</span> 
     </span>
     <span class='ocr_line' id='line_1_17' title="bbox 44 1320 764 1367; baseline 0 -10"><span class='ocrx_word' id='word_1_97' title='bbox 44 1320 227 1367; x_wconf 84' lang='lat' dir='ltr'>crobius,</span> <span class='ocrx_word' id='word_1_98' title='bbox 261 1322 339 1358; x_wconf 85' lang='lat' dir='ltr'>Sat.</span> <span class='ocrx_word' id='word_1_99' title='bbox 367 1322 454 1366; x_wconf 88' lang='lat'>111,</span> <span class='ocrx_word' id='word_1_100' title='bbox 497 1322 518 1358; x_wconf 86' lang='lat'>5</span> <span class='ocrx_word' id='word_1_101' title='bbox 535 1329 699 1357; x_wconf 83' lang='lat' dir='ltr'>extrem.</span> <span class='ocrx_word' id='word_1_102' title='bbox 726 1328 764 1357; x_wconf 91' lang='lat' dir='ltr'>et</span> 
     </span>
     <span class='ocr_line' id='line_1_18' title="bbox 44 1377 763 1428; baseline -0.001 -14"><span class='ocrx_word' id='word_1_103' title='bbox 44 1377 155 1415; x_wconf 77' lang='lat' dir='ltr'>addit</span> <span class='ocrx_word' id='word_1_104' title='bbox 177 1391 187 1417; x_wconf 75' lang='grc' dir='ltr'><strong><em>ε</em></strong></span> <span class='ocrx_word' id='word_1_105' title='bbox 227 1391 321 1414; x_wconf 81' lang='lat' dir='ltr'>nam</span> <span class='ocrx_word' id='word_1_106' title='bbox 346 1378 515 1428; x_wconf 84' lang='lat' dir='ltr'>propria</span> <span class='ocrx_word' id='word_1_107' title='bbox 547 1378 763 1415; x_wconf 64' lang='lat' dir='ltr'>observatio</span> 
     </span>
     <span class='ocr_line' id='line_1_19' title="bbox 46 1434 767 1485; baseline -0.001 -13"><span class='ocrx_word' id='word_1_108' title='bbox 46 1445 106 1472; x_wconf 77' lang='lat' dir='ltr'>ese</span> <span class='ocrx_word' id='word_1_109' title='bbox 134 1435 175 1472; x_wconf 80' lang='lat' dir='ltr'>in</span> <span class='ocrx_word' id='word_1_110' title='bbox 207 1435 391 1472; x_wconf 77' lang='lat' dir='ltr'>Herculis</span> <span class='ocrx_word' id='word_1_111' title='bbox 421 1435 567 1481; x_wconf 74' lang='lat' dir='ltr'>sacrt&#39;S,</span> <span class='ocrx_word' id='word_1_112' title='bbox 608 1434 767 1485; x_wconf 78' lang='lat' dir='ltr'>epulari</span> 
     </span>
     <span class='ocr_line' id='line_1_20' title="bbox 43 1493 763 1543; baseline -0.001 -13"><span class='ocrx_word' id='word_1_113' title='bbox 43 1493 236 1530; x_wconf 79' lang='lat' dir='ltr'>sedentes.</span> <span class='ocrx_word' id='word_1_114' title='bbox 257 1514 314 1521; x_wconf 89' lang='lat'>—</span> <span class='ocrx_word' id='word_1_115' title='bbox 336 1505 428 1541; x_wconf 75' lang='lat'>177.</span> <span class='ocrx_word' id='word_1_116' title='bbox 448 1493 583 1532; x_wconf 72' lang='lat' dir='ltr'>Nolim</span> <span class='ocrx_word' id='word_1_117' title='bbox 596 1494 763 1543; x_wconf 86' lang='lat' dir='ltr'>jungere</span> 
     </span>
     <span class='ocr_line' id='line_1_21' title="bbox 38 1549 763 1601; baseline -0.003 -14"><span class='ocrx_word' id='word_1_118' title='bbox 38 1550 286 1601; x_wconf 79' lang='lat' dir='ltr'>praecipuum</span> <span class='ocrx_word' id='word_1_119' title='bbox 312 1558 422 1595; x_wconf 74' lang='lat' dir='ltr'>toro,</span> <span class='ocrx_word' id='word_1_120' title='bbox 454 1551 565 1598; x_wconf 86' lang='lat' dir='ltr'>quod</span> <span class='ocrx_word' id='word_1_121' title='bbox 597 1549 763 1598; x_wconf 80' lang='lat' dir='ltr'>impedit</span> 
     </span>
     <span class='ocr_line' id='line_1_22' title="bbox 43 1605 761 1658; baseline -0.004 -13"><span class='ocrx_word' id='word_1_122' title='bbox 43 1607 196 1658; x_wconf 81' lang='lat' dir='ltr'>reliqua</span> <span class='ocrx_word' id='word_1_123' title='bbox 212 1620 227 1654; x_wconf 84' lang='grc'>;</span> <span class='ocrx_word' id='word_1_124' title='bbox 244 1605 313 1643; x_wconf 87' lang='lat' dir='ltr'>sed</span> <span class='ocrx_word' id='word_1_125' title='bbox 331 1606 478 1656; x_wconf 76' lang='lat' dir='ltr'>accipit</span> <span class='ocrx_word' id='word_1_126' title='bbox 488 1605 734 1656; x_wconf 68' lang='lat' dir='ltr'>praecipuum</span> <span class='ocrx_word' id='word_1_127' title='bbox 746 1620 761 1649; x_wconf 81' lang='lat'>‚-</span> 
     </span>
     <span class='ocr_line' id='line_1_23' title="bbox 43 1664 762 1716; baseline -0.003 -14"><span class='ocrx_word' id='word_1_128' title='bbox 43 1664 220 1715; x_wconf 83' lang='lat' dir='ltr'>reliquos</span> <span class='ocrx_word' id='word_1_129' title='bbox 243 1666 376 1702; x_wconf 82' lang='lat' dir='ltr'>AEneae</span> <span class='ocrx_word' id='word_1_130' title='bbox 400 1665 529 1702; x_wconf 89' lang='lat' dir='ltr'>socios</span> <span class='ocrx_word' id='word_1_131' title='bbox 556 1666 599 1701; x_wconf 91' lang='lat' dir='ltr'>in</span> <span class='ocrx_word' id='word_1_132' title='bbox 624 1665 762 1716; x_wconf 84' lang='lat' dir='ltr'>grami-</span> 
     </span>
     <span class='ocr_line' id='line_1_24' title="bbox 44 1722 762 1772; baseline 0 -12"><span class='ocrx_word' id='word_1_133' title='bbox 44 1735 96 1760; x_wconf 83' lang='lat' dir='ltr'>ne</span> <span class='ocrx_word' id='word_1_134' title='bbox 119 1722 302 1768; x_wconf 85' lang='lat' dir='ltr'>collocat,</span> <span class='ocrx_word' id='word_1_135' title='bbox 319 1725 482 1760; x_wconf 79' lang='lat' dir='ltr'>AEneam</span> <span class='ocrx_word' id='word_1_136' title='bbox 498 1731 644 1769; x_wconf 88' lang='lat' dir='ltr'>autem,</span> <span class='ocrx_word' id='word_1_137' title='bbox 661 1735 762 1772; x_wconf 89' lang='lat' dir='ltr'>prae-</span> 
     </span>
     <span class='ocr_line' id='line_1_25' title="bbox 44 1781 759 1831; baseline 0 -14"><span class='ocrx_word' id='word_1_138' title='bbox 44 1781 210 1831; x_wconf 83' lang='lat' dir='ltr'>cipuum</span> <span class='ocrx_word' id='word_1_139' title='bbox 236 1788 276 1817; x_wconf 84' lang='lat' dir='ltr'>et</span> <span class='ocrx_word' id='word_1_140' title='bbox 297 1781 520 1830; x_wconf 88' lang='lat' dir='ltr'>principem</span> <span class='ocrx_word' id='word_1_141' title='bbox 541 1782 646 1817; x_wconf 87' lang='lat' dir='ltr'>inter</span> <span class='ocrx_word' id='word_1_142' title='bbox 669 1793 735 1818; x_wconf 88' lang='lat' dir='ltr'>eos</span> <span class='ocrx_word' id='word_1_143' title='bbox 749 1808 759 1825; x_wconf 94' lang='lat'>‚</span> 
     </span>
     <span class='ocr_line' id='line_1_26' title="bbox 43 1837 763 1883; baseline -0.001 -8"><span class='ocrx_word' id='word_1_144' title='bbox 43 1837 215 1875; x_wconf 81' lang='lat' dir='ltr'>collocat</span> <span class='ocrx_word' id='word_1_145' title='bbox 242 1839 286 1874; x_wconf 90' lang='lat' dir='ltr'>in</span> <span class='ocrx_word' id='word_1_146' title='bbox 311 1837 411 1874; x_wconf 83' lang='lat' dir='ltr'>solio</span> <span class='ocrx_word' id='word_1_147' title='bbox 441 1851 491 1874; x_wconf 82' lang='lat' dir='ltr'>ex</span> <span class='ocrx_word' id='word_1_148' title='bbox 519 1851 653 1883; x_wconf 84' lang='lat' dir='ltr'>acere,</span> <span class='ocrx_word' id='word_1_149' title='bbox 698 1840 763 1875; x_wconf 93' lang='grc'><strong>0111</strong></span> 
     </span>
     <span class='ocr_line' id='line_1_27' title="bbox 45 1894 762 1945; baseline 0.001 -14"><span class='ocrx_word' id='word_1_150' title='bbox 45 1903 157 1932; x_wconf 79' lang='lat' dir='ltr'>torus</span> <span class='ocrx_word' id='word_1_151' title='bbox 187 1902 245 1930; x_wconf 83' lang='lat' dir='ltr'>est</span> <span class='ocrx_word' id='word_1_152' title='bbox 273 1895 483 1944; x_wconf 76' lang='lat' dir='ltr'>impositus</span> <span class='ocrx_word' id='word_1_153' title='bbox 510 1895 613 1945; x_wconf 87' lang='lat' dir='ltr'>pelle</span> <span class='ocrx_word' id='word_1_154' title='bbox 635 1894 762 1932; x_wconf 83' lang='lat' dir='ltr'>leonis</span> 
     </span>
     <span class='ocr_line' id='line_1_28' title="bbox 43 1951 761 1999; baseline -0.001 -10"><span class='ocrx_word' id='word_1_155' title='bbox 43 1951 247 1989; x_wconf 65' lang='lat' dir='ltr'>instratus.</span> <span class='ocrx_word' id='word_1_156' title='bbox 283 1951 392 1988; x_wconf 80' lang='lat' dir='ltr'>cons.</span> <span class='ocrx_word' id='word_1_157' title='bbox 421 1951 492 1989; x_wconf 85' lang='lat' dir='ltr'>inf.</span> <span class='ocrx_word' id='word_1_158' title='bbox 534 1953 611 1999; x_wconf 82' lang='lat'>367</span> <span class='ocrx_word' id='word_1_159' title='bbox 629 1980 639 1997; x_wconf 94' lang='lat'>‚</span> <span class='ocrx_word' id='word_1_160' title='bbox 665 1952 761 1989; x_wconf 88' lang='grc'><strong>368.</strong></span> 
     </span>
     <span class='ocr_line' id='line_1_29' title="bbox 43 2006 763 2054; baseline 0.001 -9"><span class='ocrx_word' id='word_1_161' title='bbox 43 2009 200 2046; x_wconf 80' lang='lat' dir='ltr'>Invitat</span> <span class='ocrx_word' id='word_1_162' title='bbox 221 2007 321 2045; x_wconf 76' lang='lat' dir='ltr'>solio</span> <span class='ocrx_word' id='word_1_163' title='bbox 335 2036 345 2054; x_wconf 95' lang='lat'>,</span> <span class='ocrx_word' id='word_1_164' title='bbox 365 2006 414 2044; x_wconf 89' lang='lat' dir='ltr'>ad</span> <span class='ocrx_word' id='word_1_165' title='bbox 436 2009 581 2045; x_wconf 87' lang='lat' dir='ltr'>solium</span> <span class='ocrx_word' id='word_1_166' title='bbox 594 2037 605 2054; x_wconf 92' lang='lat'><em>‚</em></span> <span class='ocrx_word' id='word_1_167' title='bbox 630 2018 676 2045; x_wconf 90' lang='lat' dir='ltr'>ut</span> <span class='ocrx_word' id='word_1_168' title='bbox 704 2017 763 2046; x_wconf 90' lang='lat' dir='ltr'>tot</span> 
     </span>
     <span class='ocr_line' id='line_1_30' title="bbox 45 2066 760 2113; baseline 0 -9"><span class='ocrx_word' id='word_1_169' title='bbox 45 2066 136 2113; x_wconf 85' lang='lat' dir='ltr'>alia,</span> <span class='ocrx_word' id='word_1_170' title='bbox 154 2080 192 2104; x_wconf 80' lang='lat' dir='ltr'>v.</span> <span class='ocrx_word' id='word_1_171' title='bbox 207 2079 241 2104; x_wconf 91' lang='lat' dir='ltr'>c.</span> <span class='ocrx_word' id='word_1_172' title='bbox 257 2066 450 2102; x_wconf 68' lang='lat' dir='ltr'>mcx-nibus</span> <span class='ocrx_word' id='word_1_173' title='bbox 469 2067 539 2104; x_wconf 86' lang='lat' dir='ltr'>inf.</span> <span class='ocrx_word' id='word_1_174' title='bbox 557 2068 613 2103; x_wconf 86' lang='lat' dir='ltr'>IX</span> <span class='ocrx_word' id='word_1_175' title='bbox 627 2094 637 2112; x_wconf 92' lang='lat'>‚</span> <span class='ocrx_word' id='word_1_176' title='bbox 660 2067 710 2113; x_wconf 78' lang='lat'>67</span> <span class='ocrx_word' id='word_1_177' title='bbox 721 2067 760 2105; x_wconf 86' lang='lat'>6.</span> 
     </span>
     <span class='ocr_line' id='line_1_31' title="bbox 43 2124 762 2173; baseline 0.001 -13"><span class='ocrx_word' id='word_1_178' title='bbox 43 2137 125 2160; x_wconf 87' lang='lat'>-—-1</span> <span class='ocrx_word' id='word_1_179' title='bbox 137 2137 203 2173; x_wconf 75' lang='lat'>79.</span> <span class='ocrx_word' id='word_1_180' title='bbox 223 2126 320 2160; x_wconf 85' lang='lat' dir='ltr'>Arae</span> <span class='ocrx_word' id='word_1_181' title='bbox 336 2124 535 2169; x_wconf 80' lang='lat' dir='ltr'>sacerdos,</span> <span class='ocrx_word' id='word_1_182' title='bbox 555 2137 638 2161; x_wconf 90' lang='lat' dir='ltr'>non</span> <span class='ocrx_word' id='word_1_183' title='bbox 655 2126 762 2161; x_wconf 86' lang='grc'><strong>0111111</strong></span> 
     </span>
     <span class='ocr_line' id='line_1_32' title="bbox 42 2181 760 2232; baseline -0.003 -12"><span class='ocrx_word' id='word_1_184' title='bbox 42 2181 235 2232; x_wconf 77' lang='lat' dir='ltr'>templum</span> <span class='ocrx_word' id='word_1_185' title='bbox 257 2189 340 2218; x_wconf 60' lang='lat' dir='ltr'>ern</span> <span class='ocrx_word' id='word_1_186' title='bbox 358 2181 542 2218; x_wconf 85' lang='lat' dir='ltr'>Herculis</span> <span class='ocrx_word' id='word_1_187' title='bbox 555 2209 566 2227; x_wconf 87' lang='lat'>‚</span> <span class='ocrx_word' id='word_1_188' title='bbox 590 2181 658 2218; x_wconf 85' lang='lat' dir='ltr'>sed</span> <span class='ocrx_word' id='word_1_189' title='bbox 675 2194 760 2228; x_wconf 87' lang='lat' dir='ltr'>ara,</span> 
     </span>
     <span class='ocr_line' id='line_1_33' title="bbox 42 2238 759 2289; baseline 0 -13"><span class='ocrx_word' id='word_1_190' title='bbox 42 2240 215 2277; x_wconf 75' lang='lat' dir='ltr'>maxima</span> <span class='ocrx_word' id='word_1_191' title='bbox 235 2238 355 2277; x_wconf 85' lang='lat' dir='ltr'>dicta.</span> <span class='ocrx_word' id='word_1_192' title='bbox 380 2238 486 2276; x_wconf 81' lang='lat' dir='ltr'>conf.</span> <span class='ocrx_word' id='word_1_193' title='bbox 507 2238 577 2276; x_wconf 87' lang='lat' dir='ltr'>inf.</span> <span class='ocrx_word' id='word_1_194' title='bbox 600 2240 681 2289; x_wconf 80' lang='lat'>269</span> <span class='ocrx_word' id='word_1_195' title='bbox 700 2253 759 2289; x_wconf 87' lang='lat' dir='ltr'>sq.</span> 
     </span>
     <span class='ocr_line' id='line_1_34' title="bbox 42 2297 761 2334; baseline -0.001 -1"><span class='ocrx_word' id='word_1_196' title='bbox 42 2318 100 2327; x_wconf 91' lang='lat'><em>-</em></span> <span class='ocrx_word' id='word_1_197' title='bbox 131 2297 224 2334; x_wconf 86' lang='lat'>181.</span> <span class='ocrx_word' id='word_1_198' title='bbox 251 2298 431 2334; x_wconf 85' lang='lat' dir='ltr'>Onerant</span> <span class='ocrx_word' id='word_1_199' title='bbox 454 2297 624 2333; x_wconf 87' lang='lat' dir='ltr'>canistra</span> <span class='ocrx_word' id='word_1_200' title='bbox 645 2297 761 2334; x_wconf 89' lang='lat' dir='ltr'>donis</span> 
     </span>
     <span class='ocr_line' id='line_1_35' title="bbox 41 2353 760 2399; baseline -0.001 -7"><span class='ocrx_word' id='word_1_201' title='bbox 41 2353 236 2392; x_wconf 60' lang='lat' dir='ltr'>laboratae</span> <span class='ocrx_word' id='word_1_202' title='bbox 269 2353 442 2399; x_wconf 79' lang='lat' dir='ltr'>Cereris,</span> <span class='ocrx_word' id='word_1_203' title='bbox 477 2354 667 2391; x_wconf 76' lang='lat' dir='ltr'>frumenti</span> <span class='ocrx_word' id='word_1_204' title='bbox 695 2367 760 2391; x_wconf 79' lang='grc' dir='ltr'>πε-</span> 
     </span>
     <span class='ocr_line' id='line_1_36' title="bbox 43 2409 760 2465; baseline 0 -16"><span class='ocrx_word' id='word_1_205' title='bbox 43 2409 258 2465; x_wconf 64' lang='grc' dir='ltr'><strong>πονημένοι)</strong></span> <span class='ocrx_word' id='word_1_206' title='bbox 280 2425 356 2462; x_wconf 88' lang='lat' dir='ltr'>pro</span> <span class='ocrx_word' id='word_1_207' title='bbox 374 2410 642 2454; x_wconf 64' lang='grc' dir='ltr'>ἑκπενηθέντις</span> <span class='ocrx_word' id='word_1_208' title='bbox 656 2440 667 2459; x_wconf 90' lang='grc'><em>,</em></span> <span class='ocrx_word' id='word_1_209' title='bbox 686 2411 760 2449; x_wconf 87' lang='lat' dir='ltr'>ela-</span> 
     </span>
     <span class='ocr_line' id='line_1_37' title="bbox 42 2467 758 2520; baseline -0.001 -12"><span class='ocrx_word' id='word_1_210' title='bbox 42 2467 198 2517; x_wconf 71' lang='lat' dir='ltr'>bonati,</span> <span class='ocrx_word' id='word_1_211' title='bbox 248 2468 384 2507; x_wconf 87' lang='lat' dir='ltr'>labore</span> <span class='ocrx_word' id='word_1_212' title='bbox 421 2469 590 2506; x_wconf 82' lang='lat' dir='ltr'>confecti</span> <span class='ocrx_word' id='word_1_213' title='bbox 624 2471 758 2520; x_wconf 74' lang='lat' dir='ltr'>pani53</span> 
     </span>
     <span class='ocr_line' id='line_1_38' title="bbox 43 2525 763 2578; baseline 0 -14"><span class='ocrx_word' id='word_1_214' title='bbox 43 2525 204 2564; x_wconf 78' lang='lat' dir='ltr'>viscera</span> <span class='ocrx_word' id='word_1_215' title='bbox 239 2535 371 2564; x_wconf 85' lang='lat' dir='ltr'>autem</span> <span class='ocrx_word' id='word_1_216' title='bbox 404 2534 498 2564; x_wconf 89' lang='lat' dir='ltr'>sunt</span> <span class='ocrx_word' id='word_1_217' title='bbox 526 2540 600 2576; x_wconf 88' lang='lat' dir='ltr'>pro</span> <span class='ocrx_word' id='word_1_218' title='bbox 636 2528 763 2578; x_wconf 84' lang='lat' dir='ltr'>carni-</span> 
     </span>
     <span class='ocr_line' id='line_1_39' title="bbox 45 2582 764 2637; baseline 0.001 -16"><span class='ocrx_word' id='word_1_219' title='bbox 45 2582 135 2622; x_wconf 75' lang='lat' dir='ltr'>bus.</span> <span class='ocrx_word' id='word_1_220' title='bbox 153 2606 212 2613; x_wconf 93' lang='lat'>-—</span> <span class='ocrx_word' id='word_1_221' title='bbox 240 2584 333 2623; x_wconf 88' lang='lat'><em>183.</em></span> <span class='ocrx_word' id='word_1_222' title='bbox 360 2584 547 2636; x_wconf 79' lang='lat' dir='ltr'>Perpetui</span> <span class='ocrx_word' id='word_1_223' title='bbox 564 2593 674 2637; x_wconf 76' lang='lat' dir='ltr'>tergo</span> <span class='ocrx_word' id='word_1_224' title='bbox 697 2584 764 2622; x_wconf 86' lang='lat' dir='ltr'>bo-</span> 
     </span>
     <span class='ocr_line' id='line_1_40' title="bbox 46 2640 764 2694; baseline 0.003 -15"><span class='ocrx_word' id='word_1_225' title='bbox 46 2640 104 2679; x_wconf 76' lang='lat' dir='ltr'>vis</span> <span class='ocrx_word' id='word_1_226' title='bbox 139 2644 332 2694; x_wconf 80' lang='lat' dir='ltr'>expressit</span> <span class='ocrx_word' id='word_1_227' title='bbox 372 2643 634 2680; x_wconf 83' lang='lat' dir='ltr'>Homericum</span> <span class='ocrx_word' id='word_1_228' title='bbox 676 2645 764 2681; x_wconf 71' lang='lat' dir='ltr'>Mo-</span> 
     </span>
     <span class='ocr_line' id='line_1_41' title="bbox 46 2693 762 2747; baseline 0.003 -11"><span class='ocrx_word' id='word_1_229' title='bbox 46 2711 101 2736; x_wconf 80' lang='grc' dir='ltr'>τσ.</span> <span class='ocrx_word' id='word_1_230' title='bbox 135 2693 316 2746; x_wconf 70' lang='grc' dir='ltr'>διηνεκῆ,</span> <span class='ocrx_word' id='word_1_231' title='bbox 342 2699 455 2739; x_wconf 84' lang='lat' dir='ltr'>Iliad.</span> <span class='ocrx_word' id='word_1_232' title='bbox 487 2713 535 2747; x_wconf 82' lang='grc' dir='ltr'>η,</span> <span class='ocrx_word' id='word_1_233' title='bbox 569 2701 679 2747; x_wconf 85' lang='lat'>321;</span> <span class='ocrx_word' id='word_1_234' title='bbox 708 2703 762 2739; x_wconf 93' lang='grc' dir='ltr'>Ο-</span> 
     </span>
     <span class='ocr_line' id='line_1_42' title="bbox 49 2752 763 2813; baseline 0.001 -19"><span class='ocrx_word' id='word_1_235' title='bbox 49 2755 158 2809; x_wconf 76' lang='lat' dir='ltr'>dyss.</span> <span class='ocrx_word' id='word_1_236' title='bbox 172 2752 217 2813; x_wconf 73' lang='grc' dir='ltr'>ξ,</span> <span class='ocrx_word' id='word_1_237' title='bbox 243 2759 321 2808; x_wconf 77' lang='grc'>437</span> <span class='ocrx_word' id='word_1_238' title='bbox 339 2785 351 2807; x_wconf 89' lang='grc'>,</span> <span class='ocrx_word' id='word_1_239' title='bbox 375 2759 447 2797; x_wconf 87' lang='lat' dir='ltr'>ubi</span> <span class='ocrx_word' id='word_1_240' title='bbox 465 2759 571 2808; x_wconf 77' lang='lat' dir='ltr'>Ajax</span> <span class='ocrx_word' id='word_1_241' title='bbox 585 2767 624 2797; x_wconf 88' lang='lat' dir='ltr'>et</span> <span class='ocrx_word' id='word_1_242' title='bbox 644 2758 763 2811; x_wconf 73' lang='lat' dir='ltr'>L‘lys-</span> 
     </span>
    </p>
   </div>
   <div class='ocr_carea' id='block_1_5' title="bbox 827 1262 1555 2746">
    <p class='ocr_par' dir='ltr' id='par_1_9' title="bbox 827 1262 1555 2342">
     <span class='ocr_line' id='line_1_43' title="bbox 830 1262 1555 1313; baseline -0.006 -12"><span class='ocrx_word' id='word_1_243' title='bbox 830 1278 890 1302; x_wconf 91' lang='lat' dir='ltr'>ses</span> <span class='ocrx_word' id='word_1_244' title='bbox 917 1263 1056 1301; x_wconf 89' lang='lat' dir='ltr'>eodem</span> <span class='ocrx_word' id='word_1_245' title='bbox 1080 1262 1202 1301; x_wconf 74' lang='lat' dir='ltr'>modo</span> <span class='ocrx_word' id='word_1_246' title='bbox 1228 1263 1439 1313; x_wconf 84' lang='lat' dir='ltr'>praecipuae</span> <span class='ocrx_word' id='word_1_247' title='bbox 1462 1274 1555 1311; x_wconf 81' lang='lat' dir='ltr'>por-</span> 
     </span>
     <span class='ocr_line' id='line_1_44' title="bbox 831 1320 1553 1370; baseline -0.007 -11"><span class='ocrx_word' id='word_1_248' title='bbox 831 1323 951 1360; x_wconf 87' lang='lat' dir='ltr'>tionis</span> <span class='ocrx_word' id='word_1_249' title='bbox 977 1321 1131 1359; x_wconf 87' lang='lat' dir='ltr'>honore</span> <span class='ocrx_word' id='word_1_250' title='bbox 1155 1321 1425 1370; x_wconf 78' lang='lat' dir='ltr'>excipiuntur.</span> <span class='ocrx_word' id='word_1_251' title='bbox 1457 1320 1553 1354; x_wconf 85' lang='lat' dir='ltr'>Lus-</span> 
     </span>
     <span class='ocr_line' id='line_1_45' title="bbox 830 1378 1549 1428; baseline -0.007 -11"><span class='ocrx_word' id='word_1_252' title='bbox 830 1379 996 1417; x_wconf 80' lang='lat' dir='ltr'>tralibus</span> <span class='ocrx_word' id='word_1_253' title='bbox 1025 1378 1141 1416; x_wconf 76' lang='lat' dir='ltr'>extis.</span> <span class='ocrx_word' id='word_1_254' title='bbox 1171 1378 1302 1415; x_wconf 78' lang='lat' dir='ltr'>Multa</span> <span class='ocrx_word' id='word_1_255' title='bbox 1341 1388 1549 1428; x_wconf 83' lang='lat' dir='ltr'>perperam</span> 
     </span>
     <span class='ocr_line' id='line_1_46' title="bbox 830 1433 1550 1480; baseline -0.008 -5"><span class='ocrx_word' id='word_1_256' title='bbox 830 1437 996 1475; x_wconf 86' lang='lat' dir='ltr'>tradunt</span> <span class='ocrx_word' id='word_1_257' title='bbox 1025 1438 1134 1474; x_wconf 76' lang='lat' dir='ltr'>Serv.</span> <span class='ocrx_word' id='word_1_258' title='bbox 1167 1444 1206 1473; x_wconf 91' lang='lat' dir='ltr'>et</span> <span class='ocrx_word' id='word_1_259' title='bbox 1236 1434 1327 1480; x_wconf 90' lang='lat' dir='ltr'>alii;</span> <span class='ocrx_word' id='word_1_260' title='bbox 1351 1433 1420 1471; x_wconf 89' lang='lat' dir='ltr'>sed</span> <span class='ocrx_word' id='word_1_261' title='bbox 1437 1434 1550 1470; x_wconf 88' lang='lat' dir='ltr'>aliter</span> 
     </span>
     <span class='ocr_line' id='line_1_47' title="bbox 830 1490 1551 1545; baseline -0.007 -13"><span class='ocrx_word' id='word_1_262' title='bbox 830 1496 958 1545; x_wconf 90' lang='lat' dir='ltr'>accipi</span> <span class='ocrx_word' id='word_1_263' title='bbox 991 1495 1059 1531; x_wconf 69' lang='lat' dir='ltr'>vix</span> <span class='ocrx_word' id='word_1_264' title='bbox 1092 1500 1261 1542; x_wconf 86' lang='lat' dir='ltr'>possunt</span> <span class='ocrx_word' id='word_1_265' title='bbox 1290 1505 1408 1543; x_wconf 89' lang='lat' dir='ltr'>quam</span> <span class='ocrx_word' id='word_1_266' title='bbox 1441 1490 1551 1542; x_wconf 92' lang='lat' dir='ltr'>quod</span> 
     </span>
     <span class='ocr_line' id='line_1_48' title="bbox 829 1550 1553 1600; baseline -0.006 -11"><span class='ocrx_word' id='word_1_267' title='bbox 829 1565 970 1589; x_wconf 86' lang='lat' dir='ltr'>eorum</span> <span class='ocrx_word' id='word_1_268' title='bbox 990 1564 1085 1589; x_wconf 89' lang='lat' dir='ltr'>usus</span> <span class='ocrx_word' id='word_1_269' title='bbox 1105 1551 1244 1600; x_wconf 84' lang='lat' dir='ltr'>aliquis</span> <span class='ocrx_word' id='word_1_270' title='bbox 1262 1551 1490 1600; x_wconf 84' lang='lat' dir='ltr'>praecipuus</span> <span class='ocrx_word' id='word_1_271' title='bbox 1508 1550 1553 1585; x_wconf 85' lang='grc'>111</span> 
     </span>
     <span class='ocr_line' id='line_1_49' title="bbox 827 1604 1550 1656; baseline -0.006 -11"><span class='ocrx_word' id='word_1_272' title='bbox 827 1608 1135 1645; x_wconf 84' lang='lat' dir='ltr'>lustrationibus</span> <span class='ocrx_word' id='word_1_273' title='bbox 1152 1616 1236 1643; x_wconf 86' lang='lat' dir='ltr'>erat</span> <span class='ocrx_word' id='word_1_274' title='bbox 1256 1619 1266 1644; x_wconf 88' lang='lat'><strong>:</strong></span> <span class='ocrx_word' id='word_1_275' title='bbox 1286 1619 1369 1644; x_wconf 90' lang='lat' dir='ltr'>non</span> <span class='ocrx_word' id='word_1_276' title='bbox 1388 1604 1550 1656; x_wconf 81' lang='lat' dir='ltr'>quidem</span> 
     </span>
     <span class='ocr_line' id='line_1_50' title="bbox 830 1662 1550 1714; baseline -0.006 -11"><span class='ocrx_word' id='word_1_277' title='bbox 830 1674 941 1712; x_wconf 91' lang='lat' dir='ltr'>tum,</span> <span class='ocrx_word' id='word_1_278' title='bbox 977 1678 1068 1702; x_wconf 89' lang='lat' dir='ltr'>nam</span> <span class='ocrx_word' id='word_1_279' title='bbox 1101 1665 1272 1702; x_wconf 83' lang='lat' dir='ltr'>heroicis</span> <span class='ocrx_word' id='word_1_280' title='bbox 1302 1662 1550 1714; x_wconf 85' lang='lat' dir='ltr'>temporibus</span> 
     </span>
     <span class='ocr_line' id='line_1_51' title="bbox 827 1721 1551 1774; baseline -0.006 -14"><span class='ocrx_word' id='word_1_281' title='bbox 827 1725 872 1760; x_wconf 89' lang='lat' dir='ltr'>in</span> <span class='ocrx_word' id='word_1_282' title='bbox 891 1723 1021 1774; x_wconf 84' lang='lat' dir='ltr'>epulis</span> <span class='ocrx_word' id='word_1_283' title='bbox 1041 1724 1161 1759; x_wconf 86' lang='lat' dir='ltr'>sacris</span> <span class='ocrx_word' id='word_1_284' title='bbox 1182 1730 1273 1758; x_wconf 79' lang='lat' dir='ltr'>exta</span> <span class='ocrx_word' id='word_1_285' title='bbox 1299 1721 1551 1772; x_wconf 84' lang='lat' dir='ltr'>apponeban-</span> 
     </span>
     <span class='ocr_line' id='line_1_52' title="bbox 829 1780 1550 1830; baseline -0.006 -13"><span class='ocrx_word' id='word_1_286' title='bbox 829 1789 919 1827; x_wconf 86' lang='lat' dir='ltr'>tur,</span> <span class='ocrx_word' id='word_1_287' title='bbox 941 1790 987 1817; x_wconf 90' lang='lat' dir='ltr'>ut</span> <span class='ocrx_word' id='word_1_288' title='bbox 1009 1780 1050 1817; x_wconf 89' lang='grc'>11.</span> <span class='ocrx_word' id='word_1_289' title='bbox 1079 1780 1107 1817; x_wconf 90' lang='lat'>1.</span> <span class='ocrx_word' id='word_1_290' title='bbox 1136 1780 1394 1830; x_wconf 80' lang='lat' dir='ltr'>sequentibus</span> <span class='ocrx_word' id='word_1_291' title='bbox 1419 1787 1550 1814; x_wconf 85' lang='lat' dir='ltr'>tamen</span> 
     </span>
     <span class='ocr_line' id='line_1_53' title="bbox 830 1836 1550 1886; baseline -0.006 -12"><span class='ocrx_word' id='word_1_292' title='bbox 830 1837 1035 1883; x_wconf 74' lang='lat' dir='ltr'>aetatibus,</span> <span class='ocrx_word' id='word_1_293' title='bbox 1066 1837 1214 1886; x_wconf 83' lang='lat' dir='ltr'>quibus</span> <span class='ocrx_word' id='word_1_294' title='bbox 1243 1844 1333 1873; x_wconf 79' lang='lat' dir='ltr'>exta</span> <span class='ocrx_word' id='word_1_295' title='bbox 1363 1836 1550 1885; x_wconf 91' lang='lat' dir='ltr'>inspicie-</span> 
     </span>
     <span class='ocr_line' id='line_1_54' title="bbox 829 1893 1549 1939; baseline -0.004 -8"><span class='ocrx_word' id='word_1_296' title='bbox 829 1894 978 1931; x_wconf 86' lang='lat' dir='ltr'>bantur</span> <span class='ocrx_word' id='word_1_297' title='bbox 1018 1902 1057 1931; x_wconf 91' lang='lat' dir='ltr'>et</span> <span class='ocrx_word' id='word_1_298' title='bbox 1094 1893 1396 1939; x_wconf 82' lang='lat' dir='ltr'>cremabanrur3</span> <span class='ocrx_word' id='word_1_299' title='bbox 1417 1905 1438 1928; x_wconf 91' lang='lat' dir='ltr'>a</span> <span class='ocrx_word' id='word_1_300' title='bbox 1471 1894 1549 1929; x_wconf 81' lang='lat' dir='ltr'>Ro-</span> 
     </span>
     <span class='ocr_line' id='line_1_55' title="bbox 830 1951 1551 1988; baseline -0.004 0"><span class='ocrx_word' id='word_1_301' title='bbox 830 1953 955 1988; x_wconf 86' lang='lat' dir='ltr'>manis</span> <span class='ocrx_word' id='word_1_302' title='bbox 981 1960 1113 1988; x_wconf 85' lang='lat' dir='ltr'>autem</span> <span class='ocrx_word' id='word_1_303' title='bbox 1133 1952 1249 1988; x_wconf 82' lang='lat' dir='ltr'>etiam</span> <span class='ocrx_word' id='word_1_304' title='bbox 1275 1952 1319 1987; x_wconf 88' lang='lat' dir='ltr'>in</span> <span class='ocrx_word' id='word_1_305' title='bbox 1338 1951 1458 1987; x_wconf 80' lang='lat' dir='ltr'>sacris</span> <span class='ocrx_word' id='word_1_306' title='bbox 1484 1962 1551 1986; x_wconf 81' lang='lat' dir='ltr'>ex-</span> 
     </span>
     <span class='ocr_line' id='line_1_56' title="bbox 830 2007 1545 2059; baseline -0.006 -13"><span class='ocrx_word' id='word_1_307' title='bbox 830 2010 1009 2059; x_wconf 89' lang='lat' dir='ltr'>piatoriis</span> <span class='ocrx_word' id='word_1_308' title='bbox 1027 2009 1224 2046; x_wconf 80' lang='lat' dir='ltr'>immolari</span> <span class='ocrx_word' id='word_1_309' title='bbox 1242 2020 1285 2044; x_wconf 88' lang='lat' dir='ltr'>ea</span> <span class='ocrx_word' id='word_1_310' title='bbox 1303 2007 1417 2045; x_wconf 88' lang='lat' dir='ltr'>solita</span> <span class='ocrx_word' id='word_1_311' title='bbox 1441 2019 1545 2052; x_wconf 88' lang='lat' dir='ltr'>esse,</span> 
     </span>
     <span class='ocr_line' id='line_1_57' title="bbox 830 2063 1548 2103; baseline -0.004 -1"><span class='ocrx_word' id='word_1_312' title='bbox 830 2067 922 2103; x_wconf 84' lang='lat' dir='ltr'>satis</span> <span class='ocrx_word' id='word_1_313' title='bbox 954 2074 1136 2103; x_wconf 87' lang='lat' dir='ltr'>constat:</span> <span class='ocrx_word' id='word_1_314' title='bbox 1161 2080 1199 2103; x_wconf 81' lang='lat' dir='ltr'>v.</span> <span class='ocrx_word' id='word_1_315' title='bbox 1231 2079 1266 2103; x_wconf 88' lang='grc'>0.</span> <span class='ocrx_word' id='word_1_316' title='bbox 1294 2067 1338 2102; x_wconf 83' lang='grc'>111</span> <span class='ocrx_word' id='word_1_317' title='bbox 1368 2063 1548 2102; x_wconf 87' lang='lat' dir='ltr'>Fordici-</span> 
     </span>
     <span class='ocr_line' id='line_1_58' title="bbox 830 2121 1545 2169; baseline -0.004 -9"><span class='ocrx_word' id='word_1_318' title='bbox 830 2123 906 2160; x_wconf 64' lang='lat' dir='ltr'>diis</span> <span class='ocrx_word' id='word_1_319' title='bbox 925 2122 1044 2162; x_wconf 76' lang='lat' dir='ltr'>Ovid.</span> <span class='ocrx_word' id='word_1_320' title='bbox 1071 2125 1174 2161; x_wconf 85' lang='lat' dir='ltr'>Fast.</span> <span class='ocrx_word' id='word_1_321' title='bbox 1203 2125 1288 2167; x_wconf 83' lang='lat' dir='ltr'>IV,</span> <span class='ocrx_word' id='word_1_322' title='bbox 1322 2123 1431 2169; x_wconf 82' lang='lat'><strong>637,</strong></span> <span class='ocrx_word' id='word_1_323' title='bbox 1461 2121 1545 2158; x_wconf 85' lang='lat'>638</span> 
     </span>
     <span class='ocr_line' id='line_1_59' title="bbox 828 2177 1545 2231; baseline -0.006 -13"><span class='ocrx_word' id='word_1_324' title='bbox 828 2201 885 2208; x_wconf 88' lang='lat'>—</span> <span class='ocrx_word' id='word_1_325' title='bbox 903 2181 987 2228; x_wconf 72' lang='lat'>670</span> <span class='ocrx_word' id='word_1_326' title='bbox 1013 2193 1071 2230; x_wconf 88' lang='lat' dir='ltr'>sq.</span> <span class='ocrx_word' id='word_1_327' title='bbox 1105 2180 1327 2217; x_wconf 82' lang='lat' dir='ltr'>Lustralem</span> <span class='ocrx_word' id='word_1_328' title='bbox 1345 2177 1488 2231; x_wconf 86' lang='lat' dir='ltr'>facem</span> <span class='ocrx_word' id='word_1_329' title='bbox 1506 2186 1545 2215; x_wconf 90' lang='lat' dir='ltr'>et</span> 
     </span>
     <span class='ocr_line' id='line_1_60' title="bbox 828 2235 1544 2288; baseline -0.003 -14"><span class='ocrx_word' id='word_1_330' title='bbox 828 2238 971 2275; x_wconf 83' lang='lat' dir='ltr'>similia</span> <span class='ocrx_word' id='word_1_331' title='bbox 1002 2247 1204 2288; x_wconf 84' lang='lat' dir='ltr'>comparat</span> <span class='ocrx_word' id='word_1_332' title='bbox 1226 2237 1359 2275; x_wconf 82' lang='lat' dir='ltr'>Barth.</span> <span class='ocrx_word' id='word_1_333' title='bbox 1381 2235 1430 2273; x_wconf 89' lang='lat' dir='ltr'>ad</span> <span class='ocrx_word' id='word_1_334' title='bbox 1447 2239 1544 2275; x_wconf 83' lang='lat' dir='ltr'>Stat.</span> 
     </span>
     <span class='ocr_line' id='line_1_61' title="bbox 828 2295 1134 2342; baseline 0.003 -10"><span class='ocrx_word' id='word_1_335' title='bbox 828 2295 955 2333; x_wconf 88' lang='lat' dir='ltr'>Theb.</span> <span class='ocrx_word' id='word_1_336' title='bbox 975 2297 1015 2342; x_wconf 95' lang='lat' dir='ltr'>I,</span> <span class='ocrx_word' id='word_1_337' title='bbox 1036 2296 1134 2342; x_wconf 86' lang='lat'>507.</span> 
     </span>
    </p>

    <p class='ocr_par' dir='ltr' id='par_1_10' title="bbox 827 2350 1551 2746">
     <span class='ocr_line' id='line_1_62' title="bbox 892 2350 1546 2401; baseline -0.003 -12"><span class='ocrx_word' id='word_1_338' title='bbox 892 2353 985 2396; x_wconf 74' lang='lat'>184.</span> <span class='ocrx_word' id='word_1_339' title='bbox 1006 2354 1137 2389; x_wconf 85' lang='lat' dir='ltr'>Amor</span> <span class='ocrx_word' id='word_1_340' title='bbox 1154 2350 1324 2396; x_wconf 84' lang='lat' dir='ltr'>edendi,</span> <span class='ocrx_word' id='word_1_341' title='bbox 1351 2351 1442 2401; x_wconf 82' lang='lat' dir='ltr'>quis</span> <span class='ocrx_word' id='word_1_342' title='bbox 1461 2363 1546 2387; x_wconf 90' lang='lat' dir='ltr'>non</span> 
     </span>
     <span class='ocr_line' id='line_1_63' title="bbox 827 2403 1546 2462; baseline -0.001 -17"><span class='ocrx_word' id='word_1_343' title='bbox 827 2409 937 2447; x_wconf 67' lang='lat' dir='ltr'>videt</span> <span class='ocrx_word' id='word_1_344' title='bbox 960 2411 1219 2447; x_wconf 84' lang='lat' dir='ltr'>Homericum</span> <span class='ocrx_word' id='word_1_345' title='bbox 1244 2408 1326 2462; x_wconf 69' lang='grc' dir='ltr'>ἔρον</span> <span class='ocrx_word' id='word_1_346' title='bbox 1360 2403 1546 2452; x_wconf 61' lang='grc' dir='ltr'>ἐδητύος.)</span> 
     </span>
     <span class='ocr_line' id='line_1_64' title="bbox 828 2461 1545 2520; baseline -0.003 -16"><span class='ocrx_word' id='word_1_347' title='bbox 828 2464 957 2520; x_wconf 71' lang='grc' dir='ltr'>Αὐτὰρ</span> <span class='ocrx_word' id='word_1_348' title='bbox 983 2463 1066 2505; x_wconf 80' lang='grc' dir='ltr'>ἐπεὶ</span> <span class='ocrx_word' id='word_1_349' title='bbox 1085 2465 1216 2510; x_wconf 78' lang='grc' dir='ltr'>πόσιος</span> <span class='ocrx_word' id='word_1_350' title='bbox 1236 2462 1303 2504; x_wconf 80' lang='grc' dir='ltr'>καὶ</span> <span class='ocrx_word' id='word_1_351' title='bbox 1329 2461 1486 2509; x_wconf 72' lang='grc' dir='ltr'>ἐδητύος</span> <span class='ocrx_word' id='word_1_352' title='bbox 1506 2462 1545 2510; x_wconf 83' lang='grc' dir='ltr'>ἐξ</span> 
     </span>
     <span class='ocr_line' id='line_1_65' title="bbox 832 2522 1547 2578; baseline -0.003 -17"><span class='ocrx_word' id='word_1_353' title='bbox 832 2522 914 2578; x_wconf 61' lang='grc' dir='ltr'>ἔξω</span> <span class='ocrx_word' id='word_1_354' title='bbox 937 2523 1033 2563; x_wconf 74' lang='grc' dir='ltr'>ἕντο.</span> <span class='ocrx_word' id='word_1_355' title='bbox 1050 2547 1108 2555; x_wconf 85' lang='grc'>--</span> <span class='ocrx_word' id='word_1_356' title='bbox 1122 2539 1138 2562; x_wconf 88' lang='grc'>1</span> <span class='ocrx_word' id='word_1_357' title='bbox 1148 2525 1215 2572; x_wconf 87' lang='lat'>87.</span> <span class='ocrx_word' id='word_1_358' title='bbox 1230 2526 1351 2561; x_wconf 85' lang='lat' dir='ltr'>Vana</span> <span class='ocrx_word' id='word_1_359' title='bbox 1366 2522 1547 2573; x_wconf 79' lang='lat' dir='ltr'>supersti-</span> 
     </span>
     <span class='ocr_line' id='line_1_66' title="bbox 830 2581 1546 2634; baseline -0.003 -15"><span class='ocrx_word' id='word_1_360' title='bbox 830 2582 884 2620; x_wconf 75' lang='lat' dir='ltr'>tio</span> <span class='ocrx_word' id='word_1_361' title='bbox 897 2611 907 2628; x_wconf 96' lang='lat'>‚</span> <span class='ocrx_word' id='word_1_362' title='bbox 931 2582 1112 2621; x_wconf 87' lang='lat' dir='ltr'>deserens</span> <span class='ocrx_word' id='word_1_363' title='bbox 1136 2584 1361 2634; x_wconf 88' lang='lat' dir='ltr'>priscorum</span> <span class='ocrx_word' id='word_1_364' title='bbox 1379 2581 1546 2618; x_wconf 83' lang='lat' dir='ltr'>deorum</span> 
     </span>
     <span class='ocr_line' id='line_1_67' title="bbox 831 2637 1550 2690; baseline -0.004 -13"><span class='ocrx_word' id='word_1_365' title='bbox 831 2640 1011 2689; x_wconf 82' lang='lat' dir='ltr'>cultum,</span> <span class='ocrx_word' id='word_1_366' title='bbox 1048 2654 1069 2678; x_wconf 88' lang='grc'><strong>3</strong></span> <span class='ocrx_word' id='word_1_367' title='bbox 1101 2649 1234 2679; x_wconf 86' lang='lat' dir='ltr'>vetere</span> <span class='ocrx_word' id='word_1_368' title='bbox 1260 2639 1452 2690; x_wconf 87' lang='lat' dir='ltr'>religione</span> <span class='ocrx_word' id='word_1_369' title='bbox 1485 2637 1550 2675; x_wconf 79' lang='lat' dir='ltr'>do-</span> 
     </span>
     <span class='ocr_line' id='line_1_68' title="bbox 830 2697 1551 2746; baseline -0.006 -10"><span class='ocrx_word' id='word_1_370' title='bbox 830 2699 1003 2737; x_wconf 81' lang='lat' dir='ltr'>sciscens</span> <span class='ocrx_word' id='word_1_371' title='bbox 1015 2727 1026 2746; x_wconf 93' lang='lat'>‚</span> <span class='ocrx_word' id='word_1_372' title='bbox 1046 2707 1085 2736; x_wconf 88' lang='lat' dir='ltr'>et</span> <span class='ocrx_word' id='word_1_373' title='bbox 1104 2711 1220 2736; x_wconf 84' lang='lat' dir='ltr'>vana</span> <span class='ocrx_word' id='word_1_374' title='bbox 1233 2726 1245 2746; x_wconf 87' lang='lat'><strong>,</strong></span> <span class='ocrx_word' id='word_1_375' title='bbox 1265 2706 1412 2735; x_wconf 85' lang='lat' dir='ltr'>temere</span> <span class='ocrx_word' id='word_1_376' title='bbox 1434 2697 1551 2734; x_wconf 87' lang='lat' dir='ltr'>inno-</span> 
     </span>
    </p>
   </div>
   <div class='ocr_carea' id='block_1_6' title="bbox 831 2753 1546 2813">
    <p class='ocr_par' dir='ltr' id='par_1_11' title="bbox 831 2753 1546 2813">
     <span class='ocr_line' id='line_1_69' title="bbox 831 2753 1546 2813; baseline -0.007 -19"><span class='ocrx_word' id='word_1_377' title='bbox 831 2764 942 2813; x_wconf 40' lang='lat' dir='ltr'>vata.</span> <span class='ocrx_word' id='word_1_378' title='bbox 965 2757 1081 2797; x_wconf 88' lang='lat' dir='ltr'>nullo</span> <span class='ocrx_word' id='word_1_379' title='bbox 1105 2764 1214 2797; x_wconf 83' lang='lat' dir='ltr'>certo</span> <span class='ocrx_word' id='word_1_380' title='bbox 1242 2755 1364 2795; x_wconf 82' lang='lat' dir='ltr'>animi</span> <span class='ocrx_word' id='word_1_381' title='bbox 1380 2753 1546 2809; x_wconf 82' lang='lat' dir='ltr'>judicio.</span> 
     </span>
    </p>
   </div>
  </div>
 </body>
</html>
