1767 3054
757 89 909 125 LIBER
940 91 971 123 Υ
981 90 1010 124 Ι.

1563 93 1639 127 105

138 170 316 223 Lucus,
346 176 391 212 ct
415 161 630 209 obscuris
654 158 880 206 claudunt
903 158 1198 205 convallibus
1228 163 1419 208 umbrce.

138 241 231 288 Sed
255 258 349 288 non
369 248 475 286 ante
497 237 638 283 datur
662 235 843 282 telluris
869 245 1037 298 operta
1061 234 1248 293 subire,
1584 264 1593 281 1
1609 256 1640 288 50

139 317 417 362 Aut-icomos
440 329 583 376 quam
606 312 711 373 quis
734 310 1027 374 decerpserit
1052 310 1227 357 arbore
1255 311 1392 358 setus.

140 394 241 438 Hoc
264 389 354 438 sibi
379 387 580 452 pulchra
603 403 743 434 suum
769 387 882 433 serri
904 388 1189 451 Proserpina
1209 404 1380 434 munus

137 465 357 513 Instituit.
381 464 540 511 Primo
565 464 727 510 avolso
751 479 848 510 non
871 463 1030 511 deficit
1055 466 1174 510 alter

136 545 346 599 Aureus;
367 552 413 587 et
437 538 578 587 simili
605 539 863 587 frondescit
882 540 1017 603 virga
1042 540 1243 587 metallo.

137 618 261 680 Ergo
284 617 375 663 alte
394 617 574 680 vestiga
594 617 765 673 oculis,
789 626 835 662 et
860 615 949 662 rite
974 627 1217 679 repertum
1586 629 1642 662 143

136 693 288 755 Carpe
309 709 451 739 manu
474 713 483 739 ε
509 709 714 756 namque
734 693 835 755 ipse
857 693 1021 739 volens
1047 693 1291 756 facilisque
1312 703 1558 756 sequetur,

137 768 187 814 Si
207 777 251 814 tc
274 768 368 815 fata
391 780 558 815 vocant
581 788 590 815 ;
617 770 778 827 aliter,
804 784 900 815 non
924 768 1110 816 viribus
1139 769 1246 816 ullis

135 843 360 901 Vincere,
387 861 473 891 nec
495 844 616 891 duro
641 845 819 907 poteris
845 845 1111 891 convellere
1137 845 1279 891 ferro.

139 920 372 966 Praeterea
388 920 515 983 jacet
539 919 809 966 exanimum
832 919 920 966 tibi
940 935 1112 982 corpus
1138 920 1299 977 amici,

140 996 248 1040 Heu
269 996 445 1043 nescis!
474 1007 715 1058 totamque
735 996 934 1043 incestat
960 996 1125 1044 sunere
1151 997 1366 1053 classem3
1587 1005 1643 1033 150

138 1071 265 1115 Dum
289 1072 501 1119 consulta
527 1073 670 1135 petis,
696 1083 956 1134 nostroque
980 1072 1028 1117 in
1053 1071 1214 1117 limine
1237 1070 1428 1133 pendes.

139 1144 342 1194 Sedibus
368 1146 495 1193 hunc
519 1149 645 1193 refer
667 1159 775 1193 ante
800 1149 920 1204 suis,
945 1160 992 1194 et
1014 1148 1164 1194 conde
1188 1147 1422 1209 sepulcro.

140 1222 245 1265 Duc
266 1222 423 1284 nigras
448 1223 654 1284 pecudes
678 1241 687 1267 :
720 1240 775 1269 ea
799 1223 953 1284 prima
977 1223 1164 1285 piacula
1183 1232 1338 1269 sunt0.

143 1296 220 1341 Sic
245 1296 434 1342 demum
458 1297 588 1343 lucos
612 1298 827 1360 Stygios,
850 1313 995 1360 regna
1018 1298 1147 1344 invia
1171 1297 1320 1356 vivis,

141 1369 401 1432 Adspicies.
425 1392 443 1411 »
464 1372 621 1429 Dixit,
651 1387 910 1434 pressoque
936 1372 1175 1419 obmutuit
1195 1388 1292 1418 ore.
1586 1384 1644 1413 155

130 1588 294 1641 fernus,
322 1584 598 1638 καταχθόνιες,
620 1587 668 1624 de
691 1588 858 1626 Plutone

141 1647 276 1698 (conf.
299 1645 471 1684 Fabrett.
495 1645 542 1682 ad
569 1646 668 1684 Tab.
690 1645 797 1683 Iliae.
816 1660 857 1696 p.

144 1703 269 1756 372).
304 1705 507 1742 Avernum
534 1707 737 1741 Iunonem
765 1705 859 1743 Ovi-

141 1761 231 1800 dius
247 1762 351 1800 dixit
372 1762 446 1800 hac
465 1763 550 1813 ipsa
569 1765 612 1799 in
631 1763 858 1799 narratione

142 1822 241 1858 Met.
261 1822 360 1858 XIV
374 1849 385 1868 ,
411 1834 427 1857 1
442 1827 504 1864 14.
522 1841 581 1849 —-
603 1827 696 1864 140.
730 1819 858 1857 Tellu-

144 1877 196 1915 ris
222 1887 385 1927 operta,
427 1878 556 1928 simpl.
590 1878 678 1914 loca
706 1878 855 1924 infera,

145 1944 340 1986 quatenus
384 1934 461 1971 sub
511 1943 626 1972 terra.
663 1957 722 1963 —-
764 1942 856 1978 141.

150 1996 279 2044 Quam
307 1991 379 2042 qui
407 1991 554 2029 Medic.
573 1991 670 2029 alter
691 1993 858 2030 Mentel.

146 2061 185 2089 et
208 2051 337 2090 Colot.
355 2078 365 2097 ‚
393 2049 502 2100 quod
527 2050 762 2100 exquisitius
788 2063 860 2100 pu-

147 2119 223 2146 tem
237 2138 249 2155 ‚
272 2120 346 2160 pro
365 2122 487 2159 qnam
504 2107 540 2144 si
557 2107 658 2158 queis.
679 2107 861 2157 Discerp-

145 2167 239 2204 serie
267 2167 381 2204 inulti
411 2179 473 2217 ap.
512 2168 612 2204 Pier.
653 2174 691 2203 et
724 2167 858 2202 Burm.

145 2225 259 2263 male.
281 2225 470 2275 Decerpit
490 2224 540 2260 ab
564 2224 704 2260 arbore
726 2224 862 2260 notavi

145 2297 196 2320 ex
227 2285 294 2322 Jo.
325 2282 513 2321 Sarisber.
547 2282 616 2320 lib.
653 2283 778 2327 VIII,
818 2294 858 2332 p.

146 2342 255 2391 690,
290 2341 353 2379 ed.
388 2342 516 2380 Amst.
540 2362 598 2369 ——·
623 2342 698 2385 143
716 2369 726 2387 ,
766 2346 859 2385 144.

145 2403 318 2446 Ornate;
359 2400 402 2438 in
436 2400 534 2436 rami
569 2399 696 2436 avulsi
727 2399 860 2436 locum

144 2457 244 2496 alius
266 2459 491 2496 succrescit.
521 2459 621 2495 Mox
649 2457 723 2494 rite
742 2469 862 2507 carpe

142 2516 284 2568 junge,
317 2524 356 2553 et
381 2516 417 2553 si
444 2525 481 2553 te
503 2516 604 2568 saca
626 2524 801 2560 vocant,
828 2516 862 2552 si

144 2572 258 2612 fatale
281 2574 356 2612 tibi
377 2582 435 2612 est
448 2602 458 2621 ‚
485 2574 633 2611 inferos
651 2573 770 2612 adire.

209 2634 448 2683 149—155.
463 2636 569 2670 Ante
587 2632 726 2670 oculos
747 2631 856 2670 Iliad.

148 2702 200 2739 χ,
228 2691 310 2728 386
334 2690 471 2730 Κεῖται
494 2693 590 2744 παρ’
607 2687 733 2731 ντῖεσσι
752 2689 860 2734 νέκυς

149 2743 385 2797 ἄκλαυσθος,
416 2747 589 2794 &exet-:03
621 2747 859 2803 Πέτροκλες.

925 1589 1104 1627 Observa
1117 1589 1331 1627 verborum
1344 1590 1638 1640 proprietatem.

925 1647 1084 1684 Pelides
1104 1645 1189 1698 ‘pro
1224 1647 1380 1698 vulgari
1409 1647 1547 1686 haeres.
1580 1649 1647 1684 Se-

925 1705 994 1742 des
1010 1705 1059 1743 de
1075 1705 1259 1756 sepulcro
1279 1705 1344 1742 alii
1358 1733 1368 1752 ‚
1389 1705 1455 1743 alii
1475 1705 1524 1743 de
1541 1714 1645 1743 terra

925 1763 1142 1802 admodum
1177 1763 1276 1801 dure
1310 1764 1527 1814 accipiunt.
1562 1763 1642 1801 vid.

924 1823 1060 1860 Burm.
1092 1823 1173 1861 Cur
1208 1834 1292 1859 non
1320 1822 1456 1859 locum
1487 1835 1645 1872 compa-

925 1888 1013 1916 rant
1034 1879 1106 1917 inf.
1130 1893 1168 1917 v.
1194 1880 1273 1926 371
1310 1879 1475 1916 Sedibus
1501 1890 1544 1916 uc
1569 1880 1645 1915 sal·

925 1946 1003 1973 lem
1014 1936 1192 1986 placidis
1208 1936 1249 1972 in
1273 1945 1397 1973 morte
1415 1936 1615 1986 quiescam
1631 1965 1642 1982 ‚

925 2003 964 2030 et
1000 2007 1039 2032 V.
1078 1995 1158 2031 328
1199 2007 1321 2044 quam
1362 1993 1517 2030 sedibus
1554 2007 1643 2032 ossa

927 2050 1122 2102 quierunt.
1138 2053 1281 2088 Errant
1297 2053 1436 2089 Manes
1454 2053 1643 2102 insepulti

927 2108 990 2146 vel
1021 2111 1124 2146 circa
1152 2123 1296 2160 corpus
1331 2109 1393 2147 vel
1420 2111 1524 2147 circa
1559 2114 1645 2161 Sty-

927 2180 1028 2218 gem.
1057 2169 1271 2206 Notissima
1295 2181 1380 2215 res;
1408 2182 1444 2206 v.
1465 2168 1562 2206 Obs.
1595 2169 1642 2205 ad

927 2225 1157 2267 'sibu11.,111
1171 2255 1181 2271 ‚
1207 2239 1228 2263 2
1245 2255 1256 2273 ,
1288 2226 1337 2263 15
1356 2241 1366 2273 3
1388 2235 1426 2264 at
1444 2227 1562 2275 justis
1583 2240 1643 2264 ac-

929 2285 1076 2334 ceptis,
1118 2283 1167 2320 ad
1200 2285 1286 2321 loca
1320 2285 1445 2322 infera
1483 2285 1644 2322 admissi

927 2343 1100 2393 quietem
1120 2343 1333 2393 recipiunt.
1358 2341 1559 2380 Piaculare
1581 2356 1643 2380 au-

928 2410 1005 2438 tem
1033 2413 1190 2438 sacrum
1209 2414 1248 2439 v.
1284 2401 1361 2438 153
1392 2414 1476 2439 non
1494 2409 1570 2438 tam
1597 2401 1642 2438 ad

927 2457 1174 2510 purgandam
1204 2459 1366 2497 classem
1400 2472 1419 2496 a
1458 2468 1643 2496 contactu

926 2517 1116 2568 insepulti
1132 2517 1332 2555 cadaveris
1355 2517 1485 2555 valere
1502 2517 1620 2554 debet
1634 2545 1643 2562 ‚

926 2588 1044 2626 quam
1056 2575 1105 2612 ad
1120 2575 1335 2627 placandos
1352 2576 1498 2613 inferos
1511 2604 1522 2620 ‚
1544 2589 1645 2626 quos

927 2642 986 2671 est
1002 2646 1227 2672 accessurus
1249 2646 1258 2672 :
1285 2635 1450 2672 omnino
1470 2634 1576 2670 enim
1597 2632 1643 2669 ad

927 2691 1074 2730 inferos
1116 2705 1200 2730 non
1226 2694 1302 2730 nisi
1332 2692 1480 2741 expiati
1504 2700 1541 2728 et
1565 2690 1644 2740 pla-

931 2751 1027 2788 catis
1054 2751 1245 2789 Manibus
1278 2749 1474 2788 accedunt
1505 2749 1643 2785 heroes
