1767 3054
125 164 205 200 236

755 163 995 203 AENEIDOS

118 234 272 295 Majus
296 233 462 280 adorta
486 234 637 290 nefas,
661 235 980 296 majoremque
1003 250 1109 279 orsa
1134 234 1339 281 furorem
1355 271 1366 293 ‚

118 309 306 365 Evolat,
332 321 378 355 et
402 319 560 354 natam
584 309 818 354 frondosis
844 308 1084 354 montibus
1111 309 1264 367 abdit,

120 384 227 437 Quo
253 381 509 427 thalamum
535 382 705 443 eripiat
723 382 940 438 Teucris,
963 383 1201 444 taedasque
1222 394 1434 429 moretur
1456 402 1464 428 :

119 453 283 500 Evohe
309 456 513 512 Bacche,
543 457 766 510 fremens,
792 455 944 500 solum
970 465 1014 500 te
1040 456 1222 518 virgine
1247 458 1439 519 dignum
1455 491 1467 513 ‚

118 529 416 588 Vocifera1153
439 530 613 576 etenim
634 530 785 575 mollis
805 529 895 574 tibi
914 546 1099 576 sumere
1122 531 1333 592 thyrsos,
1561 541 1620 581 390

54 623 61 632 x
116 607 182 649 Te
208 605 407 650 lustrare
431 605 603 662 choro,
628 620 813 650 sacrum
833 603 921 650 tibi
943 621 1134 666 pascere
1158 606 1349 652 crinem.

116 787 209 822 tiam
236 788 399 832 sentias,
432 801 633 824 sacrorum
674 788 834 824 Bacchi-

116 856 255 880 corum
290 846 388 881 ritus
423 858 442 880 a
477 846 622 882 nostris
655 845 835 882 sensibus

113 910 192 937 tam
215 901 331 938 alieni
351 903 492 938 notitia
519 903 647 951 aliqua
661 930 670 948 ‚
693 916 743 938 ex
758 905 836 940 Eu-

114 958 252 1008 ripidis
283 973 321 996 v,
357 971 389 996 e.
420 959 608 1004 Bacchis,
636 959 837 997 imbutum

112 1015 258 1052 habere
287 1017 464 1052 animum
491 1030 648 1053 necesse
676 1026 746 1054 est.
769 1020 833 1054 In-

114 1081 172 1108 ter
200 1086 268 1110 eos
290 1072 471 1110 homines
485 1102 495 1119 ‚
517 1076 587 1124 qui
610 1076 717 1125 orgia
738 1076 834 1111 Bae-

115 1130 180 1167 chj
199 1129 506 1180 frequentabant
519 1160 529 1177 ‚
555 1131 669 1168 facile
694 1132 772 1169 hoc
792 1134 835 1169 in

114 1189 291 1224 animum
313 1189 450 1225 venire
480 1188 620 1226 debuit
652 1190 833 1235 feminee,

114 1254 159 1281 ut
177 1246 245 1282 irae
268 1246 402 1283 furore
426 1255 510 1283 acta
525 1276 535 1293 ,
555 1260 681 1297 quum
707 1249 836 1285 inviso

114 1317 259 1353 genero
293 1304 518 1342 subducere
546 1305 665 1342 vellet
689 1303 835 1352 filiam,

115 1361 309 1399 Bacchico
340 1375 378 1399 se
408 1364 533 1400 teneri
561 1363 694 1400 furore
718 1365 837 1400 simu-

113 1419 231 1464 laret,
271 1432 351 1470 quo
382 1418 506 1457 filiam
545 1421 682 1458 iisdem
720 1424 838 1458 sacris

114 1477 287 1513 initiaret
301 1506 311 1522 ‚
330 1477 507 1528 adeoque
523 1480 566 1514 in
583 1479 699 1515 silvas
719 1479 840 1516 abdu-

117 1542 234 1572 ceret.
258 1534 405 1571 Incidit
433 1545 549 1585 poeta
578 1538 621 1572 in
643 1549 839 1573 commen-

116 1600 201 1628 tum
237 1591 316 1628 hoc
353 1594 536 1643 exemplo
571 1595 810 1644 tragicorum
826 1622 836 1638 ‚

115 1650 187 1698 qni
206 1648 357 1686 furores
381 1650 594 1688 Bacchicos
623 1664 724 1701 saepe
744 1665 837 1688 con-

116 1706 211 1743 siliis
231 1708 311 1743 suis
328 1715 703 1758 attemperaverunt.
719 1711 766 1746 In
779 1722 837 1746 ar-

117 1765 218 1801 tium
242 1766 498 1802 monimentis
526 1767 719 1803 nonnulla
742 1767 837 1804 hinc

115 1821 305 1858 illustrari
317 1821 402 1859 dixi
415 1836 425 1869 3
438 1836 592 1860 novum
610 1824 837 1874 exemplum

118 1878 201 1916 vidi
229 1892 359 1929 nuper
387 1881 431 1916 in
453 1881 533 1918 vol.
554 1883 591 1916 V
614 1883 747 1918 Musei
767 1883 838 1919 Pio

121 1937 243 1975 Clem.
264 1946 360 1975 tom.
385 1939 449 1984 V,
476 1938 556 1976 tab.
588 1940 661 1983 18,
697 1939 770 1976 ubi
795 1941 839 1976 in

119 2003 351 2046 argumento
374 1995 506 2032 luctus
525 1997 744 2034 Laodamiae
763 1996 838 2033 lar-

120 2066 169 2089 va
191 2052 382 2089 Bacchica
410 2055 588 2103 apposita
615 2063 672 2091 est
697 2066 706 2091 :
737 2055 838 2091 forte

119 2111 211 2160 quia
240 2110 349 2160 apud
378 2110 612 2161 Euripidem
633 2113 676 2148 in
705 2114 840 2149 Prote-

120 2168 215 2204 silao
254 2169 366 2205 furor
400 2168 616 2206 Bacchicus
652 2177 720 2205 aut
749 2182 839 2205 cum

118 2225 232 2263 luctu
253 2226 491 2273 conjunctus
514 2234 583 2262 ant
609 2226 694 2263 aliis
713 2225 840 2264 modis

120 2283 164 2317 in
194 2280 367 2319 fabulam
398 2282 588 2320 inductus
628 2284 841 2322 fuerat.-

125 2340 206 2387 390
224 2367 234 2384 ,
253 2341 348 2388 391.
370 2340 534 2377 Etenim
559 2354 610 2379 m.
631 2354 713 2379 non
732 2343 842 2391 igno-

122 2403 162 2432 ta
184 2395 330 2441 forma,
350 2396 467 2434 docta
484 2406 615 2435 tamen
632 2408 671 2436 et
692 2401 843 2436 varian-

124 2451 183 2489 dae
200 2455 371 2490 orationi
389 2455 592 2492 commoda
604 2484 614 2502 ‚
635 2458 677 2493 in
695 2466 843 2494 rectam

123 2519 284 2547 mutatae
299 2523 350 2547 ex
365 2511 541 2561 obliqua.
557 2514 670 2551 Certe
681 2514 843 2563 quidem

123 2567 197 2604 tibi
211 2595 221 2613 ,
238 2569 283 2605 in
298 2575 414 2604 tuum
431 2568 624 2607 honorem
638 2599 648 2617 ‚
666 2572 818 2609 Bacche
831 2600 843 2618 ,

125 2626 178 2661 ait
198 2625 266 2662 illa
288 2622 410 2661 filiam
432 2626 632 2664 Bacchicis
654 2630 775 2679 orgiis
802 2643 842 2666 se

123 2682 279 2719 initiare
297 2681 460 2733 (Sevius
492 2683 737 2722 infinitivum
768 2700 842 2736 pro

122 2738 340 2777 indicativo
359 2741 535 2790 positum
558 2755 639 2778 esse
659 2743 840 2790 volebat3

123 2798 176 2834 ita
188 2806 286 2835 esset
295 2795 519 2839 infinitivus
530 2800 842 2851 narrationum).

903 789 991 824 Hoc
1008 787 1152 824 extulit
1167 800 1238 837 per
1254 787 1443 825 attributa
1460 788 1625 826 Baccha-

902 858 993 882 rum
1016 856 1025 881 ε
1064 843 1215 893 thyrsos
1247 858 1419 889 sumere,
1457 845 1624 883 lustrare

903 901 1041 946 choro,
1062 902 1103 940 h.
1136 916 1170 940 e.
1211 901 1355 940 choros
1393 903 1498 939 circa
1527 905 1622 940 Bac-

905 959 1025 996 chum
1052 959 1195 996 ducere
1216 969 1401 1009 tanquam
1425 962 1468 997 in
1492 959 1624 998 medio

904 1025 1096 1062 stantem;
1132 1017 1230 1054 dum
1262 1017 1454 1055 Bacchico
1488 1019 1624 1056 furere

903 1076 1075 1124 correpti
1088 1083 1322 1124 praesentem
1330 1088 1421 1112 eum
1433 1076 1550 1112 sacris
1563 1076 1625 1113 ad-

902 1133 1205 1182 spiciunt.—-39
1215 1145 1231 1169 1
1240 1162 1249 1170 .
1259 1131 1404 1169 Cl'zoros
1416 1134 1551 1172 Heius.
1567 1148 1625 1171 re-

902 1191 1023 1226 tinuit
1034 1190 1114 1237 jam
1127 1198 1217 1227 ante
1230 1190 1380 1228 editum
1395 1192 1439 1227 in
1451 1191 1544 1229 AJd.
1563 1205 1624 1242 pr.

904 1249 929 1284 J
932 1255 1017 1285 unt.
1036 1255 1121 1284 tum
1139 1261 1158 1284 a
1178 1248 1250 1286 Ge.
1267 1248 1449 1286 Fabricio
1469 1257 1508 1286 et
1528 1249 1623 1286 aliis.

905 1304 1115 1342 Intrudere
1139 1306 1298 1343 volebat
1314 1306 1391 1344 hoc
1417 1306 1522 1344 idem
1541 1309 1600 1344 VI
1614 1335 1625 1352 ,

908 1364 958 1399 23
972 1376 984 1399 1
996 1391 1004 1400 .
1040 1364 1106 1400 Ab
1139 1365 1304 1401 Heinsio
1334 1373 1373 1401 et
1395 1366 1625 1402 Burmanno

906 1433 989 1457 non
1009 1421 1123 1470 plura
1147 1435 1267 1472 super
1285 1422 1456 1459 lectione
1475 1425 1627 1459 monita

906 1491 986 1515 esse
1004 1480 1140 1516 miror.
1159 1482 1365 1529 Quantum
1383 1494 1434 1517 ex
1451 1481 1498 1517 iis
1516 1480 1626 1517 colli-

905 1549 954 1586 go
967 1565 977 1582 ,
998 1535 1136 1572 choros
1153 1538 1286 1587 plures
1298 1537 1393 1575 libri
1409 1537 1624 1584 exhibent3

904 1594 966 1629 uti
984 1602 1022 1629 et
1043 1594 1222 1643 plerique
1242 1596 1436 1642 Pieriam,
1457 1604 1495 1632 et
1520 1597 1624 1633 inter

905 1662 970 1686 eos
992 1653 1108 1688 Rom.
1134 1654 1191 1688 At
1217 1651 1335 1688 choro
1358 1652 1505 1690 Medic.
1526 1666 1545 1689 a
1568 1665 1621 1690 m.

903 1720 964 1757 pr.
984 1706 1090 1745 Leid.
1112 1717 1150 1745 et
1173 1710 1359 1759 Excerpt.
1381 1711 1596 1747 Burmann.
1613 1739 1623 1757 ‚

904 1767 999 1801 item
1023 1766 1146 1804 Goth,
1176 1775 1264 1804 tert.
1288 1779 1380 1803 cum
1404 1767 1494 1806 edd.
1524 1769 1623 1804 anti-

905 1823 1139 1872 quioribus,
1159 1837 1329 1873 quarum
1350 1824 1448 1861 duas
1468 1826 1540 1864 Ge.
1559 1827 1627 1863 Fa-

906 1879 1056 1917 bricius
1090 1881 1247 1926 laudat,
1271 1881 1341 1917 sed
1369 1883 1501 1932 primo
1533 1883 1625 1921 loco

907 1937 1170 1975 memorandae
1205 1938 1326 1977 Aldd.
1361 1953 1438 1978 sec.
1472 1948 1510 1977 et
1537 1949 1625 1979 tert.

912 1994 1047 2032 Choris
1073 1996 1146 2034 Ed.
1177 1996 1343 2034 Mediol.
1376 2006 1415 2034 et
1442 2011 1517 2047 pro
1541 2011 1623 2036 var.

905 2053 997 2090 lect.
1017 2054 1239 2104 Hamburg.
1267 2067 1327 2103 pr.
1345 2054 1484 2091 chorus
1502 2055 1624 2093 Goth.

906 2123 983 2148 sec.
1007 2111 1191 2148 Vidimus
1212 2112 1466 2149 auctoritates
1489 2112 1625 2149 lectio-

906 2181 1028 2214 num;
1057 2167 1260 2205 videamus
1296 2182 1405 2206 nunc
1441 2171 1625 2207 rationes.

913 2227 966 2262 Te
987 2227 1152 2263 lustrare
1171 2225 1332 2278 choros,
1359 2227 1415 2263 ita
1434 2227 1625 2276 interpre-

908 2285 984 2320 tari
994 2283 1111 2322 video
1122 2285 1194 2322 Ge.
1205 2283 1446 2330 Fabricium,
1459 2291 1498 2320 et
1508 2283 1603 2320 alios
1615 2296 1625 2322 ε

913 2343 967 2378 Te
985 2341 1028 2378 id
1046 2351 1104 2379 est
1115 2370 1125 2389 ‚
1149 2349 1314 2392 propter
1331 2350 1370 2378 te
1382 2369 1393 2387 ‚
1420 2341 1480 2377 tui
1496 2339 1626 2378 hono-

909 2400 962 2436 ris
979 2412 1126 2437 caussa.
1144 2398 1264 2449 Quod
1276 2398 1527 2435 durissimum
1543 2407 1601 2435 est
1615 2410 1624 2444 ;

910 2465 949 2493 et
969 2457 1024 2494 sic
1042 2456 1112 2493 tibi
1126 2455 1340 2493 dicendum
1354 2461 1448 2492 erat.
1469 2456 1624 2492 Lustra»¹

909 2527 951 2550 re
966 2514 1085 2551 choro
1099 2513 1162 2560 ‚h.
1180 2513 1321 2550 choros
1337 2512 1441 2548 circa
1453 2511 1624 2562 aliquem

910 2570 1075 2616 ducere,
1096 2571 1197 2607 infra
1214 2582 1373 2619 quoque
1396 2568 1540 2620 legitur
1558 2573 1598 2608 X
1611 2597 1623 2616 ‚

912 2636 994 2673 224
1029 2626 1227 2679 Nymphae
1258 2635 1478 2677 agnoscunt
1504 2627 1625 2679 longe

909 2699 1042 2737 regem
1053 2685 1070 2737 (
1081 2687 1244 2722 AEneam
1254 2682 1270 2735 )
1282 2684 1526 2735 lustrantque
1538 2683 1626 2722 cho-

909 2742 998 2781 reis.
1018 2745 1066 2780 In
1096 2744 1233 2780 Franc.
1262 2749 1345 2778 erat
1363 2743 1419 2778 Et
1444 2742 1623 2780 lustrare.

909 2803 1033 2839 Porro
1049 2799 1120 2838 cibi
1135 2812 1307 2838 crescere
1321 2812 1383 2850 pr.
1404 2798 1590 2839 Rottend.
1607 2812 1627 2836 a
