1767 3054
163 182 242 231 392
737 189 1008 227 EXCURSUS
1038 190 1075 226 11

164 271 231 295 eos
247 260 289 295 iu
307 260 497 298 Graeciam
518 261 764 299 descendisse
781 265 870 300 satis
887 263 1032 313 liquet3
1054 262 1179 312 liquet
1202 262 1316 298 etiam
1332 261 1430 309 hoc,
1452 274 1474 298 a
1493 260 1647 300 Phoeni-

166 326 279 363 cibus
308 341 373 366 eos
404 328 586 367 habuisse
618 331 771 376 literas3
803 329 909 366 unde
939 338 1068 366 tamen
1095 343 1300 380 perperam
1334 330 1553 381 colligitur,
1581 341 1647 366 eos

164 393 365 431 Phoenicia
384 398 534 448 origine
552 405 589 434 et
604 399 710 446 ipsos
728 397 845 433 fuisse
867 410 876 434 ι
898 396 977 433 hoc
993 398 1096 433 inter
1112 398 1276 434 certiora
1294 397 1442 442 refero,
1463 396 1650 446 antiquis-

164 461 263 497 simo
277 462 356 508 jam
379 472 556 513 tempore
579 463 757 513 Pelasgos
776 475 868 499 cum
894 462 1181 513 Aboriginibus
1201 463 1317 501 fuisse
1340 464 1556 514 permixtos
1577 474 1586 500 :
1606 460 1648 498 id

164 526 272 576 quod
299 529 539 578 Dionysium
567 528 752 575 adduxit,
774 542 900 579 quum
927 530 1161 580 insigniores
1188 529 1291 565 inter
1310 532 1509 567 Romanos
1527 529 1648 578 scrip-

161 602 265 630 tores
287 596 494 642 Catonem,
513 597 791 647 Sempronium
810 605 847 633 et
867 596 962 633 alios
978 599 1194 634 Romanam
1214 597 1406 646 originem
1421 596 1469 633 ad
1488 597 1648 634 Graecos

126 659 129 661 ’
167 661 311 698 referre
333 662 482 701 videret
494 693 504 711 ‚
530 673 575 701 ut
594 667 758 702 omnino
777 664 1017 714 Aborigines
1034 664 1167 701 nullos
1185 664 1280 701 alios
1297 663 1347 703 ab
1367 665 1518 714 origine
1533 677 1648 714 quam

161 727 340 778 Pelasgos
368 730 486 767 fuisse
514 731 789 778 arbitraretur,
813 731 922 781 quod
948 732 1156 770 Cluverius
1184 739 1222 768 et
1250 731 1429 781 plerique
1458 743 1479 767 e
1506 733 1649 768 nostris

161 795 317 843 sequuti
339 806 445 834 sunt.
475 799 626 835 Verum
661 800 879 850 Dionysius
910 811 993 835 rem
1027 800 1109 848 ipse
1136 800 1189 835 ita
1220 798 1360 845 tradit,
1390 806 1458 845 ut,
1479 796 1578 848 quid
1600 810 1650 835 ex

159 861 206 896 iis
221 888 230 905 ‚
249 874 337 910 quae
361 876 380 899 a
402 876 442 900 se
466 873 619 901 narrata
640 873 772 911 erant,
795 864 844 902 ad
871 868 1142 902 Romanorum
1163 866 1373 915 opiniones
1392 864 1649 914 comparatis,

159 938 363 976 sequatur,
391 943 494 977 non,
530 931 628 981 quid
665 945 804 969 verum
836 940 873 969 et
907 932 1157 983 exploratum
1190 932 1260 979 sit,
1293 942 1492 982 exponere
1526 928 1649 967 videri

157 994 264 1032 velit.

216 1063 466 1116 Pelasgorum
487 1075 564 1105 tres
586 1052 983 1118 potissimum'fuisse
1007 1070 1049 1104 in
1079 1068 1232 1105 Italiam
1260 1066 1447 1104 deductas
1477 1066 1649 1103 colonias

159 1142 320 1169 narrant
338 1135 458 1186 vulgo
478 1135 556 1173 fere
575 1149 730 1183 omnes;
750 1149 870 1173 unam
887 1136 934 1173 ab
955 1139 1135 1175 OEnotro
1159 1149 1210 1172 ex
1226 1135 1412 1182 Arcadia,
1429 1136 1547 1172 XVII
1566 1143 1651 1171 aeta-

158 1198 263 1236 tibus
282 1210 370 1238 ante
387 1202 538 1240 bellum
557 1205 796 1252 Trojauum,
815 1204 974 1241 alteram
993 1217 1014 1241 e
1030 1203 1248 1250 Thessalia,
1267 1202 1534 1240 Deucalioneo
1551 1215 1649 1248 aevo,

159 1275 197 1302 et
227 1270 381 1305 tertiam
408 1270 457 1305 ab
487 1270 672 1307 Evandro
703 1274 774 1308 Lx
803 1272 914 1308 annis
935 1279 1024 1308 ante
1047 1270 1197 1307 bellum
1216 1271 1454 1317 Trojanum,
1473 1278 1518 1306 ut
1539 1269 1650 1307 facile

158 1335 369 1386 intelligas,
388 1349 470 1372 non
489 1337 566 1372 nisi
584 1337 706 1373 serius
723 1350 742 1373 a
763 1338 1074 1387 chronographis
1094 1351 1145 1373 ex
1162 1339 1409 1386 conjectura,
1430 1337 1649 1375 secundum

157 1413 290 1438 rerum
311 1411 350 1439 et
373 1411 530 1440 aetatum
560 1405 894 1454 comparationem
917 1403 1186 1450 subtiliorem,
1206 1403 1291 1441 haec
1318 1417 1400 1442 esse
1425 1405 1648 1442 constituta.

159 1470 468 1518 Antiquissimus
483 1471 549 1507 ffle
566 1473 735 1508 OEnotri
752 1480 789 1508 et
806 1472 978 1508 Peucetii
990 1470 1037 1507 ad
1050 1471 1201 1507 Italiam
1221 1484 1394 1507 accessus
1409 1472 1500 1507 satis
1511 1470 1651 1507 diserte

159 1549 178 1571 a
192 1538 387 1587 Dionysio
401 1540 615 1587 exponitur
635 1541 672 1583 I,
691 1552 724 1575 c.
752 1552 768 1574 1
782 1552 798 1574 1
823 1552 906 1588 sqq.
930 1538 1161 1576 Consedisse
1177 1537 1324 1574 dicitur
1345 1539 1547 1575 OEnotrus
1559 1550 1650 1574 cum

158 1605 238 1642 suis
266 1605 309 1640 in
327 1605 418 1640 sinu
439 1606 661 1650 Lametino,
687 1618 756 1641 seu
784 1606 1025 1654 Hipponiate
1048 1605 1247 1642 inferioris
1268 1605 1412 1651 Italiae,
1442 1618 1518 1655 qua
1537 1607 1650 1642 Brut-

157 1674 305 1709 tiorum
327 1671 537 1721 aliquando
554 1685 643 1723 ager
661 1673 808 1722 patuit3
831 1680 869 1708 et
886 1673 1061 1720 primum
1081 1671 1241 1720 quidem
1260 1671 1362 1707 intra
1380 1672 1626 1707 Lametinum
1638 1700 1648 1717 ‚

158 1748 197 1775 et
227 1737 507 1788 Scylleticum,
541 1751 610 1774 seu
642 1737 871 1787 Scylaceum
905 1738 1037 1774 sinum
1066 1749 1106 1773 se
1137 1738 1446 1782 continuerunt,
1472 1735 1567 1774 hinc
1601 1737 1649 1774 ad

157 1808 278 1842 Laum
301 1817 425 1854 usque
445 1803 614 1841 fluvium
636 1812 674 1841 et
700 1806 998 1854 Metapontum,
1021 1803 1177 1843 tandem
1195 1803 1243 1840 ad
1266 1804 1434 1842 Silarum
1450 1811 1490 1840 et
1506 1804 1647 1853 Brada-

157 1883 256 1907 num
282 1868 382 1907 fines
404 1869 557 1907 sedium
586 1869 870 1917 extenderunt3
900 1884 995 1908 mox
1019 1880 1057 1907 et
1078 1871 1182 1907 ultra
1205 1883 1271 1908 eos
1291 1871 1398 1920 ipsos
1430 1867 1530 1906 fines
1554 1883 1646 1920 pro-

156 1938 277 1988 gressi
309 1945 424 1983 sunt3
458 1938 517 1973 uti
547 1938 665 1974 altera
692 1946 802 1988 parte
834 1951 972 1988 agrum
1003 1936 1263 1984 obsederunt,
1297 1937 1366 1985 qui
1399 1936 1644 1973 Bruttiorum

155 2011 288 2054 postea
311 2001 440 2039 dictus
468 2012 537 2041 est.
561 2004 676 2042 Conf.
707 2017 796 2055 quae
820 2018 869 2041 ex
892 2003 1095 2041 Antiocho
1118 2006 1301 2054 Syracus.
1325 2010 1487 2038 narrant
1504 2001 1644 2040 strabo

155 2073 238 2117 VI,
257 2085 297 2122 p.
329 2072 434 2118 254,
456 2072 536 2109 255
566 2081 605 2109 et
634 2073 716 2118 264
743 2071 830 2120 fin.;
862 2074 1030 2123 Dionys.
1051 2074 1092 2118 I,
1119 2071 1196 2118 35,
1217 2072 1257 2107 11
1279 2083 1355 2121 pr.;
1377 2071 1541 2108 Aristot.
1569 2072 1643 2108 Po-

155 2140 212 2176 lit.
247 2141 350 2186 VII,
381 2153 455 2187 10,
477 2140 549 2177 ubi
579 2149 617 2177 et
651 2140 805 2178 Chones
836 2154 885 2177 ex
913 2140 1114 2179 OEnotriis
1144 2135 1512 2185 fuissenarrantur3
1532 2150 1647 2183 nam,

156 2206 264 2256 quod
282 2208 499 2244 etiamnum
518 2221 588 2257 per
605 2209 798 2245 Americae
816 2206 1048 2244 solitudines
1069 2207 1226 2244 evenire
1247 2204 1446 2251 videmus,
1465 2217 1516 2241 ex
1535 2216 1640 2241 com-

153 2276 267 2310 muni
287 2275 406 2324 stirpe
435 2275 616 2312 oriundae
640 2275 786 2322 tribus,
807 2275 906 2312 locis
927 2288 969 2312 ac
987 2274 1148 2312 sedibus
1171 2273 1337 2320 dissitae‚
1355 2285 1462 2310 novo
1481 2273 1641 2310 nomine

156 2341 344 2378 celebrari
378 2342 519 2380 solent.
553 2345 701 2380 Versus
740 2344 940 2394 Iapygiam
972 2350 1010 2379 et
1043 2342 1092 2378 ad
1123 2342 1284 2379 Ionium
1313 2353 1418 2378 mare
1450 2338 1640 2377 habitasse

156 2409 310 2447 Chonas
332 2409 398 2452 τὴν
421 2410 656 2465 καλευμένην
684 2408 782 2464 Σῖριν
802 2411 1033 2449 Aristoteles
1052 2411 1106 2446 ait
1132 2409 1159 2448 l.
1189 2423 1223 2448 c.
1251 2409 1357 2447 Male
1380 2421 1430 2445 ex
1450 2413 1639 2454 corrupto

154 2475 340 2525 Stephani
362 2477 450 2515 loco
470 2479 512 2514 in
536 2477 695 2531 Βρέττος
711 2479 889 2515 Bruttios
910 2479 1058 2528 primos
1077 2485 1116 2514 et
1141 2483 1231 2513 ante
1255 2474 1465 2514 OEnotrios
1491 2470 1639 2508 incolas

154 2542 359 2580 venditant
378 2546 584 2592 nonnulli,
614 2555 660 2584 ut
695 2559 822 2595 nuper
844 2544 1065 2590 Grimaldi‚
1088 2545 1150 2597 vir
1170 2551 1296 2580 cetera
1317 2553 1435 2591 sagax
1463 2537 1481 2590 (
1489 2540 1532 2575 in
1550 2541 1637 2576 An-

156 2609 244 2649 nali
260 2610 327 2647 del
348 2624 467 2662 regno
488 2612 530 2648 di
552 2613 705 2663 Napoli
721 2622 749 2651 t.
768 2616 802 2663 Ι,
827 2628 866 2664 p.
894 2614 968 2650 131
991 2634 1049 2641 ——
1074 2612 1149 2648 138
1169 2623 1226 2659 sq.
1239 2608 1255 2660 )
1268 2637 1278 2655 ,
1297 2608 1460 2658 proprio
1477 2608 1636 2643 nomine

156 2679 384 2717 OEnotriam
404 2679 611 2728 appellavit
635 2681 723 2718 loca
751 2682 853 2718 circa
868 2683 1046 2718 AEsarum
1065 2687 1104 2715 et
1123 2677 1344 2730 Crimisam‚
1374 2687 1462 2725 quae
1481 2673 1635 2712 Philoc-

156 2755 251 2784 tetes
268 2745 406 2782 adiisse
428 2745 556 2782 dictus
576 2756 650 2794 est,
673 2748 911 2799 Lycophron
926 2762 964 2786 v.
986 2759 1082 2797 911,
1104 2757 1201 2795 912.

212 2813 382 2865 Quando
405 2821 444 2851 et
471 2814 674 2864 quomodo
696 2816 845 2868 Pelasgi
864 2829 912 2853 ex
928 2815 989 2852 his
1025 2813 1122 2851 loeis
1144 2811 1191 2850 ad
1211 2811 1449 2861 Aborigines
1476 2810 1563 2848 illos
1587 2811 1630 2847 in
