1767 3054
202 127 280 150 110

826 111 1066 151 AENEIDOS

193 182 407 244 Conripit
430 184 599 227 AEneas
620 181 879 242 extemplo,
903 183 1164 243 avidusque
1186 182 1402 245 refringit
1628 205 1686 225 210

192 262 521 314 Cunctantem,
549 267 595 301 et
615 256 734 303 vatis
755 266 912 318 portat
933 257 1021 302 sub
1044 269 1167 303 tecta
1189 257 1394 319 Sibyllae.

257 337 358 381 Nec
378 333 531 379 minus
553 332 733 377 interea
754 331 990 377 Misenum
1009 331 1058 376 in
1082 332 1219 379 litore
1238 333 1412 380 Teucri

194 408 414 464 Flebant,
438 418 485 453 et
508 406 654 452 cineri
677 407 863 467 ingrato
888 421 1108 466 suprema
1132 408 1359 455 ferebant.

192 484 431 545 Principio
456 483 680 545 pinguem
704 480 836 526 taedis
857 491 903 526 et
927 480 1101 527 robore
1121 493 1248 528 secto

193 563 435 621 Ingentem
461 566 675 602 struxere
697 570 886 616 pyram;
912 554 989 600 cui
1014 555 1263 613 frondibus
1282 556 1395 602 atris
1627 569 1686 599 εις

194 639 416 681 Intexunt
437 633 608 688 latera,
628 642 675 676 et
700 631 856 678 feralis
881 641 988 677 ante
1011 648 1257 693 cupressos

193 708 517 764 Constituunt‚
544 706 864 767 decorantque
888 722 1032 768 super
1053 705 1339 768 fulgentibus
1366 709 1521 756 armis.

193 789 305 830 Pars
329 782 504 846 calidos
529 782 688 829 latices
713 793 759 828 et
781 782 932 827 ahena
956 781 1186 828 undantia
1211 782 1409 830 flammis

194 857 466 919 Expediunt
478 893 490 915 ,
512 872 779 919 corpusque
800 857 957 903 lavant
982 857 1195 919 frigentis
1216 867 1263 903 et
1282 869 1478 921 ungunt.

193 933 269 977 Fit
290 932 491 992 gemitus
515 950 524 976 :
549 941 649 976 tum
670 930 883 977 membra
904 943 1010 977 toro
1035 930 1204 977 defleta
1228 944 1491 995 reponunt,
1627 955 1685 975 220

194 1009 558 1068 Purpureasque
581 1021 723 1066 super
748 1004 913 1062 vestis,
939 1005 1169 1051 velamina
1194 1017 1329 1064 nota,

193 1203 308 1228 aurea
322 1220 333 1238 ‚
363 1200 482 1229 vento
504 1200 610 1229 mota
631 1193 822 1242 crepitare
839 1193 905 1230 de-

192 1250 292 1286 buit.
317 1272 372 1278 —-
403 1262 500 1286 211.
534 1250 796 1287 Cunctantem
823 1264 907 1288 non

193 1320 239 1343 eo
259 1307 405 1354 modo,
439 1319 520 1357 quo
550 1302 653 1354 1247,
689 1309 765 1351 148
795 1307 907 1346 dixe-

194 1372 251 1400 rat
264 1392 274 1409 ‚
302 1364 371 1400 sed
386 1377 495 1399 nuuc
518 1373 634 1400 ornat
647 1392 657 1405 ,
691 1373 737 1400 ut
753 1374 902 1409 tenax,

191 1422 321 1456 lentus
341 1434 354 1456 .·
378 1428 416 1456 et
443 1429 525 1457 erat
544 1434 583 1457 v.
610 1422 684 1468 137
709 1421 818 1458 lento
841 1423 907 1459 vi-

193 1477 300 1514 mine
335 1490 492 1524 tamus,
528 1478 676 1527 quippe
710 1491 761 1514 ex
793 1492 904 1516 auro.

192 1537 254 1571 Sic
278 1537 340 1582 ΙΙ,
364 1536 510 1586 Georg.
533 1536 614 1571 236
635 1534 776 1586 glebas
792 1549 907 1573 cunc-

191 1601 322 1630 tantes
340 1591 526 1630 vidimus.

253 1665 274 1687 2
287 1663 495 1697 12—217.
518 1651 712 1700 Ingrato,
749 1651 880 1687 malim
895 1679 905 1696 ‚

191 1717 238 1745 ut
275 1710 434 1745 Servius
476 1707 599 1744 altero
636 1709 727 1744 loco
767 1710 906 1757 ponit,

191 1766 355 1814 ¹gratiam
373 1778 447 1802 nec
469 1766 676 1811 sentienti,
706 1778 779 1801 nec
808 1764 907 1801 refe-

193 1824 308 1860 renti.
341 1824 408 1858 Est
439 1818 663 1861 ἀναίσθητον
697 1824 826 1873 σῶμα·
863 1830 908 1858 ut

196 1877 308 1931 κωφὴ
349 1873 449 1933 γαῖα
484 1878 595 1915 Iliad.
642 1892 670 1915 ω
686 1907 696 1924 ,
746 1880 811 1923 54.
851 1900 908 1906 --

195 1945 290 1982 2Ῑ4.
323 1939 367 1974 R.
397 1936 499 1972 sicco
533 1949 593 1985 pr.
618 1935 836 1986 Hamburg.
858 1950 907 1974 ex

193 1997 330 2045 glossa.
379 1994 598 2043 Distinguit
637 1991 872 2031 Wakefield.
895 2006 904 2032 ε

185 2052 382 2103 pinguem
403 2051 540 2097 taedz's,
571 2060 612 2087 et
637 2051 773 2088 robore
802 2061 905 2089 secto

194 2113 403 2161 Ingentem
419 2139 429 2155 ,
454 2118 521 2146 scr.
542 2129 599 2137 ——
617 2122 638 2145 2
651 2122 664 2144 1
677 2110 713 2146 5.
746 2109 904 2147 Confer.

194 2168 240 2204 Il.
272 2164 321 2217 ψ,
349 2168 427 2212 164
458 2180 542 2218 sqq.
566 2166 787 2203 Frondibus
809 2167 905 2203 atris

196 2227 389 2262 Intexunt
406 2225 554 2268 latera,
579 2234 716 2261 ornate
730 2253 739 2271 ‚
758 2224 909 2261 faciunt

192 2284 310 2319 latera
328 2296 378 2318 ex
396 2283 512 2319 ramis
531 2290 570 2320 et
586 2282 702 2332 lignis
719 2282 907 2319 arborum

193 2340 497 2391 nigricantium,
529 2347 575 2376 ut
597 2341 717 2376 tristis
744 2339 904 2389 adspec-

195 2406 257 2433 tus
274 2405 396 2443 esset;
419 2406 457 2433 et
464 2396 622 2447 ferales
640 2406 734 2434 ante
754 2410 905 2446 cupres-

193 2467 254 2489 sos
275 2454 537 2491 constituunt.
557 2456 712 2492 Volunt
745 2454 904 2491 arbores

194 2519 283 2548 ante
300 2525 441 2562 rogum
460 2514 604 2561 positas
629 2513 745 2548 fuisse
760 2540 770 2557 ‚
793 2519 831 2548 et
855 2511 904 2548 ad

193 2570 465 2605 Romanorum
481 2582 631 2605 morem
647 2569 794 2614 alludi,
821 2581 903 2618 quo

194 2626 369 2675 cupressi
398 2633 487 2661 ante
516 2624 680 2662 domum
710 2626 903 2662 funestam

195 2681 480 2719 statuebantur.
531 2684 735 2731 Quantum
795 2683 903 2731 equi-

198 2739 287 2776 dem
318 2739 458 2784 video,
504 2746 613 2787 parte
643 2741 704 2775 sui
731 2749 769 2777 et
804 2739 902 2776 facie

975 1193 1169 1229 exteriore
1218 1203 1337 1242 rogus
1383 1198 1555 1228 structus
1607 1200 1689 1229 erat

975 1250 1124 1286 truncis
1161 1249 1397 1299 cupressinis
1429 1249 1686 1298 prominenti-

974 1307 1050 1343 bus
1074 1308 1361 1356 intropaeorum
1373 1306 1436 1342 vel
1447 1306 1689 1343 ferculorum

975 1377 1126 1401 morem
1139 1392 1150 1410 ,
1176 1363 1322 1413 quibus
1342 1360 1462 1400 affixa
1481 1372 1609 1400 essent
1631 1376 1687 1400 ar-

975 1435 1051 1459 ma.
1082 1421 1214 1458 Habet
1250 1421 1366 1458 etiam
1406 1421 1461 1457 sic
1497 1422 1687 1458 Varronis

974 1478 1080 1529 apud
1107 1478 1288 1516 Servium
1320 1479 1594 1528 interpretatio
1625 1478 1685 1515 lo-

975 1549 1067 1572 cum
1100 1548 1109 1573 z
1144 1538 1269 1572 Varro
1306 1535 1405 1572 dicit
1427 1548 1556 1586 pyras
1596 1534 1686 1572 ideo

974 1606 1154 1643 cupresso
1203 1592 1445 1630 circumdari
1465 1621 1477 1640 ,
1523 1602 1688 1643 propter

971 1664 1131 1701 gravem
1158 1650 1322 1686 ustrina»
1350 1651 1524 1687 odorem.
1556 1651 1687 1687 Imita-

977 1709 1103 1743 tiones
1135 1707 1217 1743 loci
1254 1714 1446 1743 notarunt
1479 1719 1530 1743 ex
1561 1708 1685 1746 Statio

975 1765 1032 1799 IV
1052 1763 1178 1801 Theb.
1198 1764 1440 1813 449-460,

1035 1821 1132 1858 218.
1170 1820 1229 1858 Cf.
1262 1820 1373 1858 Iliad.
1395 1833 1438 1867 σ,
1479 1821 1560 1870 349
1599 1833 1684 1871 sqq.

975 1877 1118 1928 Odyss.
1139 1892 1168 1915 ω
1183 1906 1193 1924 ,
1216 1886 1268 1923 44
1287 1891 1346 1928 sq.
1366 1876 1512 1914 Akena
1533 1878 1688 1915 undan-

975 1936 1054 1983 tia,
1098 1948 1238 1986 aquam
1282 1935 1600 1973 effervescentem
1643 1937 1686 1972 in

974 1994 1120 2031 ahenis.
1154 1992 1388 2044 Expediunt
1427 1992 1478 2032 cf.
1513 1994 1556 2038 I,
1590 2006 1683 2040 177.

973 2052 1039 2089 Ad
1056 2065 1093 2088 V.
1115 2064 1136 2087 2
1146 2063 1195 2100 19
1209 2051 1367 2090 Servius
1381 2049 1515 2086 laudat
1524 2063 1683 2086 versum

972 2111 1200 2147 Ennianum
1217 2121 1226 2146 :
1250 2105 1458 2158 Tarquinii
1471 2120 1610 2158 corpus
1623 2107 1684 2144 bo-

973 2165 1195 2219 nafemina
1214 2165 1312 2203 lavit
1325 2174 1366 2202 et
1379 2164 1510 2202 unxit.

1035 2224 1278 2262 220—225.
1302 2224 1457 2273 Corpus
1487 2220 1682 2259 collocant

973 2285 1016 2320 in
1056 2283 1183 2328 lecto,
1215 2289 1321 2318 veste
1350 2288 1511 2332 tegunt,
1535 2280 1682 2328 reposi-

972 2348 1059 2377 tum
1093 2339 1137 2375 in
1169 2338 1314 2376 feretro
1343 2337 1391 2374 ad
1422 2347 1563 2386 rogum
1588 2348 1682 2385 por—

972 2406 1058 2434 tant
1106 2395 1274 2446 (222),
1311 2396 1424 2444 eique
1452 2393 1681 2441 impositum

970 2463 1171 2492 cremant:
1193 2453 1243 2490 cf.
1264 2450 1376 2489 Iliad.
1399 2463 1428 2486 ω
1444 2477 1454 2495 ,
1483 2449 1563 2497 785
1595 2462 1680 2500 sqq.

972 2511 1186 2548 Velamina
1203 2518 1321 2549 nota.
1339 2520 1389 2543 ex
1403 2506 1595 2556 loquendi
1605 2520 1682 2543 usu

970 2567 1048 2617 (cf.
1069 2567 1140 2604 inf.
1164 2567 1248 2610 XI,
1282 2564 1380 2613 195,
1411 2563 1539 2614 196),
1569 2564 1680 2601 aliter

968 2626 1037 2660 vix
1065 2623 1251 2672 accipias,
1279 2634 1395 2672 quam
1426 2621 1573 2672 quibus
1596 2622 1680 2670 ipse

969 2680 1065 2717 dum
1084 2681 1257 2726 viveret,
1284 2691 1379 2716 usus
1407 2687 1500 2716 erat.
1525 2679 1607 2715 Etsi
1630 2677 1679 2713 ad

969 2750 1131 2774 suorum
1162 2736 1420 2787 popularium>
1436 2748 1586 2773 morem
1618 2747 1677 2770 re-
