1767 3054
607 105 685 141 AD
715 103 921 141 LIBRUM
951 104 1046 141 VII.
1497 106 1578 156 399

78 179 226 215 tionem
247 184 468 224 servarent3
493 188 584 214 nam
613 176 807 214 levissima
838 189 997 227 quaque
1024 188 1159 214 rerum
1182 173 1442 216 nominumve
1472 179 1581 217 simi-

75 243 244 283 litudine
266 252 418 294 arrepta
438 244 632 293 originem
647 270 658 288 ,
682 256 859 280 caussam
873 272 884 290 ‚
910 253 949 282 et
964 242 1213 282 conditorem
1231 245 1272 281 in
1293 245 1446 283 Graecia
1467 259 1578 296 repe-

75 312 169 349 risse
187 311 261 350 sibi
283 311 408 349 videri
427 310 619 349 solebant.
634 313 722 349 Hoc
739 311 846 349 idem
858 319 919 350 tot
933 313 1112 350 virorum
1126 311 1335 350 doctorum
1352 313 1581 364 exemplum

74 380 257 420 obfuerat
280 379 478 431 Dionysio
502 381 836 418 Halicarnassensi
849 408 859 427 ,
879 379 967 416 viro
992 380 1219 417 acutissimo
1232 408 1242 426 ,
1263 388 1311 417 ut
1331 379 1472 417 urbem
1501 383 1578 418 Ro-

73 459 177 484 mam
191 448 272 496 jam
288 445 382 484 inde
402 447 450 483 ab
470 448 587 485 initio
606 446 654 484 ad
676 447 825 484 Graecae
849 446 1018 484 coloniae
1036 460 1189 485 morem
1207 446 1444 497 descriptam
1457 474 1468 494 ‚
1493 450 1579 497 opi·

71 512 146 550 bus
168 515 273 551 inter
292 527 423 567 regem
438 543 448 561 ‚
468 523 647 552 senatum
673 523 712 552 et
734 514 930 566 populum
944 543 954 562 ,
976 516 1173 566 sapienter
1192 513 1243 552 ad
1267 515 1460 552 trutinam
1479 527 1578 552 exae-

68 581 197 630 quatis
210 609 221 628 ,
246 582 381 633 reique
404 582 577 633 publicae
597 582 778 633 partibus
797 580 997 619 subtiliter
1013 583 1242 620 constitutis
1259 583 1413 634 egregie
1431 581 1574 622 funda-

69 655 147 686 tam
161 676 172 695 ,
190 657 379 701 tanquam
403 651 446 687 in
468 651 600 688 tabula
620 652 724 703 picta
745 650 966 690 exhiberet.

125 717 254 754 Pravo
276 717 353 755 hoc
372 718 521 756 Graecae
538 718 731 756 doctrinae
747 717 879 757 studio
897 718 1145 756 doctissimos
1161 731 1213 756 ex
1230 721 1420 758 Romanis
1435 720 1469 757 si
1484 721 1575 771 quis

68 783 245 822 imbutos
268 785 385 823 fuisse
405 786 594 833 audierit,
618 800 701 825 non
722 787 890 838 amplius
913 785 1124 824 mirabitur
1147 788 1334 824 Etruscos
1351 800 1373 825 a
1395 788 1573 839 Tyrrhe-

66 853 127 889 nis
141 880 151 898 ,
169 851 334 892 Sabinos
351 867 372 890 a
391 855 718 902 Lacedaemoniis,
736 854 929 893 deductos
945 853 1063 902 ferri3
1080 854 1208 893 Tibur
1227 868 1310 893 esse
1327 855 1574 907 Argivorum

66 919 263 958 coloniam
291 922 397 974 (VII
407 951 419 968 ,
445 924 526 971 672
543 923 580 975 );
605 924 812 971 Halesum,
846 923 1155 976 Agamemnonis
1177 921 1306 960 filium
1320 950 1333 970 ,
1359 925 1573 961 Auruncos

66 1000 87 1023 e
108 988 320 1039 Campania
343 988 490 1028 ducere
510 991 636 1043 (ibid.
658 993 738 1039 723
760 1004 817 1042 sq.
832 990 861 1042 );
880 991 1054 1028 Ariciam
1065 990 1204 1027 Dianae
1223 991 1411 1027 amasium
1422 991 1573 1042 Hippo-

62 1053 194 1105 lytum
225 1058 426 1108 excepisse
455 1057 470 1110 (
487 1059 564 1107 761
592 1073 649 1110 sq.
663 1058 692 1108 ).
716 1060 928 1109 Comparet
962 1058 1103 1108 aliquis
1131 1059 1162 1096 F
1165 1066 1268 1096 astos
1297 1057 1433 1096 Ovidii
1464 1072 1503 1097 v.
1535 1073 1570 1097 e.

62 1120 133 1160 lib.
148 1124 221 1171 IV,
236 1125 289 1162 63
304 1138 361 1175 sq.
380 1134 419 1163 et
438 1126 485 1163 ad
503 1139 707 1164 sacrorum
724 1129 877 1164 rituum
894 1126 1165 1176 festorumque
1177 1138 1330 1163 caussas
1342 1134 1381 1163 et
1397 1126 1570 1176 origines

59 1189 119 1227 ibi
136 1191 296 1230 traditas
313 1193 500 1241 attendat,
515 1203 582 1231 aut
598 1194 648 1231 ad
660 1195 908 1244 Quaestiones
916 1196 1114 1231 Romanas
1125 1192 1342 1231 Plutarchi.
1356 1194 1572 1230 Innumera

59 1256 180 1307 hujus
191 1262 344 1311 generis
356 1270 450 1298 sunt
466 1262 540 1298 alia
553 1261 659 1312 apud
677 1263 858 1299 Servium
870 1290 881 1309 ,
894 1259 1096 1299 Plutarch.
1111 1260 1273 1298 Romul.
1288 1287 1299 1306 ,
1312 1261 1338 1298 J
1340 1261 1460 1299 nstin.
1473 1262 1568 1309 XX,

67 1337 83 1361 1
104 1338 166 1376 pr.
181 1354 192 1373 ,
212 1327 395 1365 Solinnm
415 1341 450 1366 c.
472 1329 494 1364 8
507 1357 516 1375 ,
544 1338 582 1365 et
598 1328 705 1378 apud
723 1328 1024 1365 Grammaticos.
1044 1327 1106 1363 De
1124 1327 1310 1364 instituto
1327 1326 1419 1364 talia
1437 1340 1569 1378 perse-

59 1395 178 1444 qunti
195 1408 276 1433 esse
300 1395 488 1433 videntur
510 1395 738 1433 Alexander
761 1395 990 1447 Polyhistor
1002 1423 1013 1442 ,
1028 1404 1067 1432 et
1082 1396 1264 1433 Avianus
1279 1394 1421 1445 aliquis
1432 1422 1443 1441 ,
1465 1412 1485 1426 «ι
1498 1397 1568 1446 qni

58 1460 198 1499 iambis
218 1470 347 1500 totum
368 1465 524 1501 Livium
542 1465 698 1514 scripsit
712 1492 722 1510 ,
744 1482 764 1496 υ
781 1472 827 1500 ut
846 1464 1006 1502 Servius
1029 1464 1085 1499 ait
1107 1461 1156 1499 ad
1173 1461 1245 1500 lib.
1264 1464 1303 1500 X
1316 1490 1328 1509 ,
1348 1462 1451 1509 388,
1469 1464 1565 1500 item

59 1528 240 1578 Hyginus
265 1530 316 1567 de
347 1530 498 1567 urbium
518 1531 752 1568 Italicarum
779 1529 949 1581 origine.
973 1530 1015 1567 Si
1036 1529 1138 1566 forte
1161 1528 1340 1575 mireris,
1358 1529 1564 1577 quomodo

56 1592 118 1630 his
141 1597 305 1633 somniis
334 1605 488 1634 tantum
511 1597 688 1635 tribuere
718 1597 895 1647 potuerit
922 1596 1161 1646 antiquitas,
1191 1593 1484 1633 recordandum
1507 1606 1567 1635 est

55 1661 194 1697 similis
224 1663 410 1701 vanitatis
424 1692 434 1710 ,
463 1677 541 1715 qua
573 1665 649 1702 viri
680 1663 790 1702 docti
818 1664 1022 1714 superiore
1055 1670 1167 1699 aetate
1197 1675 1357 1700 omnem
1389 1671 1564 1702 veterem

57 1727 210 1766 Italiam
232 1742 283 1767 ex
306 1730 512 1770 Hebraicis
531 1733 686 1771 Lexicis
704 1731 935 1785 (Phoenicia
961 1728 1083 1767 verba
1108 1742 1149 1766 se
1173 1737 1310 1766 tenere
1336 1729 1561 1782 putabant)

56 1805 260 1846 repetiere.

113 1863 171 1898 Ita
193 1862 350 1901 tandem
371 1864 521 1904 sactum
544 1876 624 1915 est,
645 1876 692 1905 nt
713 1867 829 1919 pauci
851 1865 979 1904 Latini
996 1863 1125 1916 mythi
1141 1862 1345 1914 propriam
1360 1875 1471 1900 suam
1488 1875 1559 1900 na-

54 1936 183 1967 turam
209 1933 436 1972 retinerent.
469 1937 529 1972 Ita
554 1938 725 1974 Saturno
746 1949 790 1973 ea
816 1935 1067 1980 tribuerunt,
1085 1945 1174 1984 quae
1197 1932 1329 1969 Graeci
1348 1931 1397 1968 de
1420 1929 1555 1986 Κρόνῳ

53 2009 126 2035 suo
149 1999 386 2048 narrabant,
407 2004 524 2039 etiam
544 2016 700 2040 auream
719 2012 872 2041 aetatem
895 2003 960 2055 (v.
981 2015 1014 2039 c.
1036 2004 1124 2039 AEn.
1147 2002 1227 2046 VI,
1251 2000 1331 2049 793
1345 2020 1403 2027 -·
1417 1999 1555 2052 795),

52 2074 92 2102 et
110 2067 135 2104 J
139 2069 224 2104 ovis
240 2070 359 2119 impia
379 2072 555 2109 consilia.
577 2074 733 2110 Faunos
747 2100 757 2120 ,
782 2074 852 2123 qui
869 2073 980 2109 Latio
1000 2079 1039 2108 et
1067 2070 1237 2107 Etruriae
1266 2068 1419 2119 proprii
1437 2077 1554 2116 sunt,

52 2146 144 2171 cum
164 2136 335 2173 Panibus
346 2166 357 2182 ,
374 2140 537 2189 Satyris,
550 2149 589 2177 et
600 2140 740 2179 Silenis
758 2142 1004 2177 miscuerunt
1016 2166 1026 2185 ,
1040 2137 1229 2186 adjuncto
1245 2138 1360 2173 etiam
1372 2136 1527 2174 Baccho
1541 2151 1553 2183 ;

51 2203 240 2241 Camenas
263 2206 469 2257 Nymphas
493 2221 584 2245 cum
613 2210 739 2246 Musis
764 2221 774 2245 :
797 2217 836 2246 et
866 2209 922 2245 sic
952 2220 1091 2258 porro·
1120 2205 1347 2244 Albuneam
1375 2191 1552 2242 feoemnt'

50 2284 102 2308 ex
129 2272 375 2320 Leucothea,
407 2277 670 2313 Portumnum
697 2290 748 2313 ex
776 2276 1006 2322 Melicerta,
1036 2275 1109 2325 qui
1141 2273 1375 2312 Phoenicum
1412 2274 1550 2324 utique

49 2340 372 2391 navigationibus
390 2342 441 2380 ad
460 2344 621 2381 Graecos
642 2353 894 2396 pervenerat,
916 2344 1017 2381 sorte
1035 2344 1068 2380 is
1085 2343 1165 2390 jam
1185 2353 1206 2377 a
1227 2339 1376 2378 Cadmo
1391 2339 1523 2378 illatus
1537 2368 1548 2387 ,

49 2414 88 2444 et
116 2406 349 2446 Palaemonis
377 2413 540 2448 nomine
562 2413 786 2464 insignitus.
817 2411 1087 2450 Adsciverunt
1105 2420 1266 2459 quoque
1292 2408 1436 2458 passim
1459 2407 1549 2445 reli-

47 2474 183 2525 giones
202 2485 240 2513 et
258 2479 421 2516 nomina
433 2478 598 2517 deorum
618 2493 757 2531 graeca,
775 2492 864 2530 quae
874 2479 1138 2517 obliterarunt
1153 2477 1316 2526 antiqua
1328 2489 1340 2523 ;
1353 2477 1407 2513 ita
1418 2478 1549 2513 Vene—

47 2554 131 2580 rem
153 2556 392 2596 receperunt
420 2557 459 2585 et
480 2550 710 2586 Dioscuros.
730 2551 808 2586 Res
836 2546 994 2585 tandem
1032 2558 1079 2583 eo
1105 2545 1272 2583 adducta
1286 2573 1298 2594 ,
1321 2553 1364 2582 ut
1377 2545 1548 2596 pessimi

37 2607 273 2659 fabularum
290 2628 448 2653 suarum
468 2616 698 2668 interpretes
711 2626 842 2653 essent
856 2614 1041 2654 Romani.
1055 2615 1138 2653 Nec
1155 2614 1368 2666 quicquam
1383 2614 1459 2651 fuit
1471 2615 1543 2650 Ita·

49 2675 98 2712 lis
120 2676 217 2716 adeo
239 2679 497 2720 domesticum
515 2697 557 2721 ac
573 2685 782 2735 proprium
795 2712 806 2731 ‚
824 2685 921 2735 quin
939 2696 960 2720 a
980 2683 1131 2720 Graecis
1149 2689 1385 2733 repeterent.
1403 2682 1543 2732 Ipsum

49 2743 195 2781 Janum
223 2758 274 2784 ex
299 2749 518 2789 Perrhaebia
539 2751 747 2791 Thessaliae
769 2752 838 2805 qui
858 2750 1119 2800 adducerent,
1138 2749 1256 2789 fuisse
1287 2747 1406 2788 video
1430 2746 1535 2799 apud
