1767 3054
195 179 274 217 263

823 175 1066 213 AENEIDOS

194 255 326 308 Quos
343 284 355 307 ,
378 252 609 295 Amasene
635 256 769 309 pater
793 264 802 291 ε
827 261 924 291 11011
942 246 1035 292 illis
1056 244 1275 293 omnibus
1299 260 1452 304 arma,

1631 258 1692 287 635

192 328 292 371 Nec
314 323 467 386 clypei
492 339 720 369 currusve
740 332 908 368 sonant
929 340 939 366 :
961 336 1069 382 pars
1093 337 1314 368 maxuma
1339 320 1529 384 glandes

193 397 403 445 Liventis
427 397 611 460 plumbi
635 396 836 459 spargit3
860 411 970 458 pars
996 396 1177 458 spicula
1201 406 1351 459 gestat

192 474 309 521 Bina
332 491 495 531 manu3
522 474 770 534 fulvosque
794 472 896 533 lupi
917 472 976 517 de
1001 473 1122 533 pelle
1148 474 1331 536 galeros

192 554 399 613 Tegmen
425 549 602 595 habent
624 548 789 609 capiti;
816 546 1016 609 vestigia
1035 547 1164 593 nuda
1182 548 1361 605 sinistri

193 628 448 674 Instituere
470 625 627 686 pedis;
649 622 824 669 crudus
851 623 966 685 tegit
987 623 1134 670 altera
1157 640 1290 686 pero,

1634 635 1694 674 690

258 707 321 748 At
345 705 616 762 Messapus,
646 716 821 762 equum
843 699 1074 757 domitor,
1098 699 1341 762 Neptunia
1363 699 1545 762 proles,

194 781 349 835 Quem
372 792 527 838 neque
551 776 618 822 fas
644 775 741 837 igni
766 775 1012 838 cuiquam,
1037 791 1125 822 nec
1148 786 1360 822 sternere
1381 776 1532 833 ferro,

191 856 218 898 J
222 868 296 898 am
320 851 506 915 pridem
527 850 705 896 resides
727 851 955 913 populos,
980 851 1269 912 desuetaque
1293 850 1422 897 bello

192 927 416 988 Agmina,
441 926 490 970 in
512 941 642 971 arma
666 935 805 971 vocat
826 924 1010 984 subito,
1036 927 1311 987 ferrumque
1334 935 1572 970 retractat.

191 1139 339 1177 variari
367 1139 496 1175 videri
530 1147 661 1188 potest
698 1141 850 1185 orati03
873 1147 912 1175 et

190 1197 366 1248 praethit
398 1194 637 1234 Wakefield.
668 1196 792 1246 Apud
822 1199 910 1234 Ser-

189 1257 303 1292 vium
325 1254 427 1291 liber
445 1265 454 1290 :
477 1253 654 1291 misit.——
669 1254 767 1291 685.
785 1256 913 1290 Ama·

190 1326 310 1350 senus
343 1324 464 1363 supra
497 1313 641 1349 Setiam
674 1313 718 1348 111
754 1312 912 1349 Volscis

191 1379 302 1408 crtus
336 1372 573 1408 Privernum
612 1378 912 1421 praetergressus

189 1442 262 1479 per
300 1428 494 1466 Volscum
544 1441 684 1479 agrum
720 1429 763 1464 in
804 1441 912 1464 mare

191 1485 297 1536 apud
320 1486 494 1524 Circeios
515 1487 611 1523 exit.
637 1507 696 1513 —-
715 1485 812 1522 686.
839 1487 910 1522 So-

190 1552 294 1579 nant
305 1543 504 1592 eleganter
516 1556 589 1592 pro
600 1570 612 1588 ,
625 1552 726 1580 sunt.
740 1565 796 1570 -——
810 1544 861 1579 68
872 1557 908 1590 7.

195 1600 370 1637 Viventis
401 1613 445 1649 p.
475 1613 536 1649 pr.
565 1602 713 1638 Moret.
747 1599 910 1636 liventes

191 1667 281 1696 tert.
313 1657 478 1695 Mentel.
514 1656 742 1707 linquentes
782 1657 907 1704 Leid.‚

191 1715 260 1753 sed
283 1716 407 1752 livens
422 1714 630 1764 plumbum
648 1715 750 1752 bene
770 1715 817 1752 de
840 1728 906 1752 co-

190 1775 274 1810 lore
308 1773 466 1823 plumbi
505 1773 640 1809 nativo
674 1774 906 1824 nigricante.

193 1833 397 1882 Spargunt
420 1838 458 1866 et
481 1839 645 1880 gestant
672 1833 776 1868 Ven.
802 1844 822 1867 a
852 1844 906 1869 m.

191 1902 269 1939 p1·-;
289 1889 455 1925 alterum
478 1889 523 1924 in
538 1887 643 1924 binis
663 1888 759 1925 31115.
780 1888 913 1925 Gessit

191 1960 270 1984 sec.
307 1945 496 1984 Rottend.
531 1967 589 1973 ——-
620 1946 718 1983 688.
753 1948 831 1983 Seu
865 1955 911 1983 ut

190 2004 279 2054 lupi
296 2005 450 2040 exuviae
467 2012 587 2052 caput
608 2011 743 2054 tegant
756 2031 766 2049 ‚
795 2003 844 2041 cf.
871 2017 909 2041 v,

194 2063 277 2099 666
291 2089 301 2107 ,
319 2074 389 2098 seu
408 2070 455 2097 ut
477 2061 584 2111 galea
613 2075 633 2098 e
651 2061 791 2110 lupina
808 2061 912 2111 pelle

192 2120 293 2157 facta
316 2121 379 2157 sil.
398 2141 457 2147 -—
478 2119 575 2168 689.
593 2121 755 2156 Laevum
769 2119 913 2169 pedem

193 2178 346 2215 nudum
361 2205 371 2222 ‚
389 2176 578 2213 dextrum
597 2189 767 2226 perone,
787 2177 827 2214 h.
850 2190 913 2215 co-

193 2238 253 2273 rio
293 2234 442 2281 crudo,
476 2230 714 2287 κοιρὲατίϊη,
748 2243 909 2273 tectum.

193 2294 305 2331 Alibi
333 2294 481 2330 laevum
499 2292 664 2343 pedem,
688 2305 759 2330 seu
780 2306 912 2330 ocrea-

193 2359 303 2396 tum,
332 2364 403 2387 seu
427 2351 503 2388 alio
537 2350 657 2389 modo
688 2359 839 2387 tectum
874 2360 914 2388 et

195 2410 394 2444 munitum
414 2409 601 2459 legimus,
621 2423 659 2446 v,
681 2422 715 2447 e.
737 2410 822 2446 Liv.
839 2412 913 2455 IX,

201 2473 268 2511 4ο,
299 2466 408 2515 quod
438 2468 522 2515 ipse
545 2475 668 2503 status
697 2467 914 2517 pugnantis

195 2523 394 2572 postulare
436 2523 594 2560 videtur
611 2552 622 2569 ‚
665 2524 916 2575 quandoqui-

197 2579 288 2617 dem
310 2579 404 2630 pedi
424 2580 526 2617 laevo
549 2582 693 2618 insistit
710 2611 720 2628 ‚
745 2595 913 2632 eumque

198 2641 395 2675 anteriore
427 2639 471 2673 in
506 2640 672 2688 vestigio
709 2642 825 2690 ponit
859 2641 913 2686 is,

197 2696 269 2745 qui
289 2704 354 2732 aut
373 2693 495 2731 funda
523 2695 703 2746 glandem
718 2726 728 2743 ‚
748 2707 817 2734 aut
842 2698 913 2747 qui

196 2753 371 2802 jaculum
393 2753 558 2798 emittit,
583 2762 651 2790 ant
675 2767 768 2791 arcu
797 2756 913 2806 sagit·

198 2821 290 2850 tam.
315 2810 525 2849 Probabile
545 2809 642 2848 adeo
661 2809 707 2847 fit
719 2840 729 2858 ,
745 2825 812 2850 eos
830 2825 916 2849 scu·

978 1148 1020 1175 to
1039 1150 1152 1184 usos,
1173 1150 1254 1188 quo
1272 1139 1420 1175 laevum
1439 1151 1529 1175 crus
1547 1147 1695 1177 tectum

978 1204 1091 1233 esset.
1115 1195 1294 1246 Vestigia
1310 1195 1533 1241 instituere,
1555 1205 1698 1234 statue-

978 1267 1021 1290 re
1035 1281 1046 1299 ,
1080 1266 1230 1303 ponere
1243 1282 1253 1298 ,
1287 1252 1450 1304 pedem,
1489 1253 1538 1291 de
1571 1253 1696 1306 gradu

979 1311 1151 1348 militum
1173 1312 1447 1362 pugnantium.
1468 1313 1697 1349 Lucretium

978 1378 1225 1419 praeeuntem
1252 1369 1396 1406 babuit
1418 1370 1490 1408 lib.
1516 1371 1586 1416 IV,
1613 1377 1696 1418 474

978 1425 1050 1477 qui
1071 1426 1200 1476 eapite
1227 1425 1312 1477 ipse
1333 1440 1403 1464 suo
1424 1426 1595 1464 instituit
1607 1441 1697 1465 ves-

978 1485 1080 1536 tigia
1099 1494 1202 1522 retro
1220 1499 1234 1522 .·
1252 1485 1294 1524 h.
1318 1500 1352 1523 e.
1373 1486 1445 1536 qui
1472 1486 1592 1536 capiti
1620 1500 1695 1525 sno

976 1543 1122 1579 insisn't
1138 1571 1149 1589 ‚
1191 1552 1330 1581 contra
1370 1557 1490 1594 quam
1525 1543 1696 1582 debebat

975 1599 1145 1649 pedibus
1182 1601 1374 1639 insistere.
1416 1604 1477 1638 Ita
1514 1602 1693 1654 intelh'go

973 1657 1121 1695 locum.
1161 1657 1273 1694 Idem
1306 1661 1461 1696 Lucret.
1498 1660 1518 1694 I
1535 1687 1547 1705 ‚
1587 1667 1666 1708 407
1680 1690 1692 1707 ‚

980 1715 1108 1764 Quum
1126 1715 1251 1752 semet
1269 1714 1496 1753 institerunt
1517 1717 1694 1770 vestigia

975 1781 1086 1809 certa
1104 1785 1207 1811 νιαι.

1037 1830 1118 1879 691
1139 1843 1225 1880 sqq.
1245 1829 1426 1881 Messapi
1441 1831 1615 1869 obscura
1637 1842 1695 1870 est

976 1887 1109 1924 fabula
1122 1915 1133 1933 ‚
1155 1888 1292 1924 saltem
1314 1889 1358 1925 in
1376 1889 1439 1925 his
1457 1891 1628 1927 Etruriae
1647 1891 1696 1927 ad

975 1945 1155 1983 Tiberim
1175 1945 1298 1992 locis3
1328 1958 1422 1983 nam
1446 1947 1672 1998 Messapum
1685 1977 1695 1994 ‚

979 2003 1231 2040 conditorem
1251 2011 1291 2039 et
1320 2017 1452 2055 regem
1477 2006 1695 2055 Messapio-

978 2074 1070 2097 rum
1084 2062 1128 2097 in
1146 2069 1321 2098 extrema
1338 2062 1450 2104 Italia
1462 2089 1473 2108 ‚
1489 2074 1579 2112 quae
1595 2064 1697 2100 Mes-

979 2120 1087 2168 sapia
1106 2126 1145 2154 et
1164 2120 1329 2170 Iapygia
1351 2127 1430 2166 est,
1450 2119 1532 2156 huc
1551 2133 1694 2157 vocare

978 2189 1062 2213 non
1079 2175 1185 2214 licet.
1199 2179 1391 2215 Nostrum
1400 2176 1511 2214 hunc
1525 2179 1570 2214 in
1584 2179 1697 2214 Etru-

978 2235 1048 2271 riae
1079 2233 1178 2272 locis
1207 2233 1255 2270 ad
1288 2236 1484 2272 orientem
1514 2233 1696 2271 videmus

978 2293 1020 2328 in
1039 2292 1082 2331 h.
1105 2292 1134 2330 1.
1163 2292 1283 2329 fuisse
1301 2292 1533 2330 bellatorem
1560 2292 1694 2329 invul-

979 2350 1210 2388 nerabilem.
1234 2371 1293 2380 —-·
1319 2352 1476 2400 Equum
1497 2348 1689 2394 domitor,

979 2417 1027 2445 ut
1048 2422 1087 2446 v.
1120 2409 1200 2445 651
1235 2410 1400 2444 Lausus.
1421 2428 1479 2435 —
1503 2407 1601 2457 692.
1627 2409 1693 2444 In-

979 2467 1131 2512 victus,
1150 2466 1233 2517 igni
1252 2473 1292 2502 et
1308 2464 1425 2502 ferro.
1446 2466 1550 2509 Fas,
1579 2461 1697 2502 θανα-

979 2522 1058 2571 τὸν,
1082 2532 1128 2560 ut
1145 2521 1345 2559 interdum
1363 2520 1470 2571 apud
1485 2531 1693 2572 poetas.—

981 2581 1035 2630 69
1043 2583 1079 2618 3.
1094 2579 1255 2618 Resides
1265 2578 1422 2616 animos
1432 2580 1576 2631 Bigot.,
1592 2581 1693 2618 forte

979 2651 1029 2675 ex
1045 2637 1117 2675 lib.
1135 2639 1179 2684 I,
1202 2649 1298 2684 721,
1323 2650 1403 2684 722
1431 2646 1472 2674 et
1486 2637 1581 2675 vivo
1605 2649 1692 2676 ten-

980 2705 1042 2732 tat
1042 2703 1280 2746 praevertere
1295 2707 1432 2732 amore
1443 2696 1693 2746 Iampridem

980 2753 1127 2790 resides
1162 2753 1315 2790 animos
1337 2753 1580 2804 desuetaque
1609 2768 1693 2791 cor-

982 2810 1035 2848 da
1048 2825 1067 2857 ;
1093 2817 1133 2848 at
1161 2811 1241 2858 VI,
1263 2810 1347 2856 814
1364 2810 1588 2863 residesque
1609 2825 1692 2849 mo-
