1767 3054
595 147 671 185 AD
702 147 909 184 LIBRUM
939 146 1056 185 VIII.
1500 148 1582 191 405

77 234 157 264 tem
186 225 263 264 hoc
292 224 429 272 docet,
456 223 658 274 antiquam
680 224 772 260 satis
804 231 842 260 et
871 235 893 259 a
927 219 1145 271 majoribus
1179 227 1380 271 acceptam
1414 220 1499 269 ejus
1528 223 1586 259 rei

81 296 223 334 famam
251 293 356 346 apud
380 296 581 331 Romanos
601 291 720 329 fuisse
743 304 752 331 :
778 292 942 329 veritate
969 291 1077 328 enim
1097 298 1135 326 et
1152 289 1328 326 historiae
1346 287 1426 326 fide
1446 289 1586 338 hujus-

80 362 190 401 modi
208 362 450 400 narrationes
468 373 551 398 nou
571 361 775 398 nitamur.
796 361 923 398 Etiam
943 359 992 396 de
1012 360 1096 407 ejus
1114 357 1200 395 festi
1218 358 1371 409 origine
1390 358 1497 393 varia
1514 357 1590 394 fuit

81 432 187 469 inter
204 431 406 468 Romanos
429 429 618 466 narratio.
640 441 678 465 v.
700 430 874 466 Varron.
905 427 954 464 de
973 429 1046 465 LL.
1065 429 1117 473 V,
1140 440 1181 477 p.
1210 426 1262 470 48
1285 423 1347 463 ed.
1375 424 1523 462 Dordr.
1553 433 1592 462 et

77 500 212 551 ipsum
234 499 394 536 Festum
419 511 453 535 e.
482 497 510 535 l.
531 498 756 535 Exornavit
783 496 1052 534 narrationem
1072 508 1145 533 suo
1166 507 1276 532 more
1297 492 1468 532 Ovidius
1486 494 1589 530 Fast.

81 569 157 613 IV,
179 567 257 614 877
281 579 383 616 sqq.,
406 574 452 603 ut
470 573 601 603 tamen
619 567 841 603 Varronem
859 565 1111 616 potissimum
1140 572 1230 601 ante
1251 562 1389 600 oculos
1408 560 1593 599 habuisse

81 635 278 675 videatur.

141 704 279 756 Quaeri
300 715 410 741 nunc
428 710 559 754 potest
568 700 702 759 &quid
722 701 934 753 Virgilium
964 699 1198 747 adduxerit,
1225 708 1272 737 ut
1290 700 1493 738 Mezentio
1515 707 1594 737 tam

85 779 258 810 atrocem
281 783 491 822 personam
521 769 727 816 indueret,
752 782 923 819 eumque
944 770 1075 806 Deum
1096 777 1382 806 contemtorem
1412 777 1453 805 et
1472 766 1595 804 sacri-

84 840 220 892 legum
239 838 458 876 exhiberet.
479 840 610 876 Poetae
627 837 833 889 ingenium
850 849 930 887 quo
947 836 1102 873 tramite
1121 847 1376 888 progressum
1396 835 1468 880 sit,
1483 833 1597 871 facile

84 920 137 945 ex
152 905 272 945 modo
290 914 505 944 memorata
524 906 749 943 narratione
763 904 935 954 intelligi
954 912 1098 954 potest,
1116 911 1155 940 et
1170 915 1190 940 a
1207 901 1421 940 Macrobio
1437 913 1598 952 quoqne

85 974 330 1026 explicatum
353 975 445 1011 satis
467 981 526 1010 est
553 976 630 1012 Sat.
662 974 742 1018 111,
779 973 802 1008 5
836 972 918 1009 Sed
940 984 1086 1009 veram
1117 969 1232 1022 liujus
1255 968 1599 1008 contumacissimi

87 1041 263 1080 nominis
278 1041 416 1094 (quod
440 1048 664 1079 contemtor
685 1039 823 1077 divum
842 1039 971 1077 dictus
988 1037 1072 1089 est)
1091 1051 1276 1075 caussam
1293 1037 1334 1074 in
1345 1035 1479 1088 pn'mo
1498 1035 1598 1074 libro

91 1110 230 1165 origg.
263 1110 427 1149 Catonis
448 1108 623 1162 diligens
646 1109 771 1146 lector
800 1107 983 1145 inveniet.
1008 1107 1083 1144 Ait
1112 1106 1218 1144 enim
1240 1104 1487 1144 ,Mezentium
1518 1108 1598 1145 Ru-

90 1179 185 1218 tulis
213 1179 450 1231 imperasse,
479 1186 523 1215 ut
541 1176 616 1215 sibi
634 1176 828 1229 offirrent
845 1189 946 1228 quas
969 1176 1047 1213 diis
1056 1175 1260 1227 primitias
1284 1174 1541 1227 offerebant:
1562 1184 1602 1212 et

89 1246 258 1285 Latinos
274 1260 431 1292 omnes,
452 1245 594 1283 similis
613 1243 771 1296 imperii
794 1253 920 1289 metu,
950 1243 1008 1280 ita
1030 1257 1203 1280 vocasse
1222 1243 1275 1294 (l.
1298 1240 1480 1293 vovisse)
1500 1253 1510 1280 :
1529 1243 1599 1279 Ju-

85 1313 204 1365 piter,
226 1313 262 1352 si
285 1312 357 1351 tibi
375 1312 505 1365 magis
526 1312 639 1349 cordi
669 1321 744 1357 est,
771 1325 842 1348 nos
864 1323 914 1348 ea
935 1309 1006 1347 tibi
1023 1310 1123 1347 dare
1139 1309 1276 1361 potius
1296 1322 1417 1360 quam
1435 1310 1601 1346 stlezen-

90 1381 147 1422 tio
163 1395 178 1420 .·
200 1393 243 1421 ut
264 1383 303 1421 ei
325 1396 396 1420 nos
419 1381 591 1419 victores
599 1379 741 1433 facias
751 1382 767 1417 Ι
798 1382 908 1432 Ergo
932 1380 1042 1431 quod
1068 1379 1223 1418 divinos
1242 1379 1413 1417 honores
1430 1378 1508 1416 sibi
1531 1391 1602 1416 ex·

92 1460 255 1504 egerat,
277 1450 417 1488 merito
437 1449 564 1487 dictus
588 1458 646 1487 est
664 1462 690 1486 a
716 1447 885 1500 Virgilio
910 1457 1128 1485 contemtor
1143 1448 1321 1485 dcorum.
1347 1447 1450 1485 Cum
1469 1447 1604 1498 impie·

94 1518 186 1556 tatis
204 1526 302 1555 nota
315 1545 326 1565 ,
352 1518 495 1554 inussit
515 1516 659 1555 deinde
687 1525 805 1567 poeta
833 1516 992 1552 saevitiae
1012 1516 1223 1566 omnisque
1247 1514 1491 1552 crudelitatis
1506 1512 1606 1552 infa-

92 1587 212 1625 miam
225 1616 236 1635 ,
255 1596 301 1625 ut
320 1595 359 1625 et
376 1588 468 1625 viva
492 1598 660 1636 corpora
679 1585 855 1636 alligaret
874 1582 1145 1621 cadaveribus.
1166 1597 1206 1621 v.
1225 1582 1297 1621 lib.
1320 1584 1443 1629 VIII,
1465 1582 1546 1627 483
1566 1588 1606 1620 et

90 1669 179 1708 sqq.
200 1659 290 1694 Hoc
313 1665 560 1708 postremum
580 1667 632 1691 ex
654 1654 826 1704 antiquis
843 1656 1068 1692 Tuscorum
1087 1652 1232 1689 fabulis
1252 1661 1437 1690 mutuare
1457 1654 1606 1703 potuit.

90 1725 194 1763 Nam
211 1725 371 1763 Servius
394 1723 451 1759 ibi
473 1722 521 1759 ad
543 1729 641 1772 479,
662 1721 744 1766 485
769 1735 820 1758 ex
838 1721 1042 1760 Ciceronis
1058 1720 1276 1757 Hortensio
1296 1727 1490 1756 memorat
1504 1722 1610 1771 Tyr-

92 1791 241 1830 rhenos
263 1791 335 1828 diu
357 1792 566 1841 piraticam
591 1791 838 1835 exercuisse,
867 1801 987 1838 quum
1011 1786 1187 1837 captivos
1211 1786 1322 1823 novis
1338 1786 1468 1836 poenis
1495 1787 1604 1842 affli.

92 1867 254 1912 gerent,
279 1856 496 1895 occisorum
516 1870 582 1893 eos
607 1856 827 1907 religantes
851 1854 1122 1892 cadaveribus.
1141 1855 1272 1891 Locus
1290 1866 1342 1890 ex
1363 1855 1579 1893 Hortensio
1595 1883 1606 1901 ‚

95 1924 209 1977 quod
237 1924 363 1963 Cerda
393 1908 556 1976 qdoque
585 1926 761 1971 notavit,
781 1932 959 1962 servatus
978 1931 1036 1960 est
1055 1922 1104 1960 ab
1123 1922 1354 1972 Augustino
1373 1930 1512 1959 contra
1531 1924 1604 1962 Ju-

96 1992 193 2031 lian.
225 1992 353 2045 Pelag.
381 1991 452 2030 lib.
483 1993 554 2038 IV,
588 1991 654 2038 78.
686 1992 792 2028 Hinc
824 2004 867 2028 ea
887 1991 1109 2027 immanitas
1129 1988 1279 2026 tributa
1309 1997 1366 2026 est
1388 1990 1565 2027 Etruscis
1585 2003 1606 2027 a

98 2061 329 2107 nonnullis,
355 2068 400 2097 ut
423 2073 444 2097 a
466 2059 601 2098 valer.
622 2061 733 2097 Max.
753 2061 835 2105 lx,
858 2072 902 2103 2,
927 2066 1050 2096 exter.
1077 2070 1141 2104 ιο,
1159 2065 1206 2094 ut
1226 2070 1293 2094 eos
1311 2056 1494 2094 vivorum
1522 2071 1606 2095 cor-

92 2144 200 2183 pora
220 2128 475 2167 cadaveribus
494 2127 662 2165 adversa
681 2127 855 2164 adversis
871 2126 1048 2178 alligata
1066 2135 1188 2177 atque
1208 2124 1471 2162 adstricta—
1483 2124 1607 2163 tabes-

100 2211 190 2236 cere
206 2197 327 2235 simul
348 2209 482 2248 passos
506 2208 587 2232 esse
611 2203 831 2232 narrarent.

159 2267 312 2306 Priscas
340 2264 490 2302 fabulas
523 2277 607 2301 non
640 2263 788 2309 modo,
820 2275 958 2299 verum
992 2261 1110 2297 etiam
1132 2259 1295 2299 Catonis
1323 2259 1608 2310 plerorumque

102 2337 379 2375 Romanorum
400 2333 521 2369 miros
540 2344 692 2368 errores
712 2333 754 2368 in
774 2329 996 2382 originibus
1015 2328 1137 2365 Italiae
1158 2340 1178 2364 a
1196 2328 1344 2364 Graecis
1362 2326 1607 2377 repetendis,

68 2423 74 2428 ·
101 2409 263 2454 poetam
285 2402 330 2438 in
350 2413 434 2437 rem
462 2412 574 2436 suam
597 2399 802 2449 ingeniose
830 2405 982 2434 vertere
1012 2397 1155 2447 passim
1180 2394 1366 2433 vidimus.
1396 2393 1514 2432 Alius
1532 2394 1610 2432 fuit

105 2471 330 2509 communis
361 2471 637 2508 Romanorum
659 2495 670 2514 ‚
704 2479 724 2503 a
749 2467 898 2504 Graecis
932 2473 1116 2515 acceptus
1150 2477 1282 2510 error,
1317 2471 1364 2500 ut
1396 2464 1584 2501 Etruscos
1598 2490 1608 2506 ,

105 2539 256 2578 Graecis
274 2537 507 2590 Tyrrhenos
534 2535 681 2581 dictos,
710 2548 731 2572 e
751 2534 874 2586 Lydia
900 2540 1138 2585 repeterent.
1156 2534 1340 2570 Errorem
1364 2530 1470 2579 dixi,
1498 2532 1611 2580 eujus

108 2620 261 2646 caussas
279 2608 356 2645 alio
375 2607 463 2645 loco
484 2605 651 2656 exposui
668 2603 684 2656 (
696 2606 797 2642 A‘ov.
821 2604 1090 2641 Commentar.
1112 2603 1199 2638 Soc.
1222 2600 1399 2653 Gotting.
1419 2607 1516 2638 tom.
1534 2601 1608 2646 III,

108 2682 220 2726 parte
241 2674 380 2714 histor.
410 2687 497 2726 pag.
529 2673 581 2711 36
606 2686 690 2723 sqq.
719 2673 761 2709 in
782 2671 1006 2709 Comment.
1036 2669 1086 2706 de
1104 2667 1221 2720 sabb.
1249 2667 1365 2720 relig.
1398 2667 1526 2705 Graec.
1558 2665 1609 2701 ab

109 2743 279 2780 Etrusca
303 2752 389 2781 arte
395 2740 678 2796 frequentat.)
699 2753 709 2779 ε
739 2741 844 2777 inter
861 2752 959 2790 quas
978 2738 1178 2789 praecipua
1198 2737 1317 2774 fuisse
1338 2735 1498 2774 videtur
1524 2735 1608 2785 ipsa

110 2809 284 2848 nominis
302 2811 459 2861 antiqui
479 2813 722 2850 Rasenarum
738 2807 803 2846 vel
818 2809 1134 2853 Turasenarum,
1157 2804 1386 2856 depravatio
1409 2813 1481 2852 per
1500 2800 1610 2837 Grae·
