1767 3054
709 159 863 196 LIBER
895 159 930 193 ἶ
935 159 966 195 Ῑ.

1516 169 1588 204 125

89 232 161 277 Dc
166 233 323 279 sicelet
344 231 483 279 tantis
504 229 636 276 navis
661 228 962 291 sutgcntibus
988 229 1141 275 undis.

88 307 195 352 Tris
216 309 366 354 Notus
385 285 642 351 hibernas
632 319 858 350 immensa
879 319 967 366 per
989 319 1182 366 aequora
1206 308 1355 353 noctis
1530 326 1540 350 ;
1571 324 1586 352 5

91 382 232 429 Vexit
254 397 329 428 me
352 380 586 427 violentus
614 396 770 442 aqua:
795 379 877 425 vix
903 379 1078 426 lumine
1103 397 1222 443 qual
1226 392 1273 427 to

89 457 315 520 Prospexi
337 456 544 514 Italiam,
568 471 750 502 summa
774 454 986 503 sublimis
1010 455 1069 502 ab
1097 456 1236 503 unda.

88 530 332 595 Paullatim
356 530 590 578 adnabam
614 541 772 590 terrae3
793 531 891 594 jam
916 540 1017 576 tnta
1037 530 1276 590 tenebam3

88 602 149 653 Ni
173 622 286 669 gens
309 607 513 654 crudelis
536 607 726 654 madida
752 623 859 653 cum
877 616 1007 653 veste
1031 617 1277 669 gravatum
1292 642 1305 665 ,

87 683 485 745 Prensantemque
510 682 642 729 uncis
661 681 878 729 manibus
900 682 1054 744 capita
1083 698 1249 744 aspera
1274 684 1467 740 montis,
1522 695 1579 725 300

86 758 234 802 Ferro
257 757 524 815 invasisset,
551 757 854 821 praedamque
874 756 1037 819 ignara
1060 767 1285 819 putasset.

86 833 224 878 Nunc
244 849 318 878 mc
341 833 510 880 fluctus
537 833 704 891 habet,
729 842 1012 895 versantque
1037 834 1086 878 in
1110 832 1247 879 litore
1274 835 1415 880 venti.

88 907 230 963 Quod
257 919 302 953 te
324 925 410 970 per
434 909 537 954 coeli
554 908 819 971 jucundum
840 907 998 954 lumen
1012 943 1024 963 ‚
1048 918 1095 954 et
1115 923 1275 965 auras,

87 983 176 1026 Per
200 981 461 1042 genitorem
481 998 589 1040 oro,
612 999 697 1044 per
719 998 848 1044 spem
869 982 1102 1043 surgentis
1127 983 1242 1037 Iuli,

88 1055 231 1118 Eripe
256 1057 446 1113 meliis,
471 1057 668 1114 invicte,
690 1057 846 1102 malis!
873 1066 953 1102 aut
980 1066 1031 1101 tu
1051 1056 1166 1101 mihi
1190 1067 1363 1102 terram
1526 1070 1580 1099 365

87 1130 255 1193 Injice,
279 1148 482 1194 namque
502 1142 660 1194 potes,
685 1143 945 1194 portusque
971 1132 1159 1193 require
1179 1133 1390 1191 Vclinos3

87 1377 197 1402 cusso
209 1379 226 1409 ;
247 1363 433 1401 translato
453 1364 575 1400 verbo
596 1365 644 1400 ad
668 1365 801 1402 locum

88 1421 194 1460 unde
211 1422 336 1459 motio
354 1420 480 1459 fit.—-
494 1421 590 1459 355.
609 1421 801 1472 Compara

86 1479 218 1517 locum
237 1479 287 1516 de
303 1479 447 1529 Ulysse
476 1478 619 1530 Oydss.
643 1491 659 1515 ε
674 1507 684 1525 ,
717 1480 796 1516 388

85 1551 171 1590 sqq.
193 1539 356 1574 Summa
380 1535 555 1574 sublimis
580 1537 630 1574 ab
660 1537 769 1573 unda
783 1568 793 1582 ,

86 1592 184 1634 iffi.
207 1596 288 1645 393
315 1592 490 1649 μεγάλου
522 1592 601 1633 ἀπὸ
626 1593 797 1647 κύματος

87 1650 225 1707 ἀρθείς.
255 1674 315 1682 -·
345 1654 428 1703 359
469 1667 554 1705 sqq.
586 1653 797 1692 Palinurus

85 1713 180 1750 navi
207 1723 395 1749 excussus
424 1710 471 1749 ad
498 1711 593 1749 litus
615 1713 796 1750 Lucaniae

85 1776 335 1816 enataverat3
372 1769 442 1806 sed
473 1782 494 1806 a
523 1769 701 1807 barbaris
734 1783 796 1807 oc-

84 1829 188 1864 cisus
215 1829 492 1877 promontorio
517 1841 662 1866 nomen
695 1828 796 1865 Pali-

86 1896 234 1922 nurum
266 1883 389 1922 dedit.
424 1885 519 1922 Cum
559 1895 672 1922 veste
704 1900 797 1937 gra·

87 1952 239 1987 vacum,
278 1950 345 1978 aut
370 1950 415 1978 ut
449 1954 493 1978 ea
521 1951 559 1979 et
578 1944 660 1993 ipsa
679 1943 798 1981 undis

83 1999 234 2037 haustis
263 2007 514 2051 gravaretur,
543 2008 612 2036 aut
641 2009 686 2036 ut
709 2013 794 2037 cum

84 2055 283 2104 abundet,
313 2058 371 2093 uti
389 2055 590 2094 interdum
606 2058 649 2094 in
672 2059 797 2107 poetis

84 2115 197 2154 solet.

147 2173 340 2221 360—37
354 2187 387 2212 1.
410 2173 491 2211 360
511 2173 560 2210 ab
583 2174 796 2211 Homerico

87 2230 229 2282 Ulysse
260 2231 404 2282 Odyas.
440 2244 480 2277 ε,
522 2231 602 2275 428
623 2253 680 2260 —
701 2233 795 2276 434.

85 2289 208 2339 Quod
224 2297 356 2326 autem
371 2288 437 2327 hic
458 2290 604 2326 Lucani
625 2290 796 2335 faciunt,

85 2345 190 2384 idem
221 2347 543 2399 Laestrygonibus
576 2348 679 2384 circa
709 2349 799 2384 For-

85 2405 181 2442 mias
210 2404 402 2442 tribuerat
429 2406 627 2442 Homerus
654 2404 796 2455 Odyss.

86 2474 135 2509 κ,
171 2463 248 2500 118
280 2476 387 2514 seqq.
419 2484 476 2492 —
500 2462 595 2500 361.
631 2463 796 2499 Petissee

86 2519 271 2567 Oudai-t,
287 2520 397 2572 quod
413 2520 527 2558 valde
543 2519 698 2557 arridet.
720 2523 795 2558 Re-

86 2585 247 2628 ceptum
278 2591 439 2630 quoque
476 2590 586 2615 nunc
619 2576 735 2615 video
773 2590 793 2613 a

88 2633 330 2682 Wakefield3
373 2644 413 2673 et
453 2635 600 2688 ignava
635 2649 656 2673 e
694 2634 791 2673 Cod.

90 2689 188 2730 Goll.
224 2694 321 2732 Joeu
339 2721 350 2739 ‚
393 2692 587 2745 eleganter
628 2706 699 2743 per
729 2706 792 2738 se,

88 2755 278 2795 quatenus
296 2759 426 2789 tamen
443 2752 485 2787 in
501 2750 689 2788 barbaros
704 2749 743 2788 h.
765 2751 792 2788 l.

88 2802 130 2841 id
147 2803 269 2855 cadat,
291 2821 374 2846 non
390 2807 520 2847 video.
541 2810 694 2861 Ignara
713 2808 796 2859 qui-

870 1365 958 1401 dem
989 1377 1062 1401 nec
1090 1366 1221 1415 ipsum
1249 1365 1366 1403 hahet
1402 1381 1580 1420 magnam

868 1425 949 1459 rim
964 1450 973 1466 ,
1013 1424 1200 1459 convenit
1241 1432 1371 1461 tamen
1403 1425 1580 1464 barbaris

867 1479 1074 1530 spoliando
1115 1482 1273 1530 corpori
1308 1482 1555 1521 inhiantibus
1569 1515 1579 1531 ‚

865 1552 933 1588 spe
950 1539 1123 1588 opiparae
1139 1538 1282 1589 praedae
1298 1540 1403 1579 salsa.
1415 1563 1471 1570 —-
1483 1543 1578 1580 362.

865 1598 932 1632 „Me
950 1609 1095 1646 corpus
1122 1610 1203 1633 esse
1235 1596 1347 1635 facile
1371 1602 1581 1650 unusquis-

865 1667 942 1703 que
958 1653 1077 1691 videt.
1099 1656 1358 1693 Notissimum
1380 1655 1514 1701 αὐτοὺς
1534 1653 1577 1695 δὲ

865 1710 1005 1765 ἑλώρια
1044 1714 1157 1761 τεῦχε
1191 1711 1353 1752 κύνεσσι.
1395 1737 1452 1744 --
1495 1716 1575 1754 363

863 1783 948 1821 sqq.
978 1769 1204 1812 adumbrati
1225 1787 1274 1810 ex
1301 1772 1412 1810 Iliad.
1439 1777 1485 1819 λ,
1524 1774 1577 1812 66

864 1841 947 1878 sqq.
962 1828 1010 1865 de
1023 1829 1392 1879 Elpenore.—364.
1404 1835 1484 1869 Per
1493 1844 1578 1882 spes

865 1899 912 1922 ex
943 1887 1123 1923 Macrob.
1155 1889 1192 1922 V
1213 1892 1291 1927 Sat.
1317 1902 1362 1935 7,
1391 1897 1428 1926 et
1458 1889 1574 1926 codd.

865 1945 967 1988 suis,
1002 1956 1044 1980 ac
1079 1945 1201 1991 Pien,
1233 1947 1409 1996 reposuit
1438 1947 1574 1983 Heins.

865 2001 984 2052 Vulg.
1008 2014 1086 2051 per
1109 2014 1229 2050 spem.
1254 2002 1328 2040 Sed
1355 2002 1465 2039 alteri
1486 2003 1577 2053 plus

863 2057 1062 2108 dignitatis
1078 2068 1117 2096 et
1136 2062 1335 2108 gravitatis
1353 2061 1465 2098 inest.
1487 2062 1576 2099 Jam

863 2129 949 2166 sup.
973 2119 1050 2162 lv,
1077 2125 1157 2163 274
1178 2118 1391 2154 Ascanium
1413 2132 1575 2170 surgen-

865 2182 940 2209 tem
963 2184 1001 2210 et
1017 2188 1103 2224 spes
1126 2173 1277 2212 heredis
1301 2175 1380 2212 Iuli
1399 2175 1571 2226 Respice.

864 2234 1003 2268 —Per
1018 2245 1125 2282 spem
1144 2233 1337 2285 surgentis
1354 2233 1455 2278 Iuli,
1477 2234 1572 2271 ado-

865 2288 1072 2328 lescentis:
1098 2300 1141 2328 ut
1168 2293 1237 2337 lv,
1263 2298 1344 2338 274
1366 2290 1485 2329 modo
1517 2294 1570 2328 ci-

867 2355 933 2384 tat.
951 2369 1007 2375 —
1037 2348 1132 2387 365.
1154 2347 1275 2399 Eripe
1304 2362 1365 2385 me
1400 2347 1458 2385 lais
1492 2363 1571 2385 ηια-

866 2403 932 2448 lis,
963 2405 1056 2442 huic
1077 2406 1308 2452 calamitati,
1339 2405 1447 2456 quod
1474 2408 1571 2444 inse-

865 2462 1021 2511 pultum
1035 2464 1485 2514 corpusjacet.Colorem
1497 2477 1571 2500 ser-

860 2521 988 2556 monis
1005 2530 1208 2558 mutuatur
1218 2521 1306 2559 Val.
1321 2521 1378 2559 Fl.
1393 2523 1445 2566 11,
1462 2529 1542 2571 490
1559 2535 1568 2559 :

861 2576 993 2627 Eripe,
1009 2591 1180 2629 namque
1185 2579 1569 2629 potes.—366.Por-

860 2643 919 2671 tus
937 2636 975 2668 V
972 2634 1095 2672 elinos
1111 2649 1181 2686 per
1192 2636 1393 2687 prolepsin
1409 2636 1535 2675 dictos
1547 2650 1568 2672 a

859 2692 971 2728 Velia
992 2693 1034 2730 in
1058 2693 1197 2731 iisdem
1219 2693 1315 2732 locis
1337 2693 1386 2730 ad
1408 2693 1567 2733 Palinu-

861 2761 951 2785 rum
977 2759 1222 2800 promontor.
1244 2750 1455 2802 aliquando
1479 2762 1570 2787 con-

861 2804 987 2845 denda
1010 2807 1088 2859 (cf.
1117 2811 1290 2849 Ouwens
1314 2810 1356 2854 1,
1387 2823 1408 2846 2
1425 2808 1439 2857 )
1454 2835 1463 2852 ,
1500 2806 1569 2843 ubi

1339 2888 1414 2932 11*
