1767 3054
692 104 845 142 LIBER
875 103 969 141 VII.

83 182 145 229 Hi
169 177 476 228 Fescenninas
501 176 647 232 acies,
672 177 947 237 AEquosque
968 172 1194 235 Falisc053

1509 112 1589 160 289

83 257 146 303 Hi
168 254 374 303 Soractis
397 250 575 297 habent
600 266 752 307 arces,
779 249 1085 312 Flaviniaque
1109 266 1245 308 arva,

83 333 143 377 Et
165 328 335 377 Cimini
357 331 465 373 cum
489 335 649 372 monte
668 326 847 383 lacum,
872 325 1098 387 lucosque
1123 327 1351 388 Capenos.

84 405 222 452 Ibant
245 402 419 466 aequati
437 418 657 461 numero,
683 417 937 464 regemque
958 400 1190 448 canebant
1212 419 1221 445 ε

84 561 185 600 vehit
207 562 343 599 Tullus
363 560 403 597 in
420 574 535 598 arma
555 560 665 598 viros
677 576 692 606 ;
713 573 802 612 por-

84 634 130 659 ro
152 619 259 657 bella
277 619 424 658 Medic.
449 642 507 649 ——-
528 620 626 669 695.
647 619 802 657 Fescel-

85 679 212 723 linas,
247 677 504 723 Phoesienas‚
540 686 577 715 et
601 678 695 728 equi
715 691 802 714 cur-

85 749 227 787 rusque
246 736 425 774 Faliscos
452 738 592 773 misere
615 735 804 786 deprava-

85 804 170 833 tum
188 796 230 832 in
247 794 669 832 nonnullis.Vitiosam
686 794 806 843 scrip-

85 861 216 891 turam
233 866 370 903 aequos
386 853 554 890 deserui.
575 853 806 902 AEquosque

86 911 342 961 Faliscosquc
361 912 431 962 qui
453 924 543 948 cum
573 910 805 961 Cuningha-

85 971 168 1007 mio
186 969 418 1015 emendant,
445 971 551 1006 inter
567 981 669 1018 quos
687 969 806 1004 etiarn

86 1028 247 1066 Jensius
270 1026 319 1064 de
335 1027 472 1065 Fetial.
504 1029 525 1065 3
538 1055 549 1073 ,
567 1039 649 1063 non
669 1025 807 1063 vident

87 1087 237 1136 AEquos
280 1085 385 1123 inter
428 1086 598 1123 Etruriae
635 1084 807 1136 populos

86 1145 299 1181 memorari
333 1156 416 1181 non
449 1157 577 1194 posse.
614 1165 671 1171 ——
710 1145 809 1193 Quae

87 1209 312 1253 sequuntur
356 1201 476 1238 urbes
496 1230 506 1247 ‚
546 1202 589 1238 in
639 1201 809 1238 Etruriae

87 1268 199 1310 parte
220 1259 268 1296 ad
294 1259 473 1297 Tiberim
495 1267 680 1310 vergente
701 1272 808 1308 quae-

89 1317 223 1355 rendae
242 1326 336 1354 sunt
357 1329 367 1354 :
396 1317 568 1361 Falisci,
597 1330 666 1353 seu
691 1315 809 1354 Fale-

90 1375 160 1421 rii,
188 1389 262 1412 nec
285 1375 402 1427 longe
426 1375 475 1412 ab
501 1375 564 1412 his
587 1374 809 1411 Fescennia

91 1447 183 1471 cum
210 1433 416 1478 Flavinio,
452 1447 482 1471 s.
508 1431 706 1477 Flavina,
735 1431 807 1468 du-

90 1491 187 1528 dum
206 1505 227 1529 e
243 1491 376 1529 medio
399 1491 566 1528 sublata.
594 1491 715 1526 Illons
738 1491 809 1526 So-

90 1557 200 1586 racte
238 1548 318 1600 (cf.
343 1549 416 1586 inf.
453 1549 533 1594 XI,
568 1548 649 1595 785
669 1546 808 1598 sqq.)‚

90 1610 220 1645 Lacus
256 1606 451 1644 Ciminius
481 1618 574 1642 cum
605 1613 742 1642 monte
769 1613 809 1641 et

90 1665 193 1702 saltu
212 1665 385 1704 Ciminio
409 1678 430 1701 e
446 1665 531 1701 Liv.
550 1666 631 1708 IX,
651 1663 718 1709 36,
739 1663 806 1710 37,

90 1731 209 1770 noto,
233 1735 344 1760 nunc
363 1724 476 1774 Lago
492 1721 538 1758 di
557 1720 654 1758 Vico
673 1720 803 1772 (nam,

91 1782 225 1832 inquit
245 1783 439 1831 Pompon.
466 1779 556 1818 Sab.
576 1779 680 1825 illic,
700 1779 809 1829 oppi-

93 1838 229 1875 dulum
262 1851 388 1888 nuper
418 1838 591 1875 dirutum
630 1838 810 1888 appella-

93 1896 210 1934 batur
225 1895 342 1932 ‘vicus
364 1895 556 1948 Cimini),
577 1903 615 1931 et
637 1897 749 1946 Lago
767 1893 813 1931 di

93 1952 380 2006 Ronczgrlione;
411 1952 650 2002 tandemque
682 1954 809 2002 Cape-

96 2027 174 2057 na,
213 2011 372 2050 Faliscis
411 2011 678 2056 contermina,
718 2023 810 2047 cum

93 2072 181 2108 luco
205 2069 388 2108 Feronia»
417 2071 460 2106 in
491 2082 584 2121 agro
614 2068 811 2119 Capenate

92 2130 182 2167 sito.
206 2142 244 2165 v.
270 2130 354 2166 Liv.
385 2129 547 2173 XXVI,
572 2129 702 2173 11;1,
733 2128 807 2173 303

92 2189 264 2237 Dionys,
295 2187 377 2232 111,
409 2186 487 2231 323
519 2185 660 2223 Silium
687 2186 810 2230 XIII,

95 2247 150 2290 84
162 2257 246 2295 sqq.
261 2245 332 2295 qui
349 2244 455 2282 idem
472 2244 607 2281 locum
627 2251 810 2280 nostrum

93 2305 287 2354 expressit
307 2303 380 2342 lib.
405 2304 528 2348 VIII,
554 2316 592 2339 v.
617 2308 694 2352 491
723 2315 808 2352 sqq.

93 2360 216 2412 Quod
232 2370 363 2398 autem
386 2363 538 2411 AEquos
554 2359 734 2397 Faliscos
750 2373 812 2410 ap—

94 2419 237 2472 pellat,
258 2419 304 2456 ad
328 2421 538 2470 antiquum
569 2418 812 2456 Faliscorum

94 2490 245 2515 nomen
277 2486 427 2529 spectat
448 2505 459 2524 ,
483 2478 658 2528 AEquum
686 2475 812 2514 Falis-

97 2549 214 2581 cum;
231 2535 279 2573 ab
296 2537 435 2586 AEquis
450 2537 554 2572 enim
566 2563 576 2581 ‚
594 2534 656 2572 vel
676 2535 813 2584 AEqui-

99 2593 220 2640 culis,
247 2602 286 2631 et
313 2595 503 2646 AEquanis
528 2601 731 2630 traxerant
755 2591 813 2629 illi

99 2653 232 2690 nescio
246 2650 368 2703 quid3
388 2665 426 2690 v.
447 2651 605 2690 Cluver.
626 2650 710 2688 Ital.
731 2659 811 2689 ant.

101 2720 188 2759 pag.
209 2710 289 2748 538
310 2723 362 2747 ex
378 2709 506 2749 Strab.
524 2712 574 2755 V,
593 2723 634 2760 p.
657 2709 739 2754 346
761 2710 811 2746 Α.

103 2766 258 2816 AEquos
302 2766 482 2806 Faliscos
528 2769 646 2806 etiam
696 2767 814 2808 Silius

868 558 971 598 dixit
999 560 1070 597 lib.
1101 562 1227 607 VIII,
1259 569 1356 611 490.
1383 561 1504 613 Quod
1539 565 1588 603 ab

869 620 917 656 iis
929 619 1104 670 populus
1126 621 1355 665 Romanus,
1380 619 1507 658 missis
1525 623 1589 660 de-

869 690 956 715 cem
978 676 1104 723 viris,
1119 676 1217 728 jura
1224 675 1394 728 fetialia
1427 688 1467 716 et
1494 693 1590 717 non-

872 736 987 773 nulla
1009 736 1288 786 supplementa
1313 737 1405 773 XII
1430 737 1590 776 tabula·

871 807 957 830 rum
973 793 1172 844 accepisse
1189 802 1374 831 narratur
1393 807 1414 831 a
1433 797 1571 834 Servio
1583 826 1593 844 ‚

874 861 940 889 aut
958 852 1124 890 omnino
1153 853 1493 900 commentitium,
1525 864 1593 893 aut

871 910 972 947 male
1005 909 1289 961 interpolatum
1323 920 1405 959 est3
1443 914 1593 961 majore

874 968 1004 1005 adhuc
1023 969 1248 1019 corruptela
1266 969 1310 1006 in
1332 971 1557 1022 Pomponio
1583 985 1594 1010 :

875 1027 924 1064 ab
947 1026 1168 1078 AEquiculis
1192 1027 1282 1074 jura
1305 1027 1450 1066 fetialia
1468 1029 1593 1080 petita

873 1099 955 1123 esse
976 1099 996 1122 e
1017 1087 1101 1123 Liv.
1126 1088 1145 1123 I
1158 1113 1169 1132 ‚
1198 1086 1249 1122 32
1273 1096 1447 1134 constat,
1467 1086 1593 1124 idem-

875 1157 953 1195 que
973 1144 1132 1183 Servius
1149 1143 1197 1180 ad
1214 1143 1286 1182 lib.
1304 1146 1344 1182 X
1358 1173 1368 1191 ‚
1386 1159 1425 1184 v.
1453 1153 1504 1190 14
1523 1154 1596 1182 tra-

876 1202 935 1239 dit
960 1216 970 1248 3
1010 1203 1083 1239 etsi
1116 1202 1196 1250 jam
1236 1203 1456 1253 antiquitus
1489 1205 1594 1242 inter

876 1261 972 1298 alios
990 1260 1110 1297 Italiae
1130 1260 1302 1311 populos
1320 1260 1387 1297 illa
1408 1263 1569 1313 viguere
1584 1292 1594 1311 ‚

876 1327 923 1355 ut
941 1320 1046 1355 inter
1063 1317 1262 1363 Albanos,
1291 1331 1312 1355 e
1339 1320 1423 1357 Liv.
1450 1321 1492 1366 Ι,
1516 1329 1567 1365 24
1584 1351 1594 1369 ,

875 1377 980 1413 inter
1000 1376 1211 1422 Samnites,
1231 1388 1252 1412 e
1270 1377 1356 1414 Liv.
1379 1379 1502 1424 VIII,
1526 1380 1593 1428 39.

935 1434 1034 1484 698.
1055 1433 1228 1484 AEquati
1243 1446 1430 1480 numero,
1457 1449 1592 1487 -aequa-

873 1491 982 1529 libus
1003 1492 1198 1539 numeris,
1217 1491 1257 1529 h.
1276 1491 1501 1532 ordinibus.
1522 1497 1594 1533 Ni-

875 1551 949 1586 mis
966 1559 1153 1600 argutum
1176 1559 1253 1596 est,
1275 1551 1368 1600 quia
1387 1554 1593 1602 sequitur:

876 1621 1090 1659 regemque
1112 1608 1334 1656 canebant,
1356 1608 1399 1646 id
1419 1612 1474 1648 sic
1496 1613 1596 1649 acci-

873 1678 988 1716 pere,
1008 1674 1053 1702 ut
1068 1666 1118 1702 sit
1139 1678 1148 1703 :
1168 1666 1280 1704 ibant
1293 1680 1475 1715 numero,
1499 1669 1539 1708 h.
1560 1684 1595 1709 e.

875 1723 925 1760 ad
943 1736 1154 1760 numerum
1171 1753 1181 1771 ‚
1201 1738 1231 1763 s,
1249 1739 1441 1773 numero,
1458 1741 1598 1765 nume-

875 1794 967 1819 roso
980 1783 1138 1818 incessu
1149 1782 1199 1819 ad
1217 1782 1453 1834 rhythmum
1472 1785 1593 1825 facto.

875 1840 1043 1878 Firmari
1064 1838 1226 1889 quidem
1252 1850 1383 1891 potest
1400 1841 1485 1880 haec
1504 1843 1598 1881 alte-

877 1910 919 1934 ra
948 1898 1222 1947 interpretatio
1257 1899 1343 1936 Silii
1374 1900 1598 1939 imitatione

875 1954 947 1992 lib.
984 1955 1068 2000 ΙΠ,
1105 1955 1187 1999 345
1221 1969 1307 2006 sqq.
1345 1956 1453 1995 misit
1491 1958 1598 1996 dives

879 2011 1073 2050 Callaecia
1095 2013 1262 2062 pubem,
1286 2014 1472 2052 Barbara
1491 2029 1598 2055 nunc

868 2069 1016 2120 patn'is
1053 2069 1278 2108 ululantem
1301 2074 1486 2111 carmina
1517 2074 1594 2112 Iin-

872 2128 963 2180 guis
975 2143 991 2173 ;
1026 2129 1146 2165 Nunc
1172 2129 1290 2180 pedis
1324 2131 1480 2170 alterno
1504 2147 1595 2184 per-

877 2199 989 2223 cussa
1023 2186 1190 2225 verbere
1220 2197 1324 2226 terra
1358 2191 1431 2228 Ad
1456 2205 1595 2230 nume-

877 2258 962 2281 rum
999 2257 1159 2282 resonas
1191 2247 1439 2299 gaudentem
1469 2251 1593 2300 plau-

878 2302 972 2340 dere
990 2312 1130 2342 cetras.
1148 2306 1232 2342 Vix
1245 2314 1375 2344 tamen
1391 2317 1458 2346 aut
1477 2309 1598 2347 collo-

879 2362 981 2398 catio
1003 2360 1240 2410 verbmum,
1258 2373 1328 2402 aut
1342 2366 1596 2415 interjectum

879 2418 1032 2470 aequati
1052 2419 1212 2458 alteram
1236 2421 1338 2460 hanc
1360 2425 1596 2476 interpreta-

881 2478 1031 2515 tionem
1050 2476 1221 2516 admittit
1246 2492 1257 2518 :
1284 2491 1443 2532 praestat
1470 2485 1596 2534 prior.

882 2535 1094 2575 Cantantes
1119 2537 1223 2575 inter
1251 2539 1448 2578 incessum
1477 2541 1597 2578 simili

880 2593 1064 2645 exemplo
1085 2594 1251 2634 Sabinos
1275 2601 1466 2648 expressit
1492 2598 1598 2636 idem

880 2652 998 2690 Silius
1019 2651 1090 2691 lib.
1126 2655 1251 2702 VIII,
1288 2663 1370 2700 420
1404 2657 1528 2694 Ibant
1558 2667 1597 2694 et

881 2709 966 2748 laeci
990 2723 1091 2761 pars
1124 2713 1301 2750 Sancum
1333 2727 1438 2752 voce
1473 2728 1594 2752 cane-

881 2767 982 2806 bant
1018 2770 1231 2810 Auctorem
1268 2772 1403 2824 gentis
1441 2773 1456 2824 (
1475 2774 1594 2822 magis

1314 2850 1395 2896 23*
