1767 3054
564 135 640 172 An
671 134 877 172 LIBRUM
906 135 1022 173 vm.
1472 146 1494 183 4
1506 152 1519 176 ι
1534 151 1551 176 t

41 206 246 258 quomodo
261 204 468 246 defendam
483 217 567 243 non
576 205 727 253 habe03
748 207 900 243 etiamsi
912 206 1053 245 dixero
1064 235 1074 254 ‚
1094 206 1198 244 Alba
1219 207 1348 246 diruta
1363 238 1373 256 ‚
1387 213 1558 249 Romam

41 274 212 327 insignia
230 284 515 327 consequntam
546 287 628 311 esse
660 275 904 312 incrementa
918 304 928 323 ‚
950 282 989 312 et
1013 274 1230 312 foeditatem
1249 277 1484 326 spectaculi,
1506 277 1558 315 ad

41 351 225 381 nostrum
235 356 395 382 sensum
406 342 701 380 intolerabilem
712 370 723 389 ‚
742 343 888 394 asperis
906 352 943 381 et
963 342 1206 395 gladiatoriae
1225 356 1372 394 pugnae
1386 343 1557 382 adsuetis

40 412 316 450 Romanorum
338 411 478 448 animis
505 412 638 448 minus
657 410 868 462 displicere
890 412 1082 462 potuisse.
1102 411 1360 463 Religionum
1376 413 1555 460 majestas

39 490 229 517 excusare
243 478 345 517 forte
361 487 490 530 potest
508 478 705 518 Saliorum
723 478 897 530 tripudia
911 508 921 526 ,
939 482 1212 530 Lupercorum
1232 479 1554 527 discumafiones,

39 555 311 586 matronarum
330 561 542 599 pompam3
564 548 607 584 in
629 548 677 585 iis
702 556 833 585 tamen
852 549 972 584 nimis
995 562 1125 598 presse
1157 558 1195 586 et
1219 558 1383 601 anguste
1401 551 1551 587 Home-

36 627 127 652 mm
154 615 363 653 aemulatus
382 629 464 652 esse
488 614 670 662 videtur,
695 616 767 665 qni
794 629 834 653 v,
863 616 944 665 590
980 616 1149 653 chorum
1178 617 1466 669 elegantissime
1495 618 1550 655 es-

34 679 224 724 finxerat.
252 687 440 722 Anserem
470 684 704 722 volitantem
731 685 765 721 si
788 685 1005 731 omisisset,
1032 687 1257 736 argumenti
1279 687 1472 733 majestati
1500 686 1551 724 ad

33 760 218 790 nostrum
237 765 398 790 sensum
418 752 558 789 melius
577 752 855 790 consuluisset.
881 754 1138 803 Intercipitur
1156 766 1281 804 porro
1301 762 1409 792 totus
1433 768 1550 807 argu-

33 821 161 858 menti
190 822 364 860 Romani
392 829 508 858 tenor
530 820 650 858 rebus
668 821 808 857 inferis
832 821 1102 871 interpositis,
1128 823 1201 859 etsi
1224 821 1342 860 video
1357 850 1368 869 ,
1386 824 1486 874 quid
1506 825 1551 862 in

0 928 1 938 γ
33 884 96 924 his
114 889 227 938 seqm·
241 889 419 939 potuerit
435 896 565 938 poeta.
584 887 725 925 Voluit
744 888 847 925 forte
865 888 1044 926 Catilinae
1061 897 1100 926 et
1117 889 1279 927 Catonis
1297 891 1523 928 meminisse
1537 918 1548 938 ,

0 942 1 970 i
35 965 211 1004 quorum
239 955 408 992 alterum
433 956 477 991 in
500 955 638 992 inferis
664 955 856 992 scelerum
879 968 1018 1006 poenas
1046 955 1157 993 luere
1186 969 1258 1007 par
1280 965 1338 994 est
1361 957 1548 1004 credere;

31 1028 73 1058 et
89 1021 272 1058 oratione
291 1021 407 1059 docte
427 1023 573 1059 variata
600 1023 687 1060 loca
707 1031 991 1060 commemorat
1005 1051 1014 1069 ‚
1039 1023 1082 1059 in
1106 1023 1254 1073 quibus
1276 1023 1336 1060 illi
1365 1023 1550 1061 detinen-

30 1095 114 1127 tur.
132 1088 263 1126 Habet
280 1090 453 1140 speciem
481 1090 651 1140 aliquam
666 1118 676 1137 ,
698 1103 775 1127 nec
802 1099 934 1127 tamen
953 1091 1126 1127 multum
1146 1091 1397 1140 probabilem
1411 1120 1422 1138 ‚
1444 1091 1522 1129 hoc
1536 1120 1548 1138 ,

32 1164 79 1194 nt
98 1155 229 1204 dicas,
255 1157 444 1209 delegisse
462 1167 623 1209 poetam
644 1171 687 1195 ea
701 1187 711 1204 ‚
730 1171 903 1209 quorum
922 1158 992 1196 illo
1014 1167 1192 1208 tempore
1211 1160 1321 1210 signa
1343 1161 1487 1210 passim
1508 1168 1548 1197 et

29 1224 186 1276 sculpta
215 1237 292 1262 aere
318 1225 382 1263 vel
415 1238 611 1263 marmore
635 1239 754 1276 opera
785 1229 923 1264 Romae
950 1226 1231 1263 cernebantur.
1251 1228 1311 1263 De
1335 1229 1446 1276 Lupa
1463 1254 1474 1272 ‚
1495 1225 1545 1263 de

29 1291 185 1331 sabinis
201 1294 322 1345 raptis
334 1321 346 1340 ,
369 1293 418 1330 de
438 1293 590 1331 Coclite
604 1323 615 1341 ,
639 1293 688 1331 de
713 1294 851 1332 Cloelia
866 1322 876 1340 ,
898 1294 1053 1331 Manlio
1068 1323 1077 1340 ‚
1100 1302 1138 1331 et
1153 1307 1290 1330 ansere
1306 1307 1448 1331 verum
1467 1294 1544 1331 hoc

29 1371 112 1398 esse
134 1360 236 1398 forte
263 1368 406 1412 potest.
439 1362 503 1398 Fit
532 1374 694 1411 quoque
722 1361 959 1411 probabile,
983 1361 1101 1398 fuisse
1129 1363 1304 1413 Augusti
1327 1370 1475 1412 tropaea
1499 1363 1543 1399 in

29 1425 250 1478 Capitolio,
269 1441 358 1479 quae
377 1429 582 1465 Actiacam
601 1441 778 1480 pugnam
803 1428 1052 1466 exhiberent.

88 1495 242 1532 Inserta
272 1505 330 1533 est
354 1495 524 1547 Virgilio
556 1497 599 1532 in
624 1496 836 1548 Anglicum
859 1509 1080 1534 sermonem
1103 1509 1124 1533 a
1148 1498 1347 1534 VVartono
1378 1497 1544 1548 aliisque

30 1574 225 1600 converso
241 1562 318 1600 sub
338 1571 435 1601 tom.
458 1564 519 1599 111
542 1562 664 1600 finem
681 1562 898 1614 disputatio
916 1564 1070 1615 elegans
1086 1565 1177 1600 Viri
1190 1563 1299 1602 docti
1313 1593 1324 1611 ‚
1348 1567 1412 1602 W.
1433 1564 1544 1602 Whi-

29 1628 201 1675 tekead,
223 1643 344 1682 super
362 1631 440 1668 hoc
458 1631 623 1682 clypeo,
646 1632 690 1668 in
710 1645 791 1682 quo
817 1632 884 1669 ille
904 1634 1127 1683 argumenti
1153 1631 1344 1669 dilectum
1363 1641 1403 1670 et
1421 1635 1543 1671 ratio-

28 1711 123 1737 nem
137 1701 192 1737 ita
216 1707 370 1746 tuetur,
392 1708 439 1736 ut
458 1700 630 1736 civitatis
649 1701 840 1738 Romanae
859 1709 1006 1738 statum
1027 1710 1065 1738 et
1087 1702 1361 1739 conditionem
1376 1701 1470 1739 inde
1490 1701 1541 1739 ab

27 1764 184 1818 origine
216 1780 288 1818 per
317 1768 492 1818 singulas
520 1776 676 1814 aetate5‚
705 1770 903 1819 simulque
932 1783 1133 1806 summum
1165 1783 1289 1820 opum
1312 1770 1537 1820 fastigium,

27 1847 110 1886 quo
125 1834 175 1872 ab
194 1836 379 1884 Augusto
401 1834 468 1871 illa
494 1834 664 1872 adducta
693 1844 774 1882 est,
797 1835 968 1872 describi
988 1836 1117 1881 dicat;
1138 1838 1291 1874 omissis
1311 1845 1442 1874 tamen
1462 1838 1510 1874 iis
1524 1866 1536 1883 ‚

25 1915 117 1955 qnae
136 1904 217 1950 jam
239 1901 334 1938 alibi
353 1910 471 1951 poeta
490 1903 695 1952 attigerat,
714 1915 755 1940 v.
778 1915 812 1940 c.
834 1906 922 1941 AEn.
944 1906 1024 1950 VI,
1052 1905 1133 1951 756
1163 1918 1219 1955 sq.
1246 1906 1439 1954 Expressa
1463 1906 1535 1942 ita·

25 1983 105 2023 qne
134 1984 216 2009 esse
238 1970 349 2007 urbis
367 1969 601 2020 primordia,
642 1978 770 2020 raptas
796 1971 982 2018 Sabinas,
1015 1971 1225 2022 foedusque
1254 1972 1424 2019 factum,
1450 1987 1533 2023 quo

24 2037 200 2079 Curibus
216 2040 258 2075 in
274 2037 414 2075 urbem
428 2039 594 2088 receptis
613 2031 898 2074 incrementum
909 2039 989 2087 jam
1002 2039 1196 2090 insignius
1213 2042 1339 2077 Roma
1354 2041 1506 2092 accepit
1521 2052 1531 2078 :

26 2119 124 2145 mox
141 2105 299 2143 foederis
318 2106 427 2156 rupti
447 2117 607 2155 poenam
625 2106 725 2142 Meti
747 2106 946 2156 supplicio
966 2106 1157 2143 inflictam
1177 2119 1186 2144 :
1206 2106 1427 2144 libertatem
1448 2121 1534 2158 par-

25 2180 106 2212 tam
123 2174 281 2226 regibus
304 2175 438 2222 ejectis
458 2185 467 2210 ε
489 2172 639 2210 bellum
656 2173 855 2210 Gallicum
872 2182 909 2210 et
923 2177 1090 2212 Romam
1109 2183 1350 2225 reparatam;
1371 2176 1530 2226 religio-

24 2253 94 2280 noe
112 2255 184 2293 per
200 2241 344 2287 Salios,
362 2242 563 2291 Lupercos
577 2268 587 2286 ‚
609 2249 648 2277 et
662 2242 867 2278 Mau-onas
884 2240 1100 2278 declaratas
1122 2253 1130 2279 :
1151 2243 1311 2291 pra-mia
1335 2250 1374 2278 et
1392 2255 1530 2292 poenas

24 2309 131 2360 apud
151 2310 299 2347 inferos
321 2320 330 2347 :
354 2307 511 2345 tandem
532 2308 736 2345 Actiacam
748 2309 969 2355 victoriam4
982 2321 1061 2359 qua
1075 2317 1269 2345 terrarum
1287 2308 1377 2346 orbi
1393 2322 1471 2360 pax
1492 2319 1531 2347 et

24 2376 286 2428 tranquillitas
305 2383 429 2427 parta,
441 2384 676 2426 receptaque
697 2389 747 2412 ex
764 2375 956 2413 fluctibus
972 2376 1158 2413 civilibus
1177 2377 1313 2414 civitas
1329 2390 1426 2415 mox
1440 2377 1530 2415 laete

22 2442 224 2491 effloruit,
247 2447 432 2494 Augusto
454 2445 636 2494 principe
655 2455 666 2481 ε
687 2452 731 2480 ut
749 2443 851 2480 illud
871 2445 1067 2494 Propertii
1086 2443 1156 2480 lib.
1177 2445 1262 2490 ΙΙΙ,
1287 2457 1302 2481 1
1316 2458 1331 2482 1
1351 2473 1361 2491 ,
1386 2446 1437 2482 50
1461 2459 1526 2483 ac-

22 2508 279 2551 damaretur:
303 2511 411 2561 Cape
429 2512 557 2548 Roma
576 2509 815 2560 triumphum
828 2539 838 2555 ,
860 2511 912 2546 Ec
925 2510 1086 2561 longum
1103 2511 1285 2561 Augusto
1311 2511 1423 2549 salva
1433 2526 1528 2563 pre·

22 2592 117 2617 care
134 2580 254 2618 diem.
430 2590 446 2601 ³

81 2647 328 2697 Ingeniosam
342 2645 447 2683 hanc
471 2658 553 2682 esse
573 2645 704 2696 clypei
729 2646 1019 2682 enarrationem
1035 2658 1120 2682 non
1139 2658 1265 2696 nego:
1288 2660 1450 2695 vereor,
1475 2662 1526 2686 ne

21 2711 88 2750 illa
107 2713 158 2749 sit
172 2713 290 2750 nimis
304 2714 518 2764 ingeniosa,
537 2725 610 2750 nec
626 2711 780 2748 idoneis
797 2725 930 2748 rerum
946 2714 1186 2764 argumentis
1205 2712 1397 2750 declarata
1413 2726 1423 2752 ε
1443 2727 1526 2751 non

19 2780 130 2818 enim
146 2777 336 2817 dilectum
357 2793 492 2817 rerum
510 2780 715 2831 inclypeo
734 2779 979 2831 sculptarum
994 2781 1049 2817 ita
1071 2781 1300 2819 institutum
1322 2781 1522 2828 videmus,
