1767 3054
198 97 218 135 3
228 96 247 134 8
255 96 278 134 6
784 88 1056 128 EXCURSL‘S
1087 90 1106 126 1

199 182 274 220 que
298 165 431 217 Steph.
456 166 550 215 Byz.
572 162 615 200 in
632 159 750 215 Τροία.
776 175 824 198 ex
849 162 1031 199 Charace.
1058 164 1240 212 Quatuor
1263 174 1284 198 a
1307 164 1403 199 mari
1431 163 1586 213 stadiis,
1612 177 1681 203 seu

198 248 334 286 passus
357 233 591 283 quingentos
623 242 706 266 eam
741 227 881 265 distare
906 229 1124 279 Dionysius
1151 228 1284 277 adjicit
1313 229 1383 267 lib.
1414 233 1456 277 Ι,
1482 231 1554 279 53,
1576 232 1683 270 unde

200 311 304 341 recte
319 301 508 352 Virgilius
531 300 609 335 VII
624 325 634 343 ,
665 296 741 333 158
761 295 912 345 primas
934 295 974 331 in
999 295 1112 332 litore
1136 297 1247 334 sedes
1263 296 1378 335 dixit.
1399 298 1539 337 Strabo
1554 301 1658 336 enim
1673 328 1683 346 ,

199 371 268 421 qui
291 369 359 406 lib.
382 370 444 414 V,
463 379 549 417 pag.
582 377 684 413 229,
716 364 853 400 XXIV
872 361 993 398 stadia
1021 372 1232 410 memorat,
1258 363 1305 400 de
1332 367 1530 403 Laurento
1557 365 1687 416 loqui-

202 447 290 485 tur,
314 449 397 474 non
422 435 469 471 de
489 433 621 480 Trojae
650 432 740 467 situ.
775 428 881 465 conf.
914 428 1072 466 Cluver.
1096 443 1182 482 pag.
1209 431 1312 478 880,
1337 441 1376 469 et
1394 433 1566 482 Vulpius
1592 433 1619 470 1.
1652 445 1685 470 c.

201 518 287 557 pag.
312 511 363 548 4ο
382 515 465 552 sqq.

260 576 385 610 Locus
417 569 483 605 hic
511 580 531 604 a
554 566 734 614 Trojanis
763 570 898 614 captus
925 563 1182 613 munitusque
1202 561 1390 617 (χάρακα
1421 565 1542 604 ἔθεντο
1574 568 1690 604 etiam

193 641 371 689 ,Dion-vs.
395 638 413 673 I
428 664 438 682 ,
474 635 495 672 5
504 634 573 685 3),
597 646 717 683 quem
745 633 779 668 T
777 630 904 681 rojam
925 642 1067 666 novam
1097 631 1295 681 appellant
1321 634 1546 684 scriptores,
1563 643 1620 672 est
1636 635 1688 680 is,

207 718 323 756 quem
346 710 462 754 poeta
484 702 563 738 fere
591 708 805 736 castrorum
832 697 996 734 nomine
1025 710 1068 734 ac
1096 699 1259 735 notione
1280 697 1476 750 designat,
1495 713 1692 750 quemque

206 774 365 810 Tamus
396 776 602 819 oppugnat
629 766 699 803 lib.
725 768 797 803 IX.
825 760 1071 816 Τειχομαχίσι
1092 773 1308 803 castrorum
1332 766 1582 804 Achivorum
1604 779 1693 818 par-

208 848 286 876 tem
310 836 443 874 Iliadis
470 836 674 873 constituit
698 833 966 884 insigniorem.
988 831 1063 870 Sed
1081 834 1194 870 Maro
1214 833 1381 871 similem
1396 847 1570 884 pugnam
1589 834 1696 872 loco-

209 918 299 942 rum
314 907 393 941 situ
413 903 576 939 variavit
592 900 788 950 praeclare.
809 900 846 935 A
864 897 1002 936 dextra
1018 900 1163 935 moem'a
1181 899 1230 935 ad
1253 913 1406 936 amnem
1421 900 1698 954 pertingebant

209 971 319 1022 (IX,
346 970 426 1019 469
453 981 547 1005 nam
572 967 742 1004 desctera
766 964 940 1017 cingitur
961 962 1126 1015 amni),
1150 979 1268 1016 quam
1296 975 1447 1018 partem
1466 969 1625 1004 Turnus
1654 966 1698 1002 in

213 1041 347 1077 castris
369 1040 610 1088 interceptus
637 1036 794 1087 pedisse
822 1033 1023 1085 putandus
1047 1043 1104 1071 est
1123 1034 1185 1086 (v.
1212 1047 1292 1084 790
1317 1037 1469 1071 Turnus
1480 1033 1699 1084 paullatim

213 1108 405 1144 excedere
418 1119 582 1158 pugna,
605 1106 659 1140 Et
662 1102 832 1158 fluvium
839 1111 977 1153 petere
997 1116 1045 1139 ac
1058 1111 1218 1151 partem
1235 1115 1325 1152 quoe
1351 1101 1525 1154 cingitur
1540 1100 1655 1139 amni
1660 1099 1700 1151 );

215 1175 310 1211 inde
331 1176 436 1210 enim
455 1187 494 1210 se
514 1174 557 1208 in
576 1171 753 1209 Tiberim
768 1171 869 1206 saltu
879 1170 1055 1206 immittit
1070 1183 1108 1206 v.
1131 1169 1152 1205 8
1164 1170 1227 1207 15.
1244 1172 1292 1207 In
1311 1171 1496 1220 proximo
1510 1169 1703 1206 subducta

216 1250 298 1279 erat
320 1241 449 1276 classis
477 1239 766 1286 Trojanorum,
792 1249 926 1288 aggere
953 1237 1105 1282 cincta,
1135 1243 1174 1272 et
1195 1235 1321 1273 fluvio
1350 1244 1435 1272 tuta
1458 1237 1541 1282 lx,
1567 1235 1619 1272 68
1644 1249 1704 1285 sq.

223 1309 395 1346 Classem
407 1337 417 1353 ‚
440 1321 528 1358 quoe
545 1304 661 1343 lateri
677 1314 891 1342 castrorum
914 1303 1106 1354 adjuncta
1122 1303 1292 1347 lacebat,
1315 1303 1536 1354 Aggeribus
1551 1312 1707 1354 septam

219 1377 365 1414 circum
390 1385 429 1412 et
432 1372 664 1428 fluvialibus
688 1372 804 1408 undis
828 1370 997 1408 Invadit.
1017 1371 1082 1408 Ab
1100 1371 1219 1407 altera
1238 1379 1347 1421 parte
1365 1383 1470 1408 mare
1489 1379 1592 1418 erat3
1614 1385 1705 1408 nam

213 1454 332 1494 porta
351 1453 569 1480 castrorum
578 1440 771 1491 proxima
787 1448 914 1490 ponto
935 1447 1288 1486 commemoratur,
1301 1441 1361 1477 lx
1375 1467 1384 1485 ,
1408 1441 1502 1477 238.
1525 1441 1576 1478 cf.
1598 1443 1706 1479 Serv.

223 1510 274 1546 ad
290 1523 323 1547 e.
343 1511 370 1546 1.
393 1518 431 1545 et
451 1508 498 1543 ad
514 1511 612 1553 Vll,
636 1510 656 1543 3
669 1520 702 1543 1.
725 1509 817 1542 Erat
837 1514 967 1542 tamen
988 1519 1148 1556 campus
1175 1507 1278 1543 inter
1298 1519 1402 1544 mare
1427 1515 1465 1544 et
1483 1516 1605 1544 castra
1621 1508 1712 1544 satis

224 1585 360 1628 patens
372 1605 382 1622 ,
398 1588 478 1625 quo
490 1573 631 1612 Rutuli
643 1572 801 1609 ordines
820 1572 1035 1621 explicare,
1056 1582 1093 1609 et
1109 1573 1250 1610 urbem
1271 1587 1498 1625 oppugnare
1515 1583 1711 1624 poterant.

224 1645 326 1682 Nam
346 1643 510 1689 Trojani
534 1652 729 1676 murorum
759 1638 800 1674 in
814 1647 932 1688 parte
956 1638 1117 1674 sinistra
1140 1652 1353 1687 opposuere
1378 1640 1505 1676 aciem
1534 1648 1607 1677 etc.
1630 1642 1687 1677 lx
1702 1667 1712 1685 ,

230 1711 324 1755 468.
343 1711 407 1747 Ex
420 1708 498 1744 hoe
514 1707 697 1743 locorum
716 1706 793 1741 situ
812 1708 926 1740 etiam
950 1703 1179 1740 illustranda
1208 1713 1265 1740 est
1288 1706 1374 1743 Nisi
1394 1714 1431 1742 et
1449 1706 1599 1743 Euriali
1621 1719 1717 1744 noc-

228 1787 346 1815 turna
370 1774 578 1826 profectio.
599 1786 639 1809 v,
663 1771 708 1807 ad
731 1770 802 1808 lib.
827 1772 907 1817 IX,
935 1770 1027 1819 195.

288 1845 381 1881 Non
397 1841 514 1890 longe
533 1853 553 1876 a
571 1839 708 1875 castris
726 1837 787 1874 his
801 1866 811 1884 ,
833 1845 871 1874 et
895 1849 914 1872 a
934 1836 1070 1874 Tiberi
1094 1849 1229 1874 versus
1255 1839 1447 1875 orientem
1472 1838 1603 1875 aberat
1619 1841 1721 1876 Lau-

232 1919 402 1953 rentum,
431 1921 478 1945 eo
496 1907 586 1944 loco
610 1907 748 1951 situm,
773 1905 842 1955 qui
861 1917 970 1940 nunc
992 1906 1167 1940 Paterno
1187 1913 1226 1941 et
1249 1907 1367 1942 Torre
1392 1904 1436 1942 di
1455 1908 1630 1942 Paterno
1649 1918 1720 1942 vo—

233 1989 367 2024 catur,
387 1985 434 2014 ut
456 1975 599 2012 docent
618 1974 774 2012 Cluver.
797 1972 883 2009 Ital.
905 1981 985 2009 ant.
1010 1985 1050 2022 p.
1075 1972 1154 2009 883
1170 2000 1181 2019 ,
1203 1981 1241 2009 et
1269 1985 1320 2009 ex
1348 1966 1532 2010 Fabretto
1551 1973 1722 2023 Vulpius

232 2050 323 2084 Vet⁴
355 2048 436 2082 Lat.
466 2052 561 2080 tom.
585 2043 668 2088 VI,
687 2055 728 2091 p.
753 2053 819 2089 29.
840 2042 991 2077 Locum
1016 2041 1055 2077 S.
1076 2041 1257 2076 Lorenzo
1293 2039 1358 2076 alii
1382 2053 1590 2091 perperam
1621 2043 1720 2077 Lau-

235 2115 339 2151 renti
354 2112 514 2163 vestigia
533 2110 675 2147 habere
694 2107 960 2145 crediderunt.
978 2106 1043 2144 Ad
1061 2107 1202 2144 urbem
1218 2109 1447 2146 iter·AEneas
1463 2108 1557 2144 fecit
1574 2110 1724 2160 agmine

241 2182 288 2218 ad
304 2182 448 2218 laevum
461 2207 472 2226 ,
498 2192 518 2215 a
536 2178 814 2229 septemtrione
827 2204 838 2222 ,
864 2174 1158 2221 circumducto,
1182 2189 1253 2226 per
1271 2175 1390 2212 saltus
1413 2184 1451 2212 et
1479 2175 1600 2213 clivos
1619 2174 1727 2212 silvis

239 2249 308 2285 illo
328 2257 504 2297 tempore
525 2246 697 2283 consitos
716 2255 724 2281 :
750 2242 797 2279 de
819 2242 963 2292 quibus
982 2256 1020 2280 v.
1041 2241 1113 2279 inf.
1137 2244 1197 2280 XI
1210 2269 1220 2288 ‚
1245 2242 1324 2279 513
1345 2255 1430 2292 sqq.
1456 2242 1536 2279 522
1555 2254 1639 2291 sqq.
1662 2240 1726 2278 Ad

242 2316 420 2352 dextram
437 2326 573 2350 versus
594 2311 788 2348 litoralem
815 2309 967 2360 plagam
990 2308 1188 2360 aperiebat
1210 2323 1250 2346 se
1274 2322 1504 2360 camporum
1519 2309 1718 2358 planities,

241 2384 284 2417 in
304 2394 378 2430 qua
399 2380 588 2430 equestris
605 2390 736 2430 pugna
753 2377 864 2414 facta.
886 2379 933 2413 In
956 2376 1115 2414 eosdem
1136 2388 1293 2426 campos
1314 2374 1573 2413 descendebat
1591 2386 1728 2425 agmen

246 2446 422 2497 pedestre
434 2474 443 2491 ‚
463 2459 586 2496 quum
605 2444 653 2481 ad
670 2444 809 2480 urbem
825 2445 1157 2494 appropinquaret
1174 2456 1183 2482 :
1203 2447 1263 2482 XI
1276 2471 1288 2490 ,
1306 2445 1453 2493 9030-—
1465 2455 1561 2492 907.
1588 2443 1730 2481 Castris

246 2512 303 2548 ibi
327 2513 462 2561 positis
487 2512 606 2547 altero
628 2509 712 2556 die,
734 2509 879 2546 foedere
904 2518 943 2546 et
971 2510 1181 2547 certamine
1203 2509 1392 2559 singulari
1419 2509 1521 2545 inter
1549 2511 1731 2546 Turnum

247 2588 286 2616 et
313 2581 473 2615 AEneam
503 2578 644 2614 frustra
672 2578 912 2623 constituto,
932 2577 1191 2614 tumultuaria
1224 2576 1405 2612 exoritur
1430 2589 1562 2626 pugna
1583 2587 1592 2613 :
1613 2588 1732 2626 quam

247 2658 373 2696 quum
396 2646 438 2681 in
466 2653 645 2680 neutram
672 2653 824 2694 partem
852 2644 1033 2681 inclinari
1054 2643 1204 2680 videret
1234 2644 1393 2689 AEneaS,
1425 2642 1556 2681 subito
1579 2652 1730 2695 partem

250 2713 443 2752 exercitus
460 2710 507 2746 ad
530 2710 668 2748 urbem
686 2710 992 2761 oppugnandam
1012 2708 1204 2746 admovet.
1229 2707 1405 2746 Tandem
1424 2711 1467 2746 in
1486 2709 1618 2748 eadem
1636 2723 1738 2747 cam-
