1767 3054
193 126 270 167 134

818 122 1061 160 AENEIDOS

187 197 276 243 llic
291 230 303 253 ‚
329 209 447 257 quos
469 193 615 239 durus
637 208 768 238 amor
793 193 974 238 crudeli
1000 193 1108 239 tabe
1130 195 1339 255 peredit,

188 271 369 319 Secreti
394 271 546 316 celant
571 268 730 326 calles,
752 279 797 313 et
817 281 999 329 myrtea
1023 271 1202 315 circum

189 347 319 394 Silva
343 345 480 407 tegit3
507 360 632 389 curae
656 360 751 388 non
774 343 875 405 ipsa
900 344 948 388 in
972 354 1124 390 morte
1148 345 1433 408 relinquunt.

188 424 273 470 His
287 421 532 468 Phaedram
552 419 842 479 Procrinque
862 417 992 476 locis,
1010 432 1314 483 moestamque
1334 423 1608 487 Eriphylen,
1623 436 1685 472 445

186 500 400 547 Crudelis
423 497 519 543 nati
545 505 884 541 monstrantem
902 496 1098 541 volnera
1122 497 1292 555 cernit,

187 574 530 633 Evadnenque,
557 581 602 615 ct
623 569 908 631 Pasiphaen3
934 570 1007 615 his
1032 571 1288 617 Laodamia

186 655 228 697 It
253 666 432 706 comes,
456 659 501 693 et
518 646 704 709 juvenis
731 646 992 707 quondam,
1017 663 1141 692 nunc
1161 647 1356 705 femina,
1380 649 1552 707 Caenis,

119 811 122 813 ’
182 810 288 845 inter
306 808 468 845 feminas
489 818 621 843 amore
643 806 786 842 misero
809 818 902 843 con-

186 875 333 904 sumtas
353 865 542 916 Sychaeus
556 864 732 901 occurrit
750 877 787 900 v.
805 871 852 911 47
864 865 901 900 3.

184 928 339 961 Verum
360 925 442 973 ipse
463 930 579 972 poeta
595 923 729 958 locum
742 935 825 958 non
842 935 903 958 so-

184 984 231 1020 lis
284 982 439 1018 feminis
489 981 774 1029 assignaverat,
811 993 902 1016 nam

185 1053 323 1078 versus
356 1040 410 1075 sic
447 1036 656 1074 exorditur
677 1049 685 1073 ;
705 1036 781 1073 Hic
803 1051 903 1087 quos

187 1099 306 1136 durus
330 1109 446 1132 amor
464 1094 617 1132 crudeli
637 1094 726 1130 tabe
745 1095 905 1144 peredit

186 1170 244 1206 sq.
264 1157 367 1192 Tum
388 1156 421 1190 si
439 1153 501 1190 vel
518 1154 687 1189 maxime
699 1151 776 1189 hoe
794 1154 846 1189 ita
862 1167 902 1189 se

186 1214 351 1251 haberet
364 1240 374 1258 ,
393 1210 518 1248 nolim
552 1219 710 1261 poetam
729 1212 772 1246 in
800 1210 902 1247 ordi-

186 1285 278 1309 nem
315 1282 479 1319 cogere,
507 1277 694 1317 tanquam
722 1267 901 1305 51111510-

186 1331 262 1366 rias
289 1340 423 1364 rerum
465 1334 661 1377 gestarum
700 1325 901 1362 conderet.

187 1390 286 1424 Late
319 1398 414 1422 vero
437 1391 626 1434 patentes
661 1395 820 1432 campos
849 1383 903 1419 fa-

188 1447 264 1490 cit,
285 1456 390 1489 non,
413 1451 459 1479 ut
475 1443 603 1490 intpp.
622 1440 765 1477 volunt
778 1469 787 1487 ‚
807 1441 905 1477 mul-

186 1501 369 1540 titudinis
386 1512 521 1536 caussa
536 1527 545 1544 ‚
560 1511 677 1548 quam
697 1500 904 1548 excepturi

187 1567 306 1605 sunt,
328 1558 396 1595 sed
416 1566 461 1594 ut
487 1556 745 1593 solitudinem
768 1557 811 1592 in
833 1556 899 1600 iis,

189 1630 309 1669 quam
333 1622 542 1666 quaerunt,
567 1612 738 1649 habeant
770 1626 904 1649 aman-

189 1685 330 1713 tes.—-
354 1681 451 1718 442.
481 1673 612 1720 Quas,
638 1669 747 1720 quod
766 1671 904 1707 Heins.

187 1732 352 1784 probat,
393 1729 582 1779 quoniam
618 1727 772 1764 feminae
811 1740 906 1764 mox

190 1795 485 1831 memorantur,
514 1785 665 1822 Zulich.
699 1785 841 1830 habet,
869 1791 908 1820 et

188 1859 342 1898 pronus
360 1857 439 1882 esse
458 1843 610 1880 soletin
624 1841 767 1879 talibus
781 1852 906 1879 error.

188 1908 339 1943 Tamen
379 1902 484 1938 infra
516 1899 705 1950 Sychaeus
744 1912 906 1949 quoque

189 1965 233 2001 in
251 1960 389 1998 iisdem
401 1959 497 1995 locis
518 1958 708 1994 occurrit.
728 1957 844 1994 Dirus
864 1970 903 1995 cz.

192 2023 273 2059 duo
301 2017 407 2069 apud
439 2018 574 2053 Busm.
615 2014 776 2065 Peregit
802 2017 905 2052 Dor-

191 2078 275 2116 vill.
307 2073 481 2127 peremit
508 2072 697 2110 nonnulli
731 2074 831 2111 Pier.
868 2081 906 2110 et

191 2139 408 2174 Burmann.
443 2144 535 2168 cum
581 2129 753 2168 Gothan.
791 2138 900 2177 tert„

171 2193 259 2244 ‘sed
287 2192 377 2229 tabe
400 2187 561 2240 peredit
589 2189 749 2238 proprie
778 2188 908 2235 adjec-

194 2250 454 2294 111111.-443.
472 2245 601 2284 Colles
618 2248 748 2295 Sprot.
763 2254 801 2283 et
811 2248 909 2282 Vra-

189 2308 267 2346 tisl.
290 2320 380 2342 cum
402 2303 524 2342 Goth.
546 2316 623 2343 sec,
637 2304 694 2340 At
712 2311 801 2340 tert.
820 2316 920 2340 cau--

191 2367 259 2403 les.
287 2366 454 2400 Servant
477 2360 596 2397 colles
626 2360 687 2398 ed.
716 2364 818 2399 Ven.
842 2363 909 2398 Se·

194 2429 310 2459 cretoe
334 2420 467 2457 valles
494 2419 597 2465 conj.
631 2420 695 2455 Jo.
721 2418 908 2455 Schrade-

192 2493 278 2525 rUS‚
299 2479 391 2528 quia
415 2475 531 2513 ealles
550 2476 619 2511 vix
637 2475 716 2511 dici
738 2485 908 2524 possunt

193 2537 316 2574 celare
354 2535 545 2584 aliquem,
579 2541 618 2569 et
649 2532 782 2570 laudat
811 2536 905 2572 Stat.

191 2594 286 2633 Silv.
307 2594 368 2629 III
382 2620 391 2638 ‚
417 2604 497 2640 290
536 2590 831 2640 Centaurosque
849 2612 906 2619 —-

193 2663 340 2689 aversoe
367 2649 498 2686 celent
520 2647 653 2684 valles
670 2661 683 2684 .·
703 2647 794 2685 add.
818 2661 905 2698 sup.

194 2723 233 2747 v.
264 2707 367 2753 138,
399 2706 491 2754 139.
522 2705 736 2741 Enimvero
769 2704 909 2742 secreti

194 2765 328 2805 valles
336 2771 430 2802 sunt
444 2762 590 2800 semitae
609 2763 652 2798 in
666 2761 764 2798 locis
779 2775 904 2800 secre-

968 806 1017 841 tis
1031 833 1041 851 ‚
1085 815 1124 842 et
1156 807 1198 842 in
1253 807 1347 856 ipsis
1379 809 1580 857 myrtetis,
1617 822 1688 858 per

968 875 1056 913 quae
1069 872 1240 901 errantes
1254 863 1416 902 Umbrae
1427 864 1528 902 bene
1547 865 1687 902 dicun-

970 929 1036 959 tur
1064 921 1190 958 celari
1217 930 1256 959 et
1278 923 1365 971 ipso
1388 922 1479 960 loco
1497 931 1536 960 et
1553 924 1689 969 semita

969 992 1041 1028 per
1063 993 1154 1016 eum
1175 979 1361 1017 ducente.

1031 1038 1272 1087 445-449,
1294 1037 1404 1074 Alias
1426 1051 1536 1075 nunc
1559 1029 1688 1076 heroi-

969 1107 1038 1130 nas
1055 1095 1259 1146 subjungit
1279 1103 1395 1144 poeta
1421 1105 1459 1133 et
1481 1096 1652 1133 diversas
1669 1110 1688 1133 a

968 1153 1108 1189 11115818
1123 1153 1356 1190 amantibus,
1378 1152 1522 1203 Odyss.
1540 1157 1587 1200 λ,
1605 1156 1682 1192 321

969 1212 1044 1246 ‹1›7.
1036 1204 1139 1262 'Sym
1158 1223 1199 1247 τε
1213 1207 1294 1263 Hpo'
1297 1217 1354 1261 κρ
1350 1223 1377 1247 ,ν
1399 1223 1441 1248 τε
1461 1206 1542 1248 ἴδον
1558 1237 1568 1254 ,
1591 1221 1629 1249 et
1645 1227 1684 1250 v.

971 1267 1109 1321 3257:-
1096 1281 1204 1322 ,uyeff
1188 1281 1250 1309 θην
1272 1270 1306 1304 τ’
1317 1246 1367 1320 ἦρ
1375 1267 1528 1318 ιφυ7ῃν,
1545 1259 1579 1308 li
1598 1282 1688 1322 χρυ-

970 1322 1032 1361 obv
1058 1322 1139 1376 φί7
1130 1338 1167 1362 υ
1193 1321 1330 1378 ἀιὸρὸς
1357 1321 1649 1380 riget-ovim
1652 1342 1689 1365 ν-

970 1395 1034 1421 τσ..
1056 1386 1115 1420 De
1146 1383 1206 1420 his
1237 1385 1422 1422 omnibus
1449 1385 1687 1435 Apollodor.

971 1442 1120 1491 Hygin.
1146 1441 1312 1480 Diodor.
1348 1444 1424 1480 Sic.
1449 1442 1584 1481 Ovidii
1606 1445 1689 1480 Me-

970 1499 1167 1548 tamorph.
1193 1508 1336 1547 proeter
1361 1500 1543 1538 Servium
1567 1500 1614 1537 ad
1645 1500 1686 1538 h.

970 1556 998 1593 l.
1021 1555 1286 1593 consulendos
1309 1570 1389 1594 esse
1418 1565 1464 1593 ut
1483 1570 1689 1604 moneam,

972 1625 1129 1649 necesse
1149 1626 1232 1650 non
1252 1622 1321 1652 est.
1354 1617 1499 1651 Praeter
1523 1615 1614 1653 iUos
1634 1624 1690 1651 ta-

972 1682 1064 1707 men
1081 1683 1325 1720 apponemus
1344 1671 1431 1707 loca
1449 1672 1585 1709 saltem
1599 1672 1691 1709 clas-

972 1728 1063 1763 sica.
1081 1729 1141 1764 De
1154 1727 1340 1764 Procride
1359 1741 1396 1765 v.
1407 1730 1504 1765 Met.
1519 1731 1597 1766 VII
1613 1729 1689 1766 sub

974 1786 1002 1822 f.
1024 1788 1083 1822 De
1099 1784 1290 1835 Eriphyle
1307 1798 1345 1822 v,
1369 1785 1514 1836 Odyss.
1535 1799 1552 1822 0
1569 1814 1579 1832 ‚
1608 1794 1690 1831 244

971 1856 1051 1892 seq.
1073 1846 1167 1881 Stat.
1186 1844 1225 1878 II
1248 1841 1374 1879 Theb.
1401 1855 1482 1892 299
1502 1856 1585 1894 sqq.
1609 1846 1689 1892 IV,

978 1900 1052 1947 187
1073 1914 1158 1950 sqq.
1179 1900 1308 1936 occisa
1324 1899 1373 1936 ab
1393 1900 1622 1939 Alcmaeone
1642 1900 1690 1938 fi-

972 1958 1052 2004 lio,
1079 1959 1171 2007 quia
1200 1965 1352 2007 patrem
1379 1957 1663 2008 Amphiaraum
1679 1988 1690 2006 ‚

973 2024 1136 2065 accepto
1152 2015 1312 2061 monili,
1330 2014 1559 2065 prodiderat
1579 2027 1589 2053 ε
1607 2016 1688 2055 vid.

973 2071 1162 2123 Apollod.
1185 2075 1266 2119 ΙΙΙ,
1290 2073 1330 2120 6,
1351 2085 1398 2118 23
1419 2086 1456 2120 7,
1484 2086 1506 2109 2
1525 2081 1564 2110 et
1583 2074 1630 2119 53
1652 2082 1691 2111 et

974 2130 1021 2168 de
1040 2129 1203 2168 Evadne
1216 2158 1226 2176 ‚
1250 2130 1420 2181 Capanei
1441 2143 1568 2168 uxore
1581 2159 1591 2178 ,
1611 2132 1690 2168 Eu-

973 2190 1048 2238 rip.
1072 2188 1247 2238 Supplic.
1283 2201 1365 2238 990
1397 2201 1504 2238 seqq.
1539 2187 1687 2225 Laoda-

974 2247 1070 2292 mia,
1093 2246 1297 2283 Protesilai
1315 2259 1439 2292 uxor,
1459 2245 1523 2282 vel
1541 2258 1591 2281 ex
1610 2247 1687 2281 Lu·

976 2305 1078 2340 ciani
1094 2305 1182 2340 DD.
1202 2306 1327 2342 Mort.
1350 2312 1390 2340 et
1410 2315 1460 2339 ex
1475 2300 1593 2340 Ovid.
1613 2303 1686 2351 Ep.

973 2363 1075 2400 XIII
1093 2370 1186 2398 nota
1203 2369 1273 2399 est.
1289 2374 1300 2407 ;
1316 2369 1356 2397 et
1378 2360 1426 2396 de
1444 2359 1585 2396 Caeneo
1605 2358 1687 2396 vid.

973 2421 1072 2457 Met.
1085 2420 1167 2457 XII
1185 2417 1302 2457 ovid.
1314 2431 1352 2454 v.
1371 2429 1416 2463 17
1429 2428 1445 2452 1
1468 2416 1685 2465 sq.—445.

973 2478 1156 2513 ffloestam
1170 2503 1180 2522 ‚
1191 2483 1237 2511 ut
1252 2476 1369 2511 Hom.
1383 2470 1582 2526 στυγερὴν,
1597 2473 1636 2511 h.
1651 2487 1687 2512 e.

973 2531 1131 2585 μισητῆν
1143 2560 1153 2579 ,
1173 2531 1392 2582 exprimere
1409 2530 1581 2567 voluerit
1594 2559 1605 2578 ‚
1623 2544 1689 2568 ne-

973 2603 1077 2627 cesse
1104 2601 1187 2626 non
1217 2595 1297 2634 est,
1328 2588 1400 2623 etsi
1425 2585 1608 2642 στυγερὸν
1639 2601 1688 2626 eo

972 2659 1089 2683 sensu
1111 2646 1207 2695 poni
1233 2657 1350 2682 nemo
1377 2645 1489 2682 facile
1515 2644 1685 2683 dubitet.

972 2725 1029 2732 —-
1049 2703 1144 2747 448.
1183 2702 1348 2739 Caeneus
1363 2702 1486 2753 vulgo
1510 2702 1684 2748 lectum;

971 2760 1143 2799 dubitari
1171 2761 1332 2812 nequit,
1368 2759 1496 2799 Caenis
1521 2773 1544 2798 a
1571 2767 1687 2811 poeta
