1767 3054
678 100 831 137 LIBER
863 101 933 134 vl.

1482 114 1555 138 ¹-q

1513 135 1550 147 ad

62 175 311 232 Romulus,
336 171 552 220 Assaraci
572 184 712 231 quem
733 169 973 230 sanguinis
996 169 1083 214 Ilia
1109 182 1257 215 mater

57 249 236 296 Educet
260 268 270 295 ε
294 246 449 293 viden’
470 257 521 291 ut
547 245 744 307 geminae
772 255 894 290 stant
915 243 1094 289 vertice
1119 245 1297 301 cristae,
1499 261 1558 298 τεο

58 326 117 370 Et
138 335 271 385 pater
288 321 388 383 ipse
412 334 498 367 suo
518 335 743 381 superum
763 319 861 381 jam
886 318 1037 380 signat
1059 317 1273 364 honore?

58 401 149 456 En,
178 397 338 459 hujus,
360 405 492 451 nate,
516 394 738 455 auspiciis
753 429 764 450 ,
786 393 863 440 illa
885 394 1060 439 incluta
1081 396 1234 438 Roma

59 471 317 534 Imperium
341 469 502 529 terris,
527 470 707 516 animos
728 468 933 531 aequabit
955 470 1185 531 Olympo,

55 668 224 705 Romam
245 665 401 703 condet.
424 665 498 702 Sed
527 666 594 702 vix
620 664 698 702 hoc
715 665 771 702 lo-

54 723 204 773 quendi
224 737 315 760 usus
338 724 410 760 fert
437 735 446 760 :
466 723 613 760 socium
637 723 772 759 saltem

54 780 231 819 dixisset.
273 802 328 810 ·--
369 794 464 831 779.
501 784 630 831 Quem
662 781 771 819 Rhea

55 839 174 877 Silvia
214 839 384 887 Trojana
432 840 553 889 stirpe
600 838 771 875 oriunda

54 905 173 946 partu
203 895 303 933 edet.
337 896 531 933 Assaraci
552 910 588 933 ν.
617 909 705 946 sup.
730 899 768 942 1,

58 954 153 998 284.
178 954 350 997 Educet,
385 962 429 990 ut
458 952 578 991 modo
600 968 637 991 v.
663 954 767 1000 765,

54 1023 179 1060 quum
205 1010 367 1048 deberet
389 1025 470 1049 esse
503 1024 512 1049 :
544 1013 682 1062 pariet.
712 1033 768 1040 —-

57 1068 153 1115 780.
191 1070 252 1105 En
282 1067 518 1106 bellicosum
554 1070 628 1105 viri
660 1071 767 1119 inge-

54 1126 166 1162 nium
185 1137 195 1163 z
215 1126 324 1175 quod
348 1127 427 1173 jam
459 1139 567 1163 nunc
590 1127 768 1164 militaris

53 1184 131 1219 viri
146 1182 303 1219 habitus
319 1182 452 1233 (galea
472 1183 620 1233 duplici
639 1185 768 1231 crista,

55 1235 219 1290 δίφπιΜν
241 1240 302 1277 vel
323 1235 479 1291 δίλςφεν
500 1240 678 1291 diceres)
705 1241 771 1279 de-

57 1297 191 1335 clarat.
224 1299 356 1341 Scene,
381 1299 479 1342 sint,
501 1306 546 1333 ut
562 1298 656 1336 alibi
673 1312 772 1348 quo-

55 1367 145 1405 que.
185 1376 243 1383 —-
283 1356 379 1402 781.
425 1355 524 1404 Quis
563 1368 613 1392 ex
652 1358 771 1393 variis

54 1411 206 1450 ordinis
238 1412 452 1448 verborum
482 1425 526 1448 ac
556 1426 692 1450 sensus
714 1414 770 1450 fa-

54 1468 184 1507 ciendi
205 1469 333 1506 modis
354 1482 470 1505 verus
490 1470 563 1516 sit,
587 1471 655 1506 vix
673 1470 771 1508 defi-

49 1529 151 1566 nias.
171 1527 330 1565 Servius
350 1527 502 1577 accepit
522 1538 531 1565 :
555 1540 648 1564 eum
663 1541 771 1579 supe-

51 1599 158 1631 rum,
183 1585 326 1631 deum,
358 1594 404 1622 ut
432 1586 542 1622 Mars
568 1595 693 1634 pater
720 1588 770 1625 sit

53 1643 231 1683 Romuli.
264 1644 390 1681 Possit
418 1643 535 1679 etiam
559 1656 629 1679 suo
659 1657 770 1695 supe-

51 1714 139 1738 rum
159 1700 330 1745 honore,
360 1700 403 1737 h.
432 1714 466 1739 e.
492 1700 652 1746 divino,
676 1715 768 1739 eum

50 1760 204 1810 signare
222 1767 333 1810 pater
347 1759 468 1796 Mars.
494 1758 569 1796 Sed
587 1759 770 1809 probabi-

51 1815 130 1852 lius
146 1825 204 1853 est
216 1844 227 1861 ‚
248 1815 359 1866 quod
380 1824 418 1852 et
435 1815 559 1854 Cerda
575 1818 767 1867 sequitur,

54 1874 110 1909 Et
120 1882 242 1922 pater
255 1885 437 1923 superum
451 1901 462 1917 ‚
483 1874 642 1923 Jupiter
654 1902 665 1919 ‚
687 1874 770 1924 ipse

52 1942 142 1967 eum
176 1929 266 1981 jam
307 1929 444 1980 signat
483 1929 633 1967 honore
672 1945 741 1968 suo
754 1947 769 1976 ,-

52 1999 163 2024 nunc
200 1995 330 2023 tamen
360 1987 506 2023 iterum
539 1987 770 2039 ambiguum

49 2052 132 2088 est,
165 2045 266 2080 sitne
293 2042 419 2080 honor
446 2045 579 2090 Jovis,
611 2058 662 2082 an
689 2048 769 2083 Ro-

50 2101 174 2138 muli?
193 2103 294 2138 sitne
310 2101 604 2147 immortalitas,
622 2115 672 2139 an
692 2104 767 2140 viri

50 2158 220 2208 dignitas
239 2167 278 2196 et
299 2160 426 2195 virtus
446 2161 649 2210 corporis?
672 2161 769 2197 Sim-

49 2216 308 2267 plicissimum
322 2215 479 2253 videtur
490 2218 545 2253 sic
561 2218 736 2267 accipere
755 2230 765 2256 z

49 2273 240 2319 videsne,
277 2282 322 2311 ut
352 2275 520 2311 animam
554 2274 766 2324 aliquando

49 2331 92 2368 in
138 2345 284 2383 corpus
324 2331 572 2382 prodituram
608 2334 766 2382 Jupiter

45 2389 125 2437 jam
147 2389 243 2427 hinc
267 2388 401 2426 divina
424 2392 602 2440 corporis
631 2391 766 2437 majes—

49 2454 126 2484 tate
153 2448 411 2497 conspicuam
431 2447 590 2484 reddit?
617 2447 766 2485 scilicet

48 2512 118 2550 ut,
155 2505 199 2542 in
234 2504 518 2542 immortalium
555 2518 766 2542 numerum

48 2574 133 2599 eam
150 2561 364 2612 aliquando
381 2571 583 2613 receptum
602 2563 671 2608 iri,
685 2563 764 2609 jam

47 2631 159 2657 nunc
178 2620 429 2657 manifestum
444 2621 506 2658 sit.
528 2623 595 2658 An
615 2619 765 2670 duplex

49 2677 166 2714 cix-ista
202 2678 246 2714 in
280 2677 388 2729 galea
424 2679 564 2715 Martis
601 2676 765 2727 aliquod

36 2733 247 2783 ‘peculiare
264 2735 417 2787 insigne
433 2735 497 2783 sit,
515 2734 672 2782 dubito,
692 2748 763 2773 nec

838 678 887 701 ex
911 664 998 701 val.
1025 665 1192 702 Maxim.
1219 665 1259 711 1,
1293 664 1314 701 8
1332 693 1342 710 ,
1369 665 1394 702 6
1427 665 1561 702 doct-ri

840 735 953 772 posse
977 731 1089 772 puto.
1115 724 1273 759 Ornant
1299 735 1401 770 una,
1431 724 1535 760 bina⁴
1551 753 1559 765 ,

840 781 973 826 triuae,
998 788 1201 829 quaternae
1232 783 1371 818 cristae.
1398 782 1454 818 At
1478 783 1561 831 ipsa

838 837 946 888 galea
968 847 1230 888 perpetuum,
1259 847 1454 889 quantum
1478 853 1558 875 me-

841 896 964 941 mini,
987 895 1147 933 Romuli
1168 897 1336 947 insigne.

903 954 998 1000 782.
1026 954 1139 989 Nata
1166 967 1222 990 sc.
1251 957 1400 1000 Roma,
1437 967 1458 990 a
1477 956 1559 991 Ro-

836 1010 947 1047 mulo
958 1009 1115 1047 condita
1129 1039 1140 1056 ‚
1155 1011 1264 1048 malit
1284 1013 1556 1055 Burmannus;

835 1082 889 1105 sc.
907 1076 950 1104 ut
970 1067 1123 1119 vulgari
1135 1069 1307 1105 orationi
1325 1070 1489 1119 propior
1508 1070 1560 1105 sit

838 1135 952 1176 poeta
971 1126 986 1161 ‚³
1010 1127 1090 1162 Etsi
1111 1139 1249 1162 verum
1277 1135 1357 1172 est,
1383 1139 1466 1163 non
1489 1126 1559 1162 ali·

839 1191 897 1219 ter
916 1182 1035 1219 verba
1054 1184 1180 1233 accipi
1197 1196 1323 1233 posse.
1338 1184 1431 1222 Non
1451 1185 1556 1220 enim

839 1240 1000 1277 Romuli
1019 1239 1204 1290 auspiciis
1235 1244 1361 1278 Roma
1383 1241 1560 1291 cequavic

838 1296 1045 1347 imperinm
1081 1297 1194 1334 terris
1223 1319 1281 1326 --
1319 1297 1387 1334 sed
1430 1301 1554 1335 Roma

837 1368 927 1404 quas
954 1363 1036 1392 erat
1064 1356 1246 1404 auspiciis
1273 1356 1357 1402 ejus
1380 1355 1553 1393 condita.

837 1414 942 1463 Ergo
967 1411 1081 1463 hujus
1096 1412 1278 1462 auspiciis
1301 1425 1389 1450 non
1404 1411 1555 1449 dictum

838 1478 894 1506 est
910 1498 920 1515 ‚
938 1478 982 1505 ut
997 1496 1006 1514 ‚
1032 1471 1064 1505 si
1088 1469 1258 1518 alicujus
1279 1471 1462 1521 auspiciis
1478 1470 1555 1507 bel-

835 1526 920 1564 lum
937 1528 1019 1578 geri
1036 1526 1207 1575 dicitur3
1227 1527 1296 1566 sed
1311 1526 1491 1580 auspicia
1512 1528 1560 1571 h.

836 1586 862 1623 l.
898 1594 993 1622 sunt
1030 1585 1195 1623 exordia
1231 1587 1370 1634 urbis,
1407 1587 1520 1624 initia
1544 1602 1554 1627 :

835 1656 907 1694 per
940 1643 1026 1680 haec
1063 1644 1189 1694 prima
1226 1645 1340 1682 initia
1374 1644 1486 1682 urbis
1516 1655 1556 1683 et

835 1700 1095 1738 fundamenta
1117 1715 1136 1738 a
1165 1703 1340 1740 Romulo
1366 1703 1479 1749 jacta.
1498 1725 1555 1732 —

840 1759 919 1806 782
935 1781 991 1786 —
1007 1759 1102 1805 788.
1128 1761 1279 1797 Versus
1301 1762 1551 1799 ornatissimi.

837 1817 991 1854 Primus
1014 1817 1092 1864 782
1114 1830 1164 1854 ex
1192 1818 1325 1855 Ennio
1344 1817 1555 1854 translatus

837 1873 944 1923 apud
960 1873 1099 1911 Isidor.
1121 1877 1287 1920 XVIII,
1326 1887 1361 1912 1.
1378 1896 1436 1905 -—
1458 1876 1552 1922 783.

837 1932 980 1966 Annos
1002 1933 1105 1978 conj.
1128 1934 1411 1978 Heumannus;
1447 1945 1555 1970 nem·

836 2001 886 2037 pe
904 1988 996 2037 quia
1029 1997 1174 2025 aeterna
1195 1991 1321 2026 Roma
1341 1988 1457 2026 dicta.
1476 1990 1554 2028 Sed

837 2058 975 2094 parum
1009 2058 1128 2082 suave
1158 2053 1215 2082 est
1242 2046 1345 2083 illud
1376 2058 1387 2083 τ
1423 2059 1554 2084 annos

836 2115 998 2152 (equare
1019 2103 1209 2152 Olympo,
1232 2110 1278 2140 ut
1295 2116 1346 2140 ne
1365 2104 1442 2140 nisi
1459 2117 1552 2141 cum

833 2160 919 2209 ipso
937 2159 1037 2196 coelo
1054 2168 1200 2209 pereat.
1214 2162 1461 2212 Famamque
1475 2175 1552 2200 me-

833 2216 908 2254 lius
928 2219 952 2254 J
956 2230 993 2254 ο.
1007 2217 1211 2255 Schrader.
1228 2220 1285 2256 At
1303 2218 1460 2256 animos
1478 2220 1552 2257 cel-

833 2287 895 2311 sos
920 2283 957 2311 et
985 2273 1059 2311 diis
1085 2276 1234 2313 virtute
1251 2288 1365 2326 pares
1379 2275 1524 2315 habere
1539 2306 1550 2323 ‚

833 2344 909 2382 qua
934 2331 982 2368 ad
1004 2332 1151 2370 coelum
1181 2333 1351 2372 educant
1376 2346 1548 2380 nomen,

832 2403 1018 2441 generosa
1051 2403 1113 2428 res
1143 2399 1213 2429 est.
1232 2412 1291 2420 —-
1311 2394 1442 2442 Quam
1473 2406 1550 2430 ma-

832 2446 973 2498 gnifice
1008 2461 1082 2498 pro
1097 2476 1108 2491 ‚
1153 2447 1350 2487 condetur
1385 2453 1513 2488 Roma
1539 2453 1546 2486 ἵ

834 2506 1049 2555 Imperium
1066 2505 1115 2543 ad
1131 2513 1324 2544 terrarum
1342 2505 1442 2544 fines
1458 2521 1549 2558 pro-

833 2563 954 2608 feret,
986 2564 1134 2601 virtute
1160 2573 1200 2603 et
1229 2566 1547 2615 magnanimitate

830 2620 1033 2670 superabit
1062 2634 1199 2659 omnes
1234 2622 1432 2660 mortales.
1464 2623 1547 2660 Ob-

830 2678 940 2715 vium
958 2677 1053 2724 hoc,
1084 2687 1122 2716 et
1140 2679 1280 2717 similia
1300 2682 1436 2718 Romae
1448 2693 1548 2730 prae-

829 2736 942 2777 conia
955 2735 1062 2790 apud
1075 2745 1225 2776 veteres
1236 2739 1431 2791 congessit
1449 2737 1546 2774 mul-
