1767 3054
731 121 887 159 LIBER
918 121 1009 157 VII.

1543 123 1625 160 213

127 201 416 261 Moliturque
440 197 617 251 locum,
641 192 915 254 primasque
935 189 983 234 in
1010 189 1149 238 litore
1172 191 1326 248 sedes,

124 279 396 323 Castrorum
421 271 469 317 in
490 284 693 327 morem,
715 266 872 329 pinnis
894 276 1037 328 atque
1061 281 1232 328 aggere
1256 267 1414 330 cingit.

124 356 323 412 Jamque
346 348 436 394 iter
460 344 660 402 emensi,
687 354 841 389 turres
866 357 921 388 ac
945 352 1071 388 tecta
1093 343 1374 389 Latinorum

1569 355 1626 384 160

125 426 288 473 Ardua
307 422 564 470 cernebant
583 422 805 484 juvenes,
830 434 1065 480 muroque
1090 417 1331 465 subibant.

123 505 246 547 Ante
271 497 438 544 urbem
462 496 600 559 pueri
626 506 672 541 et
697 496 928 558 primaevo
953 493 1072 538 flore
1090 494 1341 557 juventus,

124 577 419 621 Exercentur
440 572 598 635 equis,
619 571 946 633 domitantque
969 571 1018 616 in
1036 570 1233 633 pulvere
1255 585 1445 627 currus3

124 654 222 696 Aut
240 650 360 696 acris
385 648 581 694 tendunt
606 665 766 704 arcus,
792 658 873 693 aut
897 646 1024 692 lenta
1048 646 1235 693 lacertis

127 725 320 788 Spicula
340 733 678 786 contorquent,
700 738 938 785 cursuque
958 722 1153 784 ictuque
1173 722 1406 769 lacessunt
1428 739 1437 764 :

1573 732 1631 762 165

128 804 290 857 Quum
316 810 578 862 praevectus
604 813 728 860 equo
749 798 953 860 longaevi
976 800 1100 860 regis
1124 799 1184 844 ad
1209 799 1336 845 auris

128 875 334 921 Nuntius
357 874 558 936 ingentis
582 873 744 936 ignota
766 873 816 919 in
835 882 965 921 veste
990 883 1205 935 reportat

122 1047 182 1098 jce
205 1054 263 1084 cst
281 1058 290 1083 :
311 1059 382 1083 seu
406 1046 526 1097 Troja
545 1059 647 1083 nova
662 1074 672 1091 ,
695 1058 716 1082 a
737 1055 848 1098 parte

130 1105 268 1142 dextra
285 1105 463 1143 Tiberim
490 1105 758 1155 praecingens,
787 1105 850 1142 ad-

131 1163 326 1200 stantibus
361 1162 652 1213 subductisque
682 1175 702 1199 a
737 1172 849 1214 tergo

133 1220 324 1266 navibus,
361 1232 382 1257 a
413 1222 570 1257 sinistra
603 1233 765 1271 campus
800 1221 850 1258 ad

132 1291 239 1316 mare
269 1279 497 1330 pertingens
525 1290 535 1316 :
570 1279 613 1314 in
640 1291 722 1329 quo
748 1279 850 1316 infra

132 1336 158 1374 1.
180 1338 265 1382 IX,
295 1336 492 1382 Rutulos,
524 1337 594 1386 qui
619 1345 742 1372 castra
775 1349 848 1387 op-

130 1402 337 1444 pugnant,
366 1395 582 1430 consistere
607 1393 846 1431 videbimus.

133 1473 191 1479 --
217 1451 311 1488 158.
341 1450 511 1487 Dlolieur
534 1450 688 1497 Iocum,
710 1453 850 1501 exqui-

132 1511 205 1545 site
235 1509 396 1558 poetico
430 1521 565 1554 more,
605 1521 681 1558 pro
715 1509 851 1546 moliri

131 1574 232 1603 tecta
262 1567 304 1602 in
330 1565 447 1612 loco,
482 1565 523 1603 h.
553 1574 780 1612 exstruere,
806 1575 851 1603 ut

130 1637 217 1675 sup.
254 1636 356 1662 vers.
392 1635 468 1671 1²7
508 1631 548 1660 et
583 1636 665 1673 290
695 1623 848 1661 dictum

131 1690 227 1719 erat.
252 1681 412 1718 Primas
438 1681 573 1728 sedes,
604 1682 676 1719 int.
701 1683 744 1719 in
768 1683 849 1732 pri-

130 1752 195 1776 ma
210 1739 338 1776 litoris
356 1748 480 1790 parte.
500 1738 655 1776 Pinnas
670 1752 744 1790 pro
762 1753 849 1777 mu-

130 1798 198 1843 ris,
217 1805 256 1834 et
275 1810 465 1849 aggerem
485 1811 561 1848 pro
586 1798 688 1834 vallo
701 1827 712 1842 ,
737 1797 849 1847 quod

132 1852 273 1890 fossam
294 1855 343 1891 ab
360 1856 551 1892 interiore
572 1863 683 1905 parte
700 1856 846 1902 ambit,

132 1910 247 1948 dixit.

198 1969 290 2006 160.
328 1968 514 2006 Emensis
541 1969 648 2008 Gud.
668 1982 688 2007 a
708 1983 759 2007 m.
784 1983 847 2020 pr.

134 2028 189 2063 Et
220 2034 326 2062 tecta
357 2026 474 2064 mult-i
504 2028 605 2065 Pier.
638 2035 677 2064 et
710 2029 846 2065 Heius.

134 2083 276 2120 Latini
305 2083 456 2122 Medic,
488 2097 580 2121 cum
611 2085 696 2122 aliis
723 2084 848 2135 pluri-

132 2143 206 2178 mis
220 2170 230 2186 ,
252 2142 297 2179 it.
316 2141 415 2180 Edd.
436 2142 603 2180 Mediol.
628 2142 781 2180 Ald.·et
796 2142 845 2180 al.

132 2200 367 2238 Latinos-un
402 2213 485 2238 non
512 2201 589 2238 nisi
614 2200 780 2239 Mentel.
810 2209 848 2238 et

131 2258 290 2309 Menag.
328 2271 419 2294 cum
456 2258 687 2296 recentibus
720 2257 849 2295 tribus

130 2316 350 2353 Burmanni
392 2315 607 2363 exhibent,
637 2318 734 2354 item
763 2315 850 2353 bini

131 2387 151 2410 e
168 2373 291 2411 Goth.
312 2373 387 2411 Sed
410 2376 679 2412 auctoritatem
697 2375 850 2425 gravio-

131 2445 216 2469 rem
234 2431 331 2469 dant
353 2431 423 2470 lib.
444 2434 545 2470 Pier.
557 2460 568 2479 ‚
587 2435 697 2471 Serv.
714 2441 754 2470 et
771 2433 847 2470 As-

131 2502 203 2540 per
231 2490 533 2529 Grammaticus.
567 2493 686 2528 Tecta
709 2491 847 2528 domo-

132 2560 219 2584 rum
245 2548 308 2587 ed.
340 2550 443 2588 Ven.
474 2563 525 2586 ex
549 2549 575 2587 1.
596 2552 701 2596 XII,
740 2551 816 2587 132
836 2577 847 2595 ‚

132 2606 268 2645 Burm.
288 2629 348 2636 -—
370 2608 462 2646 161.
492 2609 706 2658 stIurosque
730 2610 848 2646 Rom.

131 2675 193 2712 pr.
206 2665 374 2704 Mentel.
392 2673 432 2703 et
447 2679 522 2716 pro
534 2679 616 2703 var.
635 2667 724 2703 lect.
740 2665 847 2704 Leid.

133 2732 225 2758 cum
243 2724 360 2761 Witt.
388 2723 463 2762 Sed
491 2724 689 2776 vulgatam
715 2723 849 2760 defen-

133 2775 191 2816 dit
229 2782 449 2819 Arusianus
488 2783 672 2821 Messius.
710 2783 760 2820 Et
793 2790 849 2820 est

916 1046 1100 1092 doctius,
1146 1044 1277 1083 subire
1313 1054 1440 1092 tecto,
1486 1057 1605 1095 quam
1620 1073 1633 1092 ‚

914 1114 1071 1142 tectum.
1099 1104 1248 1142 Contra
1264 1103 1472 1145 succedere
1489 1112 1635 1140 tectum

916 1161 1075 1199 doctius
1116 1175 1235 1212 quam
1278 1170 1393 1199 tecto.
1441 1162 1636 1211 stluroque

908 1221 1190 1271 propinquant
1214 1220 1323 1258 Gud.
1344 1233 1419 1270 pro
1435 1231 1518 1257 var.
1541 1219 1635 1257 lect.

917 1300 974 1308 —-
1010 1278 1251 1316 162—165.
1293 1277 1360 1315 Ad
1393 1280 1637 1314 Laurentum

916 1336 1058 1373 urbem
1077 1337 1192 1371 missa
1206 1336 1379 1386 legatio.
1400 1336 1493 1373 Non
1516 1334 1638 1372 modo

917 1397 1108 1432 Romanae
1144 1393 1296 1430 militiae
1342 1405 1476 1437 more,
1526 1392 1638 1444 quod

916 1453 1077 1489 Servius
1107 1459 1246 1502 putat,
1276 1450 1343 1488 sed
1375 1451 1518 1488 Graeco
1537 1463 1637 1500 quo-

916 1522 995 1559 que
1015 1518 1054 1546 et
1069 1511 1235 1547 omnino
1261 1511 1403 1560 priscae
1420 1511 1512 1546 vitae
1531 1509 1611 1545 ritu
1626 1538 1636 1554 ‚

915 1575 962 1603 ut
990 1567 1035 1604 in
1064 1567 1156 1605 loco
1178 1567 1344 1605 Hesiodi
1363 1566 1498 1619 (Scut.
1527 1566 1608 1603 285
1624 1595 1636 1612 ‚

918 1625 1000 1662 286
1019 1623 1059 1676 ),
1099 1633 1191 1663 ante
1225 1625 1370 1663 urbem
1406 1626 1451 1661 in
1489 1625 1637 1674 campis

914 1691 1075 1720 exercet
1093 1696 1134 1721 se
1164 1697 1284 1721 cursu
1311 1696 1356 1721 ae
1382 1682 1489 1719 ludit
1518 1684 1637 1719 armis

910 1741 1102 1789 juventus
1118 1741 1284 1780 urbana.
1303 1745 1422 1780 Poeta
1439 1748 1572 1777 autem
1588 1753 1638 1776 eo

915 1811 1028 1836 more
1051 1801 1206 1850 egregie
1231 1813 1328 1836 usus
1355 1806 1437 1844 est,
1470 1806 1515 1834 ut
1545 1809 1636 1834 sua-

916 1869 1006 1893 vem
1030 1858 1297 1895 narrationem
1317 1857 1476 1893 faceret.
1496 1854 1638 1891 Domi-

917 1921 1008 1950 tanc
1026 1927 1183 1959 currus,
1206 1927 1281 1964 pro
1301 1914 1414 1965 equis
1431 1911 1636 1962 jugalibus

916 1979 961 2007 ut
980 1971 1074 2008 alibi
1088 1971 1131 2009 hi
1150 1984 1226 2022 pro
1247 1971 1326 2008 illis
1339 2000 1350 2018 ‚
1382 1978 1482 2008 noto
1501 1978 1637 2020 poeta-

916 2041 1007 2065 rum
1028 2041 1151 2066 more.
1172 2028 1357 2079 Spicula,
1386 2029 1460 2066 int.
1476 2027 1609 2075 jacula
1623 2056 1633 2073 ‚

915 2093 954 2122 et
973 2086 1180 2136 epitheton
1206 2087 1318 2124 lenta
1348 2086 1397 2124 ad
1430 2085 1635 2122 materiem

915 2143 1030 2182 refer.
1062 2146 1303 2189 Lac-essunt,
1342 2144 1540 2194 exquisite
1557 2155 1634 2194 pro
1687 2159 1696 2167 -

914 2201 1188 2249 contendunt,
1224 2210 1377 2240 certant
1404 2213 1414 2239 :
1452 2199 1631 2252 quando-

913 2259 1076 2310 quidem
1109 2269 1330 2310 provocant
1361 2272 1403 2297 se
1436 2267 1476 2296 et
1509 2259 1633 2296 Iaces-

915 2327 1025 2363 sunt,
1048 2319 1119 2368 qui
1134 2326 1327 2369 pugnant.
1340 2339 1400 2348 —
1416 2311 1510 2356 16'6.
1534 2318 1630 2354 Tum

913 2376 1066 2426 aliquot
1088 2378 1189 2414 Pier.
1211 2380 1433 2414 Praeveccus
1457 2389 1510 2413 ex
1529 2376 1630 2413 Pier.

915 2442 953 2471 et
986 2435 1068 2471 suis
1099 2436 1250 2486 recepit
1287 2437 1449 2482 Heius„
1477 2440 1525 2470 ut
1555 2434 1630 2479 sit,

915 2499 1005 2529 ante
1031 2493 1227 2542 Trojanos
1248 2493 1391 2531 urbem
1416 2493 1599 2529 invectus
1621 2503 1630 2528 ε

916 2549 1140 2600 utproeire,
1159 2551 1403 2602 proecedere.
1422 2551 1504 2589 Cur
1523 2549 1630 2586 enim

914 2616 1043 2658 poetae
1072 2622 1155 2648 non
1184 2610 1301 2648 licuit
1325 2619 1430 2646 nova
1452 2618 1550 2644 voce
1572 2606 1630 2642 uti

917 2666 965 2702 ad
990 2666 1206 2720 analogiam
1225 2667 1322 2704 facta
1338 2667 1356 2703 P
1373 2665 1454 2704 AJii
1469 2664 1604 2714 legunt
1621 2675 1630 2698 :

910 2734 1117 2774 provectus
1129 2753 1140 2770 ‚
1163 2724 1274 2777 quod
1292 2724 1436 2762 frustra
1453 2719 1631 2759 defendit

915 2783 1050 2820 Eum.
