1767 3054
673 141 828 182 mmm
860 143 972 180 vm.
1497 147 1575 196 317

75 215 307 262 AEneadas
328 227 546 275 magnos»,
572 222 619 258 et
642 212 803 259 nobile
829 215 1133 260 Pallanteum.

73 291 196 336 Hinc
223 290 380 335 lucum
405 287 669 348 ingentem,
695 304 837 350 quem
864 289 1095 334 Romulus
1123 303 1231 334 acer
1255 291 1453 352 Asylum

71 364 291 420 Rettulit,
317 371 363 408 et
384 361 538 424 gelida
559 374 790 410 monstrat
814 363 903 410 sub
929 379 1048 427 rupe
1073 366 1307 427 Lupercal
1327 402 1339 426 ‚

70 437 320 484 Parrhasio
345 436 524 482 dictum
548 439 700 484 Panos
725 437 783 484 de
807 454 940 485 more
962 439 1135 500 Lycaei.

69 515 170 559 Nec
193 527 288 557 non
313 524 360 558 ct
384 511 504 558 sacri
530 523 761 559 monstrat
784 529 950 559 nemus
975 514 1196 576 Argileti,
1516 531 1574 568 345

69 590 386 648 Testaturque
408 587 589 645 locum,
612 599 659 633 ct
682 588 829 634 letum
854 587 993 634 docet
1017 587 1219 649 hospitis
1242 589 1372 653 Argi.

68 661 193 708 Hinc
217 660 276 706 ad
300 661 549 723 Tarpeiam
575 661 734 708 sedem
759 673 805 708 ct
829 661 1062 724 Capitolia
1087 662 1241 722 ducit,

68 738 227 781 Aurea
252 752 400 792 nunc,
426 736 538 781 olim
564 735 859 783 silvestribus
882 735 1078 783 horrida
1105 736 1274 784 dumis.

66 815 171 858 Jam
196 822 297 857 tum
318 811 502 873 relligio
526 811 726 873 pavidos
749 811 958 858 terrebat
983 812 1177 874 agrestis

66 887 184 933 Dira
206 886 320 945 loci3
340 888 438 949 jam
465 897 564 933 tum
586 886 751 934 silvam
775 903 1037 951 saxumque
1059 887 1338 936 tremebant.
1510 902 1570 934 350

68 1054 187 1094 Ovid.
206 1057 307 1093 Fast.
328 1057 367 1101 1,
385 1055 465 1102 475
484 1068 569 1104 sqq.
592 1055 674 1091 515
693 1069 779 1103 sqq.

67 1115 247 1164 Propert.
267 1114 339 1158 IV,
365 1125 378 1148 1
402 1121 440 1149 et
459 1113 538 1159 jam
558 1111 708 1148 Tibull.
726 1112 780 1157 II,

71 1170 118 1215 5,
153 1184 200 1219 19
231 1183 310 1219 sq.,
346 1169 413 1206 ille
445 1182 495 1206 ex
521 1180 611 1214 sua,
635 1167 701 1204 hic
732 1181 782 1205 ex

66 1227 230 1279 Sib5llae
248 1239 430 1277 persona.
446 1226 702 1263 Pallanteum
717 1228 782 1264 Pa-

66 1285 221 1328 latium.
243 1285 294 1322 cf.
314 1297 402 1334 sup.
425 1298 463 1320 v.
481 1285 546 1327 54.

129 1344 371 1387 342-344,
389 1344 597 1378 Lucum—
612 1341 781 1390 Asylum

70 1401 121 1440 cf.
154 1402 238 1439 Liv.
274 1402 315 1446 I,
351 1400 373 1435 8
390 1413 400 1445 ;
436 1401 606 1450 Diony-⁵.
636 1401 688 1437 11.
716 1413 730 1436 1
743 1401 778 1438 5.

70 1458 236 1496 Rettulit
251 1467 308 1495 est
321 1486 332 1505 ,
354 1457 578 1508 appellavit.
599 1457 705 1495 Male
717 1458 783 1494 ali-

70 1524 131 1554 ter
153 1517 312 1554 Servius
330 1524 369 1553 et
388 1515 465 1552 alii.
486 1514 687 1564 Lupercal
705 1515 781 1552 sub

66 1582 203 1611 monte
242 1573 441 1619 Palatino,
471 1573 522 1611 cf.
547 1574 631 1610 Liv.
652 1574 696 1619 Ι,
724 1573 777 1620 5;

65 1633 235 1683 Dionys.
266 1633 309 1677 I,
344 1632 590 1675 itm—344.
626 1633 782 1668 Parna-

66 1689 123 1728 sio
133 1693 250 1728 Rom.
263 1689 313 1726 de
327 1698 459 1726 monte
468 1691 596 1741 Bigot.
609 1697 647 1725 et
656 1688 778 1726 Goth.

68 1755 158 1785 tert.
172 1748 314 1797 Sicque
325 1746 633 1784 emendabatJO.
648 1746 780 1785 Schra-

66 1805 165 1850 der„
184 1805 312 1841 fundo
333 1804 619 1842 emendationis
633 1804 675 1840 in
688 1805 781 1842 Ovi-

848 1055 1062 1104 Lupercal,
1100 1069 1247 1092 nomen
1283 1069 1421 1106 gerens
1455 1059 1570 1097 Panis

848 1112 1005 1162 Lycaei,
1038 1114 1151 1161 quasi
1168 1115 1200 1149 is
1220 1126 1241 1149 a
1261 1112 1373 1156 λύκος
1387 1141 1396 1159 ,
1423 1115 1536 1165 lupus
1549 1146 1562 1162 ,

851 1169 983 1206 dictus
1018 1171 1068 1206 sit
1088 1182 1097 1207 :
1118 1183 1240 1220 prava
1276 1172 1565 1211 nonnullorum

850 1227 1108 1278 etymologia:
1121 1241 1248 1277 quum
1262 1229 1392 1265 verius
1406 1229 1454 1266 31)
1468 1231 1569 1269 urbe

850 1293 888 1321 et
900 1293 1034 1322 monte
1046 1285 1229 1322 Arcadjae
1243 1289 1387 1336 Lycaeo
1400 1286 1567 1326 ductum

849 1343 899 1378 sit
911 1355 1071 1380 nomen.
1088 1345 1150 1380 De
1161 1357 1266 1381 more
1280 1344 1509 1392 Parrhasio,
1523 1346 1564 1386 h.

849 1400 1060 1446 Arcadico;
1069 1400 1117 1437 ad
1127 1414 1174 1438 ex
1180 1402 1354 1451 emplum
1363 1404 1479 1439 Panis
1494 1407 1566 1455 Ly-

849 1458 921 1494 caei
938 1459 1100 1495 nomine
1113 1458 1162 1495 ab
1184 1458 1409 1496 Arcadibus
1426 1460 1563 1500 ducto.

908 1516 991 1560 345
1002 1543 1012 1561 ,
1031 1516 1126 1559 346.
1143 1517 1296 1554 Nemus
1306 1516 1481 1567 Argileti
1489 1519 1565 1557 sub

848 1572 1066 1623 Capitolio,
1084 1582 1130 1610 ut
1149 1573 1296 1612 docent
1318 1577 1500 1614 Donatus
1524 1587 1563 1615 et

848 1630 913 1667 alii
931 1640 1112 1668 auctores
1135 1631 1183 1668 de
1196 1632 1296 1669 urbe
1315 1635 1454 1671 Roma.
1477 1637 1566 1672 Tes-

847 1697 958 1724 tatur
982 1689 1112 1739 simpl.
1138 1703 1212 1740 pro
1232 1699 1438 1728 monstrat.
1463 1693 1565 1730 Hos-

838 1745 938 1796 pitis
955 1746 1060 1797 Argi
1069 1761 1086 1791 ,·
1104 1747 1306 1797 adoptavit
1326 1757 1442 1797 poeta
1460 1758 1565 1787 vete-

847 1816 931 1840 rem
965 1803 1139 1840 fabulam
1168 1805 1217 1841 de
1247 1807 1357 1855 Argo
1388 1804 1562 1855 hospitio

68 1862 135 1899 dio
151 1863 340 1912 quaesito:
362 1864 459 1899 Fast.
482 1863 535 1906 11,
562 1862 659 1906 423,
677 1859 786 1910 Quid
849 1861 898 1897 31)
917 1859 1102 1897 Evandro
1119 1870 1290 1911 excepto
1309 1889 1319 1906 ,
1351 1870 1412 1908 et,
1439 1876 1486 1900 eo
1506 1865 1563 1901 in-

67 1928 184 1957 vecac
217 1917 394 1955 Arcadio
421 1918 558 1954 ductos
594 1931 620 1953 a
647 1925 780 1954 monte

68 1979 265 2027 Lupercos
286 1980 307 2012 ,ἃ
335 1978 498 2013 Faunus
522 1975 563 2011 in
599 1974 780 2012 Arcadia

67 2034 217 2084 templa
242 2035 406 2082 Lycoeus
434 2031 564 2069 habet.
589 2033 648 2068 Ita
677 2033 779 2070 erit:

69 2091 268 2142 Lupercal
287 2091 430 2127 dictum
446 2090 495 2126 de
508 2098 642 2126 monte
655 2088 782 2126 Panis

67 2152 99 2187 L
93 2148 201 2198 ycaei
214 2148 428 2186 Parrhasio
442 2163 456 2191 ;
473 2160 563 2198 quae
578 2159 661 2184 non
678 2146 781 2184 bene

67 2207 327 2245 conveniunt.
355 2209 454 2243 Sane
481 2214 654 2242 montem
678 2207 780 2241 Par-

67 2264 238 2301 rhasium
281 2273 394 2314 putes
433 2276 518 2299 esse
554 2261 699 2300 debere
732 2259 775 2298 τὸ

67 2320 150 2375 ὅρος
188 2319 421 2375 Παῤῥαίσιον.
461 2321 517 2358 At
555 2332 665 2356 nunc
706 2320 781 2356 erit

67 2379 217 2417 dictum
240 2394 314 2431 pro
331 2377 543 2416 Arcadico.
566 2375 687 2425 Lycei
702 2389 781 2412 ma-

65 2437 104 2475 le
141 2450 335 2475 excusum
372 2450 393 2473 a
429 2438 670 2472 Burmanno.
709 2435 778 2471 Est

66 2494 162 2532 urbs
196 2494 378 2533 Arcadiae
421 2491 578 2530 Λύκαια
618 2500 657 2529 et
694 2487 778 2543 ὅρος

67 2551 234 2590 Λύκαιον
248 2581 259 2599 ,
281 2552 372 2589 vide
389 2551 452 2588 vel
468 2554 634 2588 Pausan.
651 2549 752 2585 VIII
765 2577 776 2595 ,

70 2619 162 2647 γει
192 2611 260 2649 38.
291 2610 348 2648 At
385 2607 428 2646 τὸ
467 2606 626 2645 Λύκειον
656 2605 774 2657 (scil.

68 2663 164 2719 ἱερὸν
187 2666 203 2718 )
230 2669 274 2704 in
309 2679 392 2718 qno
426 2666 675 2718 gymnasium
693 2691 704 2709 ,
739 2671 778 2700 et

68 2720 305 2776 περίπατος,
335 2723 524 2769 Athenis,
554 2731 594 2760 et
628 2720 777 2772 Apollo

67 2779 218 2826 Λύκιος.
237 2804 296 2812 —-
320 2780 476 2820 Dictum
495 2784 628 2821 Panos
645 2777 780 2828 Lycaei

846 1919 942 1963 scio,
956 1917 1006 1954 ab
1017 1917 1243 1955 Arcadibus
1257 1932 1370 1957 caeso.
1385 1921 1484 1968 Quis
1495 1921 1562 1960 ille

847 1974 981 2021 fuerit,
994 1976 1101 2012 xaria
1116 1985 1197 2012 erat
1216 1976 1329 2013 fama.
1350 1991 1364 2012 x
1377 1976 1429 2014 id.
1451 1980 1560 2017 Serv.

907 2033 986 2080 347
998 2048 1057 2060 -·-
1069 2034 1164 2077 354.
1130 2040 1143 2061 f
1184 2035 1313 2070 Locus
1329 2033 1562 2083 splendidus

848 2088 896 2126 de
917 2090 1134 2140 Capitolio,
1152 2092 1194 2127 in
1212 2103 1294 2140 quo
1309 2089 1352 2127 τὸ
1372 2091 1561 2143 εὐφαντα-

847 2142 983 2190 σιῶὃες
1007 2148 1050 2183 in
1075 2149 1196 2198 signis
1219 2148 1363 2185 Futurae
1386 2151 1561 2197 majesta-

847 2205 896 2240 tis
915 2204 1024 2242 loci
1014 2217 1055 2240 m
1075 2213 1236 2254 promtu
1256 2213 1313 2241 est
1329 2209 1487 2246 sentire.
1502 2230 1560 2237 ——

849 2262 946 2306 348.
973 2264 1109 2298 Aurea
1131 2276 1259 2306 nunc,
1286 2262 1392 2301 olim.
1414 2266 1558 2303 Similis

847 2320 1088 2369 comparatio
1116 2328 1338 2370 temporum
1359 2330 1398 2358 et
1421 2322 1559 2360 condi-

846 2377 966 2413 tionis
985 2378 1027 2413 in
1046 2377 1242 2428 Capitolio
1262 2380 1404 2428 saepius
1421 2393 1559 2418 occur·

845 2434 910 2471 rit.
924 2447 961 2471 v.
979 2433 1065 2471 loca
1082 2447 1145 2485 ap.
1165 2434 1354 2482 Cerdam3
1375 2437 1558 2487 inprimis

845 2493 1024 2541 Propert.
1046 2493 1116 2538 IV,
1147 2505 1163 2529 1
1185 2501 1225 2530 et
1248 2492 1396 2531 Tibull.
1418 2497 1478 2541 II,
1507 2497 1529 2533 5
1545 2525 1556 2542 ,

848 2548 899 2585 23
933 2562 1019 2599 sqq.
1052 2556 1135 2586 tum
1166 2558 1205 2587 et
1234 2551 1278 2587 in
1315 2550 1400 2587 aliis
1434 2553 1554 2590 [rbis

843 2606 1046 2656 partibus,
1066 2615 1110 2643 ut
1127 2607 1199 2645 inf.
1221 2608 1324 2654 360,
1352 2610 1447 2647 36ι.
1470 2612 1553 2646 Au-

843 2676 913 2699 rea
939 2663 1168 2715 simpliciter
1193 2678 1274 2702 esse
1300 2666 1427 2704 multo
1457 2680 1555 2704 auro

843 2727 981 2758 ornata
992 2749 1003 2769 ,
1024 2734 1144 2760 nemo
1160 2721 1328 2760 dubitet.
1350 2726 1413 2761 Sic
1430 2737 1553 2760 aurea

843 2779 983 2818 Roma.
1013 2801 1072 2810 —
1107 2780 1204 2819 350.
1239 2779 1362 2828 Dira,
1383 2793 1520 2832 magna
1539 2808 1549 2827 ‚

1295 2858 1316 2875 ἡ

1231 2874 1288 2916 ²7
