1767 3054
206 135 286 170 QZw

830 131 946 168 AENE
954 131 1070 167 [Dos

195 211 309 252 Tam
336 219 469 251 saevae
493 204 657 260 facies,
685 214 753 249 tot
775 203 970 265 pullulat
996 215 1096 248 atra
1123 201 1356 247 colubris!

196 284 350 337 Quam
372 284 495 325 Juno
520 278 592 324 his
617 278 742 324 acuit
761 277 942 333 verbis,
969 293 1022 321 ac
1046 277 1155 322 talia
1182 277 1307 322 satur
1328 294 1338 320 :

1631 288 1690 318 330

198 380 214 396 «
243 359 381 402 Hunc
404 354 519 400 mihi
544 354 603 400 da
622 353 890 416 proprium,
913 352 1048 413 virgo
1068 363 1166 398 sata
1188 356 1362 408 Nocte,
1387 350 1624 410 laborem,

198 433 330 476 Hanc
356 444 548 489 operam
563 463 574 483 ,
599 444 657 472 ne
681 439 841 472 noster
865 425 1014 471 honos
1038 426 1296 472 infractave
1317 426 1450 473 cedat
1657 414 1663 425 ¹

197 506 339 550 Fama
361 502 488 559 loco,
512 518 602 547 neu
629 498 877 546 connubiis
903 498 1082 545 ambire
1107 500 1324 546 Latinum

197 716 235 739 v.
249 701 320 737 lib.
336 700 410 745 XI,
433 697 516 743 645
533 710 618 749 sqq.
638 698 712 734 Tot
725 709 808 734 sese
826 709 915 734 ven

196 758 247 796 tic
269 757 308 794 in
333 770 405 793 ora
419 785 429 804 ‚
454 756 502 793 ad
522 755 825 792 declarationem
847 756 914 792 τοῦ

197 824 415 852 monstrum
451 814 648 864 pertinere
677 812 913 863 putandum.

196 875 280 912 Nec
292 872 426 909 vultus
442 872 696 915 mutationes,
712 883 787 920 pro
804 872 915 908 vario

195 931 339 967 mentis
361 928 503 966 habitu
535 941 576 965 ac
605 940 741 973 sensu3
761 941 853 964 nam
873 927 914 965 id

194 988 312 1025 nimis
340 995 459 1024 tenue
478 986 598 1033 foret;
618 998 691 1022 nec
721 986 764 1022 in
787 986 912 1022 varias

192 1045 342 1095 species
358 1051 396 1080 et
417 1042 561 1095 figuras
579 1051 775 1080 mutatum
792 1055 835 1080 os
851 1056 913 1080 ve-

192 1103 265 1139 lim
295 1101 538 1153 intelligere3
566 1100 683 1151 (nam
718 1100 760 1136 id
785 1101 913 1137 Furiis

191 1173 278 1197 non
296 1161 495 1210 praecipua
515 1158 644 1208 aliqua
662 1159 813 1195 ratione
834 1158 913 1195 sol-

193 1217 311 1254 lenne
329 1225 405 1263 est;
423 1218 495 1253 etsi
510 1228 634 1252 novas
653 1215 794 1252 formas
810 1228 913 1252 assu-

193 1287 301 1311 mere
343 1275 481 1312 Furias
535 1272 708 1309 dubitari
749 1274 913 1322 nequit;

193 1331 304 1382 quod
320 1333 362 1368 in
380 1331 420 1369 h.
441 1331 469 1368 l.
486 1343 647 1381 quoque
664 1330 804 1367 Alecto
820 1329 915 1366 facit

193 1389 266 1427 inf.
297 1403 332 1426 v.
361 1389 466 1435 415,
494 1388 567 1425 ubi
595 1390 780 1425 Turnum
809 1386 913 1433 adit,

195 1447 237 1482 in
257 1446 394 1484 vulcus
409 1459 491 1483 sese
511 1444 774 1496 transformat
787 1444 916 1481 aniles

194 1513 268 1541 etc.
283 1504 346 1540 Fit
361 1503 530 1552 Calybe;
544 1511 582 1540 et
598 1502 764 1539 similem
781 1502 916 1539 formae

196 1563 458 1598 mutationem
473 1559 625 1596 videbis
637 1572 697 1608 ap.
711 1558 914 1596 claudian.

198 1621 243 1655 in
265 1619 358 1656 Rus.
381 1620 420 1664 I,
444 1618 523 1661 134
544 1625 617 1654 etc.
637 1625 675 1652 et
691 1615 830 1652 Silium
848 1617 887 1651 II
905 1644 915 1661 ‚

202 1677 283 1713 553
306 1689 363 1726 sq.
378 1675 416 1725 );
439 1674 564 1711 sedin
585 1683 642 1710 coc
662 1686 754 1718 ora,
774 1686 825 1710 sc.
846 1686 918 1709 ειε-

200 1747 247 1770 va
262 1762 273 1777 ,
297 1733 341 1769 in
373 1740 432 1769 tot
449 1731 670 1769 horrendos
698 1730 832 1766 vultus
845 1758 855 1776 ,
873 1738 920 1766 ut

197 1791 301 1828 hene
319 1793 512 1839 Pompon.
540 1789 725 1839 exponit,
746 1788 789 1823 in
809 1787 919 1824 terri-

184 1849 299 1886 »biles
316 1860 359 1883 ac
378 1848 551 1883 minaces
568 1847 647 1882 oris
668 1844 825 1881 habitus
839 1873 849 1890 ,
870 1857 921 1881 ex

201 1919 249 1944 eo
264 1933 274 1951 ,
293 1904 404 1955 quod
433 1904 645 1953 subjicitur
661 1931 671 1948 ‚
698 1904 797 1939 Tam
822 1901 921 1945 dirce

192 1962 339 2015 facies,
354 1965 462 2013 Saepe
481 1963 586 1998 enim
605 1962 660 1998 sic
678 1959 849 2010 epitheta
870 1972 920 1996 ex

201 2034 308 2071 seqq.
333 2019 565 2057 retrahenda
589 2026 682 2056 sunt
707 2017 756 2053 ad
774 2019 918 2068 priora.

204 2079 340 2117 Solent
381 2078 530 2114 scilicet
566 2077 763 2126 Erinnyes
796 2076 921 2111 varias

204 2137 282 2173 oris
303 2136 452 2185 species
475 2143 514 2172 et
541 2134 673 2170 vultus
696 2132 745 2170 ad
773 2141 921 2169 terren-

205 2193 302 2230 dum
332 2193 499 2230 idoneos
528 2204 680 2229 sumere
694 2218 704 2236 ,
724 2199 770 2227 ut
788 2189 858 2227 inf.
883 2203 921 2227 V.

207 2258 285 2298 447
301 2279 310 2295 ,
333 2263 459 2300 quum
489 2252 651 2288 Turnus
679 2248 924 2298 obtempera-

205 2321 247 2343 re
270 2307 407 2345 nollet.
429 2309 476 2344 In
495 2307 606 2343 hunc
625 2318 782 2343 sensum
799 2302 924 2342 αἰολῡ-

207 2361 374 2416 μόρφους
407 2377 468 2400 eas
508 2364 586 2400 dici
619 2363 791 2400 arbitror
818 2362 924 2413 apud

208 2422 414 2471 Orpheum
433 2423 483 2458 H.
497 2423 667 2458 LXVIII
680 2448 690 2466 ‚
713 2421 750 2457 8.
770 2421 851 2459 Nec
870 2419 925 2456 di-

207 2492 366 2515 versum
396 2487 474 2524 est,
505 2478 613 2528 quod
635 2479 706 2516 Ge.
735 2479 819 2523 III,
843 2478 922 2514 553

210 2535 426 2585 Tisiphone
439 2556 496 2562 ——-
514 2538 640 2585 Inque
663 2535 747 2572 dies
767 2535 925 2571 avidum

209 2604 370 2644 surgens
379 2601 498 2640 caput
509 2592 627 2628 altius
639 2591 765 2643 effirc.
783 2592 925 2629 Pluton

202 2658 345 2699 pater,
367 2662 404 2685 v,
423 2650 517 2695 327,
532 2651 650 2686 sensit
663 2663 752 2686 cum
765 2649 925 2698 Orpheo

211 2720 244 2743 e.
259 2707 285 2744 l.
300 2695 424 2744 Ᾰΐδεω
444 2704 603 2754 χθόνιαι,
619 2702 779 2758 φοβεραὶ
799 2703 923 2758 κόραι.

211 2786 269 2792 —-
293 2765 387 2826 3‘29.
409 2764 536 2813 Quam
557 2776 588 2803 s.
609 2766 721 2800 Voss.
739 2777 799 2813 pr.
822 2772 879 2799 tot
894 2776 924 2800 s.

980 696 1133 747 aliquot
1151 697 1285 735 Burm.
1303 699 1350 735 Ρ.
1377 710 1447 735 ora
1465 712 1498 736 ι’.
1515 698 1694 750 plerique

981 756 1083 793 Pier.
1108 755 1203 791 item
1235 757 1365 805 Sprot.
1396 763 1434 792 et
1464 756 1585 795 Goth.
1616 771 1693 796 sec.

980 811 1161 850 Placebat
1185 813 1349 850 Heinsio
1363 840 1374 859 ,
1397 815 1530 851 nescio
1549 828 1670 865 quare
1684 844 1694 863 ,

979 882 1108 919 quum
1145 882 1216 906 ora
1249 883 1299 907 ex
1338 871 1541 921 superiore
1577 885 1697 910 versu

980 926 1110 963 adhuc
1139 929 1225 965 auri
1245 928 1426 965 insideat.
1452 928 1632 966 Pollulat
1657 938 1697 967 et

979 983 1143 1021 colobrz's
1171 985 1289 1022 scrib.
1320 988 1436 1023 Rom,
1467 993 1505 1023 et
1528 986 1615 1033 alii,
1645 1000 1696 1024 ex

976 1044 1301 1092 pronuntiatione
1327 1043 1459 1079 saeculi
1484 1045 1545 1080 sui
1569 1055 1580 1081 τ
1607 1056 1697 1093 quae

978 1102 1064 1150 ipsa
1082 1112 1143 1136 res
1166 1099 1457 1137 dubitationem
1479 1101 1604 1138 facere
1623 1114 1695 1151 po-

979 1165 1055 1194 test
1067 1184 1077 1203 ,
1112 1170 1162 1194 an
1194 1170 1333 1194 verum
1367 1159 1416 1195 sit
1429 1186 1439 1204 ,
1465 1158 1574 1208 quod
1605 1171 1694 1195 nar-

979 1224 1087 1261 rant,
1106 1215 1264 1266 Virgilii
1293 1227 1377 1252 aevo
1400 1224 1439 1252 et
1464 1216 1694 1266 antiquiori-

979 1271 1055 1308 bus
1080 1273 1288 1322 proprium
1310 1272 1352 1309 id
1378 1272 1496 1309 fuisse
1509 1300 1520 1319 ,
1539 1281 1586 1309 ut
1603 1286 1695 1323 pro·

979 1330 1210 1366 nuntiarent
1226 1338 1411 1374 vortunt,
1427 1330 1572 1381 volgus
1584 1358 1594 1378 ,
1611 1331 1697 1368 vol-

982 1399 1074 1430 nus,
1103 1394 1142 1423 et
1160 1385 1230 1424 inf.
1251 1400 1291 1425 v,
1319 1388 1399 1437 399
1417 1396 1578 1426 corvom.

1041 1445 1282 1488 330—340.
1301 1444 1443 1489 Acuic,
1463 1458 1553 1482 cum
1576 1442 1697 1483 dilec-

982 1509 1027 1537 tu
1041 1528 1050 1546 ,
1063 1514 1138 1551 pro
1154 1501 1389 1552 alloquitur,
1406 1501 1600 1540 hortatur.
1617 1505 1655 1536 V
1653 1502 1700 1540 ir*

981 1570 1034 1608 go
1050 1567 1139 1594 sata
1152 1560 1279 1595 Nocte
1291 1559 1396 1596 conf.
1411 1560 1471 1595 VI
1483 1587 1494 1605 ‚
1509 1560 1605 1598 250.
1623 1562 1697 1598 Eu-

983 1615 1160 1651 menides
1182 1611 1243 1652 ἀεὶ
1271 1613 1479 1667 παρθένους
1503 1630 1608 1666 esse,
1627 1631 1698 1655 no-

985 1679 1022 1708 ta
1048 1685 1121 1710 res,
1157 1673 1208 1711 cf.
1240 1673 1280 1710 h.
1316 1673 1344 1710 l.
1379 1674 1583 1712 Guell.—-
1601 1676 1697 1713 331.

985 1730 1102 1766 Nunc
1115 1729 1196 1767 duo
1207 1731 1342 1768 Heius.
1358 1730 1552 1768 Laborum
1565 1735 1699 1778 Rom.‚

987 1786 1099 1836 quod
1127 1787 1275 1824 durum
1305 1788 1406 1824 foret
1426 1801 1435 1826 :
1459 1787 1563 1826 hunc
1590 1790 1700 1827 labo-

987 1857 1086 1882 rum.
1097 1866 1154 1872 —
1165 1846 1279 1881 Hunc
1291 1843 1389 1881 mihi
1403 1845 1456 1881 da
1466 1846 1672 1896 proprium
1684 1862 1700 1892 ;

986 1914 1061 1953 pro
1082 1901 1261 1952 vulgari:
1289 1902 1487 1952 singulare
1506 1902 1583 1941 hoc
1605 1905 1702 1942 mihi

986 1967 1124 2010 praesta
1137 1987 1148 2006 ,
1164 1972 1248 1996 mea
1271 1961 1392 2010 gratia
1412 1961 1577 2010 suscipe.
1596 1963 1702 2001 Male

987 2020 1096 2055 Serv.
1121 2017 1246 2054 aliter.
1264 2016 1446 2068 Insracta
1460 2017 1579 2055 cedat
1594 2020 1701 2066 loco,

990 2074 1186 2112 cumulate
1213 2087 1286 2125 pro
1314 2075 1572 2126 infringatur,
1595 2076 1702 2114 labe-

989 2132 1167 2179 factetur,
1182 2132 1441 2179 convellatur3
1454 2132 1608 2182 hocque
1620 2135 1704 2171 vul-

989 2191 1119 2241 garius
1155 2189 1329 2236 diceres,
1358 2191 1626 2229 imminuatur.
1646 2213 1702 2219 -—

993 2249 1089 2285 333.
1103 2249 1197 2285 Non
1217 2261 1250 2286 c.
1265 2249 1368 2286 Ven.
1391 2246 1590 2286 Connubz's
1607 2262 1700 2299 pro-

989 2306 1230 2353 nuntiatum,
1248 2314 1295 2342 ut
1311 2305 1478 2343 alibi.·——
1493 2303 1704 2343 Connubiis

990 2362 1139 2399 ambire
1161 2363 1371 2407 Latinum,
1404 2361 1519 2399 docte
1540 2364 1702 2401 transla-

993 2428 1080 2457 tum
1119 2420 1168 2457 ad
1194 2431 1398 2464 socerum,
1425 2417 1533 2468 quod
1561 2421 1704 2468 puellae

992 2477 1208 2514 debebatur
1220 2489 1231 2514 z
1243 2489 1333 2513 nam
1348 2474 1497 2512 ambire
1509 2477 1702 2526 puellam,

991 2532 1370 2586 eonjugiumpuellae
1380 2559 1391 2576 ‚
1412 2535 1571 2582 propria
1588 2545 1699 2582 sunt;

992 2591 1146 2628 doctius
1159 2618 1170 2637 ,
1187 2589 1337 2627 ambire
1354 2589 1536 2638 puellam
1554 2603 1703 2629 connu-

992 2648 1055 2684 bio
1066 2661 1082 2692 ;
1101 2660 1209 2684 nunc
1226 2648 1355 2697 ipsum
1369 2656 1529 2696 patrem
1539 2650 1703 2698 puellae.

991 2703 1185 2751 Prohibe,
1209 2717 1259 2741 ne
1288 2707 1427 2741 AEneas
1453 2707 1704 2744 matrimonio

989 2763 1176 2812 jungatur
1205 2761 1387 2800 Laviniae,
1417 2761 1558 2799 Aliena
1579 2775 1599 2800 a
1625 2776 1706 2801 ser-
