1767 3054
631 97 783 134 LIBER
816 97 886 132 Vl.

15 173 141 210 donec
174 179 351 223 purgatae
387 168 564 207 fuerint?
594 168 733 218 Itaque

15 231 208 280 suspicari
230 229 323 266 licet
341 239 477 264 versus
496 238 579 262 esse
607 232 733 262 trans-

14 289 241 337 posita-net
261 281 513 322 retrahendos
544 295 620 319 vss.
654 284 733 330 745

15 353 165 391 —747
201 351 290 381 ante
315 342 394 389 743
411 368 421 386 ‚
446 349 492 378 ut
518 353 538 376 a
564 341 735 391 Virgilio

16 415 153 439 versus
175 401 252 438 hoc
271 398 411 437 ordine
433 398 602 449 profecti
625 401 703 435 sint
724 411 734 437 ε

16 468 87 495 uut
106 458 286 495 στω-ἰαυ-
311 455 423 508 igni:
447 458 587 493 Donec
611 456 736 507 longa

15 515 101 552 dies
109 514 289 566 perfecto
313 514 500 564 temporis
519 513 609 551 orbe
630 515 734 552 Cou-

16 581 166 610 cretam
198 571 352 609 exemit
379 571 510 608 labem
529 600 538 614 ‚
571 585 736 621 purum-

14 643 93 681 que
126 629 289 680 reliquie
326 628 548 666 AEtlzerium
577 643 735 666 sensum

15 696 138 738 atque
185 686 304 724 aurai
342 685 533 736 simplicis
588 686 736 736 ignem.

18 744 194 795 Quisque
235 757 324 780 suos
359 744 540 794 patimur
579 746 766 782 Mune-ss

14 803 381 852 Transpositionem
401 814 562 851 quoque
585 801 741 838 admisit

17 868 56 896 et
76 861 226 910 recepit
243 858 383 897 Editor
403 860 633 896 Parmensis.
656 860 740 896 Dif-

15 915 234 954 ficultatem
263 918 306 954 in
330 918 507 953 oratione
531 925 658 966 poetae
685 918 741 952 vi-

16 973 74 1011 dit
93 987 255 1024 quoque
273 973 522 1011 doctissimus
537 975 561 1011 J
565 975 741 1017 ortinus3

18 1030 87 1069 sed
114 1033 185 1068 vix
214 1031 434 1082 expediisse
455 1030 581 1068 videri
610 1039 744 1081 potest

16 1101 106 1140 pag.
144 1089 226 1126 266
250 1102 335 1139 sqq.
375 1090 423 1125 In
458 1089 583 1138 ipsam
612 1096 743 1125 autem

17 1145 304 1197 transponendi
333 1147 527 1183 rationem
562 1142 745 1183 incidisse

18 1205 400 1254 quoqueTrappium
414 1216 522 1240 nunc
531 1202 747 1253 deprehen-

19 1260 74 1298 do
89 1275 99 1307 ;
116 1269 161 1298 ut
174 1269 304 1298 tamen
322 1273 395 1297 nec
409 1258 581 1306 efficiat,
602 1262 646 1297 in
664 1273 745 1310 quo

22 1316 275 1356 conficiendo
306 1318 471 1356 laborat.
509 1319 743 1363 Enimvero,

22 1389 105 1427 quo
131 1378 307 1413 curatius
335 1376 444 1412 hunc
465 1375 602 1412 locum
623 1376 745 1424 inspi-

23 1434 88 1471 cio
101 1461 112 1480 ,
130 1446 178 1471 eo
197 1433 441 1470 manifestius
456 1433 553 1469 mihi
572 1430 619 1468 fit
631 1460 642 1478 ‚
662 1445 746 1468 ver-

22 1503 89 1528 sus
105 1503 188 1528 esse
207 1504 276 1528 seu
293 1503 313 1527 a
331 1498 448 1541 poeta
468 1489 653 1528 nondum
676 1502 744 1527 ex-

21 1548 170 1596 politos
183 1561 258 1584 nec
278 1549 320 1583 in
342 1560 461 1584 suum
480 1560 691 1584 nnmerum
708 1555 747 1584 et

22 1602 205 1641 ordinem
252 1603 454 1650 redactos,
496 1618 586 1652 seu,
636 1604 747 1655 quod

21 1661 153 1699 multo
172 1663 294 1713 magis
312 1661 520 1713 probabile
532 1691 544 1707 ‚
565 1664 747 1713 supposi-

24 1719 132 1756 titios
161 1728 201 1756 et
226 1733 248 1756 e
281 1720 459 1770 margine
486 1720 616 1757 illatos
642 1722 745 1767 743,

29 1782 112 1823 744
140 1775 313 1827 Quisque
339 1789 427 1813 suos
452 1777 635 1827 patimur
655 1779 748 1814 Μα-

26 1844 97 1869 nes
116 1846 131 1868 .·
152 1832 303 1870 exinde
321 1847 398 1884 per
421 1835 598 1884 amplum
625 1834 748 1872 Mitti-

25 1902 116 1926 mur
129 1889 309 1938 Elysium
320 1918 331 1934 ,
348 1899 390 1927 et
398 1891 524 1940 pauci
539 1891 636 1928 Ioeta
653 1905 751 1928 arva

24 1955 217 1985 tenemus.
237 1969 295 1976 —
319 1948 399 1993 743
425 1969 483 1976 -
506 1955 602 1995 744.
642 1948 755 1998 Quis-

24 2017 104 2055 que
126 2017 215 2041 suos
236 2003 420 2055 patimur
448 2006 606 2042 stlaues.
626 2007 750 2042 Vexa-

27 2070 93 2099 tus
126 2061 252 2100 locus.
291 2061 585 2112 Simplicissima
621 2070 749 2099 tamen

26 2126 85 2156 est
109 2120 233 2158 ratio:
253 2121 429 2171 patimur
448 2120 642 2170 supplicia
663 2119 749 2156 haec

27 2189 186 2222 omnes,
199 2189 283 2213 non
304 2175 465 2226 quidem
492 2175 627 2225 quales
639 2188 749 2212 nunc

27 2246 186 2279 sumus,
208 2234 350 2270 animae
376 2234 536 2282 corpori
558 2232 719 2269 inclusae
734 2262 746 2278 ,

27 2290 96 2328 sed
127 2290 265 2342 quoad
288 2289 303 2341 (
316 2286 450 2340 κατὰ)
473 2303 561 2327 suos
588 2288 753 2340 quisque

27 2350 171 2387 Manes
183 2363 200 2394 ,·
233 2360 308 2399 pro
349 2347 501 2399 vulgari
530 2359 539 2385 :
578 2356 752 2384 nostrum

30 2405 207 2443 omnium
235 2407 379 2442 Manes
407 2405 620 2455 patiuntur
632 2419 647 2449 ;
666 2418 751 2442 om·

26 2463 149 2501 nibus
164 2462 353 2501 Manibus
364 2463 437 2500 ista
448 2463 633 2514 patienda
643 2471 750 2501 sunt.

28 2521 132 2559 Nam
157 2521 342 2572 purgatio
367 2521 440 2557 ista
470 2519 677 2557 subeunda
696 2530 754 2558 est

31 2576 233 2615 omnibus.
256 2577 338 2616 Soli
360 2576 410 2614 ad
435 2578 585 2616 inferos
615 2591 753 2628 perve-

34 2635 157 2672 niunt
175 2635 339 2682 Manes3
359 2633 402 2672 hi
426 2643 520 2672 sunt
533 2663 544 2682 ,
567 2637 638 2687 qui
660 2649 754 2686 pur-

33 2699 200 2742 gamul-3
222 2705 292 2743 qm
299 2691 512 2742 patiuntur
519 2721 531 2738 ,
552 2692 594 2731 h.
611 2706 644 2732 e.
658 2693 752 2730 sub-

34 2755 152 2796 eunt,
185 2761 261 2801 pro
294 2762 365 2788 sua
394 2751 590 2803 cujusque
621 2759 752 2804 parte,

1435 115 1446 136 1
1461 116 1476 148 7
1493 115 1505 138 1

800 168 1055 218 purgationes
1072 168 1155 205 illas
1173 177 1461 210 tormentorum
1480 177 1525 210 si-

800 225 924 262 miles.
943 227 1089 263 Firmat
1107 239 1267 276 quoque
1287 228 1386 265 hanc
1406 233 1523 266 ratio-

800 285 916 328 nem,
938 282 980 320 id
999 282 1109 334 quod
1140 297 1222 321 non
1247 284 1431 323 viderunt
1455 291 1522 336 qui

803 339 974 377 eundem
985 341 1120 378 locum
1134 341 1295 379 laudant
1306 371 1316 388 ,
1331 344 1502 393 Apuleiu
1511 361 1525 379 s·

805 398 952 436 Florid.
983 399 1053 435 lib.
1080 400 1144 446 ΙΙ,
1169 413 1256 450 pag.
1294 402 1371 437 231
1408 401 1522 438 Colu.

803 456 852 493 de
877 456 1098 508 Pythagora
1118 469 1127 494 :
1160 457 1431 496 Brachmanae
1454 472 1525 494 uu-

803 522 880 550 tem
911 514 1108 564 pleraque
1136 514 1404 565 philosophice
1443 516 1526 565 ejus

802 571 1082 608 contulemnc:
1114 586 1205 622 quae
1233 573 1425 610 mentium
1456 573 1525 610 do·

802 637 986 666 cumenca
1016 642 1303 681 corporumque
1333 630 1528 667 exercita-

806 695 941 723 menta
954 716 965 732 ,
988 697 1084 737 quoe
1095 698 1236 738 partes
1255 689 1409 734 animi,
1436 699 1532 738 quot

804 743 914 780 vices
949 744 1048 782 vitae
1060 760 1076 790 ,·
1113 759 1203 795 quae
1233 745 1307 783 diis
1342 746 1529 784 Manibus

806 814 880 851 pro
901 803 1043 839 merito
1066 816 1140 840 suo
1165 806 1312 854 cuique
1331 813 1530 840 tormenta

807 859 1076 908 velpraemia.
1102 862 1195 910 Quo
1226 861 1316 898 loco
1351 861 1452 898 nihil
1483 861 1529 897 ad

809 929 891 952 rem
914 915 1098 953 disertius
1116 931 1197 954 esse
1217 927 1359 968 potest.
1389 920 1533 955 Manes

809 986 883 1023 pro
902 973 1104 1023 suppliciis
1118 987 1161 1012 ac
1180 976 1309 1024 poeuis
1330 976 1452 1026 vulgo
1470 989 1532 1012 ac-

811 1032 964 1080 cipiunt
980 1042 1078 1081 :qua
1094 1034 1247 1069 ratione
1258 1041 1324 1068 aut
1342 1033 1532 1083 analogia,

810 1100 894 1125 non
912 1087 1052 1134 vide03
1075 1090 1108 1125 si
1138 1090 1203 1126 vel
1232 1091 1402 1126 maxime
1422 1089 1533 1127 dixe-

812 1158 858 1181 ro
883 1147 1050 1182 :Manes
1071 1145 1150 1183 dici
1180 1160 1254 1197 pro
1282 1146 1534 1192 conditione,

812 1215 890 1252 qua
915 1211 1009 1239 sunt
1027 1205 1187 1249 Manes3
1213 1205 1286 1241 etsi
1320 1205 1375 1241 sic
1407 1209 1534 1242 Auso-

811 1261 901 1296 nius
924 1257 1194 1310 (quamquam
1215 1261 1313 1298 mihi
1341 1275 1423 1299 non
1444 1264 1534 1298 satis

811 1316 1063 1366 exploratum
1100 1317 1204 1368 hoc)
1236 1318 1363 1355 videri
1405 1327 1538 1369 potest

811 1382 850 1410 et
867 1375 950 1424 ipse
977 1375 1259 1426 interpretatus
1279 1388 1360 1412 esse
1374 1404 1384 1422 ,
1409 1378 1536 1413 imita—

811 1439 876 1468 tus
906 1444 1066 1468 versum
1099 1433 1210 1470 hunc
1248 1435 1291 1469 in
1321 1433 1533 1484 Ephemer.

814 1489 863 1535 57
888 1500 897 1526 :
924 1488 959 1525 si
981 1488 1172 1539 poenitet,
1207 1490 1373 1541 altaque
1401 1504 1535 1528 sensus

811 1545 998 1583 Formido
1017 1548 1222 1584 excruciat
1234 1575 1244 1593 ,
1258 1556 1536 1599 tormentaque

811 1616 902 1640 sera
935 1603 1133 1655 gehennoe
1164 1604 1398 1656 Anticipat,
1426 1607 1536 1656 paci-

814 1669 954 1712 turque
971 1675 1061 1698 suos
1082 1675 1193 1700 mens
1216 1663 1355 1700 saucia
1377 1666 1535 1700 inanes.

813 1720 940 1755 Etiam
977 1721 1090 1757 Statii
1121 1733 1281 1757 versum
1295 1748 1306 1767 ,
1328 1721 1399 1758 ubi
1420 1721 1538 1758 Pluto

815 1775 863 1812 ad
883 1777 1169 1827 Amphiaraum
1188 1780 1291 1815 VIII
1305 1806 1315 1824 ,
1336 1779 1389 1822 84
1403 1780 1461 1814 Ac
1473 1778 1542 1814 tibi

816 1846 914 1884 quos
926 1862 938 1878 ,
965 1833 1096 1884 inquit
1108 1862 1118 1880 ‚
1135 1836 1280 1872 Manes
1293 1840 1313 1871 .²
1325 1835 1396 1886 qui
1414 1835 1538 1872 limite

808 1903 991 1940 praeceps
1027 1892 1120 1928 Non
1155 1890 1263 1928 licito
1298 1905 1376 1942 per
1414 1893 1538 1928 inane

815 1947 916 1991 mis,
938 1949 990 1984 ita
1007 1950 1321 1998 interpretantur
1345 1962 1436 1986 cum
1464 1951 1540 1986 Lu-

817 2005 936 2051 tatio,
957 2014 1003 2042 ut
1039 2006 1118 2042 sint
1152 2018 1294 2056 poenae.
1325 2008 1381 2044 At
1410 2015 1539 2056 potest

817 2061 901 2098 aliis
955 2075 1114 2112 quoque
1158 2062 1288 2100 modis
1332 2064 1509 2114 suppleri
1530 2077 1538 2100 ;

816 2132 917 2168 quos
938 2121 1077 2158 Manes
1109 2119 1215 2157 adire
1233 2123 1388 2158 animus
1405 2121 1480 2158 fuit
1498 2123 1541 2157 ti·

816 2175 884 2212 bi?
918 2184 956 2212 et
983 2178 1115 2214 statim
1145 2191 1183 2215 v,
1212 2192 1291 2228 90,
1313 2192 1364 2229 91
1394 2179 1542 2215 sanctis

819 2233 1027 2279 ss!auibus‚
1062 2233 1216 2285 vulgari
1247 2249 1364 2273 sensu
1395 2237 1541 2273 iterum

820 2288 988 2329 dictum.
1025 2293 1173 2329 sanctii
1192 2294 1476 2344 'interpretatio
1499 2295 1541 2329 in

824 2348 1007 2384 Minerva
1023 2361 1063 2400 p.
1087 2349 1190 2396 825,
1210 2350 1308 2396 826,
1330 2359 1391 2397 ut,
1409 2364 1543 2401 quem-

820 2403 1032 2442 admodum
1054 2405 1145 2443 mali
1172 2408 1382 2458 patiuntur
1405 2411 1543 2446 Lemu-

819 2475 880 2499 res
903 2471 942 2500 et
972 2465 1114 2501 Larvas
1143 2477 1283 2502 eorum
1306 2478 1407 2516 quos
1438 2465 1542 2503 laese-

819 2528 916 2556 runt
936 2520 998 2557 vel
1020 2531 1232 2566 necarunt,
1264 2523 1320 2560 sic
1343 2522 1440 2561 boni
1469 2536 1539 2574 pa-

821 2578 970 2614 tiantur
989 2581 1174 2630 proprios
1198 2581 1337 2618 Manes
1350 2608 1361 2627 ,
1381 2589 1539 2618 contor-

822 2643 859 2671 ta
875 2642 944 2672 est.
971 2635 1096 2674 Cerda
1109 2637 1204 2687 pati
1224 2639 1367 2675 inanes
1388 2638 1539 2677 dictum

820 2691 932 2738 vult,
953 2701 1026 2740 nt,
1043 2695 1139 2744 pati
1169 2694 1322 2733 Furias.
1353 2695 1429 2735 Sed
1465 2694 1542 2732 hoc

821 2749 922 2788 nihil
945 2750 1126 2804 expedit,
1155 2765 1230 2792 nec
1261 2754 1295 2792 si
1318 2752 1412 2792 deos
1444 2752 1542 2791 infe-
