1767 3054
132 125 213 151 200

758 118 1002 157 AENEIDOS

133 185 242 230 Urit
265 186 510 235 odoratam
531 200 762 235 nocturna
781 190 828 234 in
851 190 1028 235 lumina
1051 191 1265 251 cedrum,

133 264 316 325 Arguto
341 266 492 312 tenuis
514 281 794 328 percurrens
820 265 1006 327 pectine
1031 266 1157 312 telas.

133 336 257 383 Hinc
277 341 493 386 exaudiri
513 340 737 402 gemitus,
762 340 939 400 iraeque
962 340 1151 387 leonum
1592 349 1630 379 ¹5

134 411 298 459 Vincla
317 427 641 473 recusantum,
667 426 713 460 et
737 430 840 460 sera
863 413 952 460 sub
973 426 1112 461 nocte
1136 415 1414 473 rudentium

134 488 441 552 Saetigeriquc
463 507 590 547 sues,
616 502 757 551 atque
777 490 826 534 in
851 489 1142 552 praesepibus
1166 492 1266 537 ursi

131 563 333 621 Saevire,
359 581 411 610 ac
435 566 598 610 formae
622 580 903 626 magnorum
925 565 1109 611 ululare
1132 565 1374 627 luporum3

133 640 264 694 Quos
286 640 530 686 hominum
555 657 614 686 ex
639 640 759 688 facie
783 640 871 686 dea
895 656 1018 686 saeva
1041 639 1314 703 potentibus
1332 640 1492 687 herbis

133 713 359 762 Induerat
383 717 518 762 Circe
542 716 591 762 in
614 717 770 763 voltus
794 733 847 762 ac
873 728 1004 779 terga
1028 716 1248 762 ferarum.
1592 736 1629 756 20

131 878 175 907 tu
203 871 334 909 Circes
360 882 455 910 nota
478 886 538 910 res
561 887 612 910 ex
635 873 776 925 OdySS.
799 888 822 912 κ
837 902 847 921 ,

132 940 153 963 2
163 941 183 964 2
196 941 210 964 1
227 941 311 980 sqq.
326 959 338 975 ,
359 933 428 980 qui
440 930 559 968 iidem
574 945 710 968 versus
725 946 849 982 quum

129 984 177 1021 de
202 986 373 1038 Calypso
398 1001 558 1039 quoque
589 988 639 1026 ab
672 992 848 1029 Homero

128 1043 248 1092 positi
269 1046 347 1082 sint
369 1046 512 1097 Odyss.
533 1059 548 1084 ε
563 1075 573 1092 ,
596 1047 646 1084 61
663 1076 673 1094 ,
702 1048 754 1084 62
768 1077 777 1095 ,
799 1062 849 1085 ex

130 1099 269 1139 eodem
297 1103 387 1141 loco
407 1118 445 1142 v.
470 1105 518 1153 57
535 1105 656 1142 -61
691 1107 849 1156 repetiit

129 1158 281 1210 reliqua
316 1160 364 1199 de
403 1162 492 1200 foco
525 1171 563 1200 ct
594 1163 642 1200 de
677 1172 846 1203 textura.

127 1218 228 1255 Nam
246 1221 326 1272 Πῦρ
345 1217 412 1272 μὲν
433 1219 494 1257 ἐπ’
515 1218 720 1274 ἐσχαρόφιν
741 1220 848 1276 μέγα

128 1272 285 1323 καίετο,
308 1274 436 1318 τηλόθι
461 1273 499 1315 δ’
517 1273 620 1331 ὀδμὴ
642 1275 792 1332 Κέδρου
813 1283 848 1316 τ’

132 1332 328 1372 εὐκεάτοιο
354 1334 441 1372 θύου
462 1339 497 1373 τ’
518 1333 593 1373 ἀνὰ
616 1339 725 1379 view
751 1332 849 1375 ὁδώ-

130 1387 190 1429 ὃει
227 1392 461 1447 Δαιομένων.
495 1393 544 1432 cf.
580 1395 682 1433 Plin.
722 1397 824 1434 XIII
838 1423 848 1441 ,

135 1450 183 1487 16
199 1479 210 1496 ,
238 1452 304 1489 30.
328 1453 470 1490 Priscae
489 1452 581 1488 vitae
594 1481 604 1499 ,
622 1461 660 1490 et
676 1454 848 1491 Orientis

128 1521 237 1545 nunc
248 1523 429 1560 quoque,
446 1523 677 1547 communes
696 1523 750 1547 eae
769 1511 850 1547 lau-

128 1567 275 1603 tiorum
304 1567 515 1605 hominum
546 1567 697 1605 deliciae
714 1596 724 1614 ,
753 1581 848 1618 quas

127 1624 192 1662 vel
213 1623 411 1662 laxiorum
442 1626 567 1663 nimio
591 1634 687 1663 aestu
706 1639 847 1676 corpo—

129 1695 218 1719 rum
254 1682 413 1720 effluvia
453 1683 616 1721 suadere
655 1693 845 1735 possunt,

128 1749 174 1777 ut
203 1739 430 1779 suffimenta
453 1742 515 1779 vel
542 1742 684 1780 odores
710 1755 848 1780 accen-

128 1797 236 1837 dant.
270 1801 359 1837 Hoc
384 1801 516 1851 itaque
544 1800 590 1837 ad
623 1800 850 1852 Nympham

128 1857 177 1894 ab
201 1859 377 1896 Homero
402 1859 504 1897 bene
523 1857 761 1897 traductum.
783 1861 853 1896 Est

129 1923 258 1953 autem
278 1925 317 1953 et
341 1916 420 1954 hoc
442 1931 492 1954 ex
518 1917 657 1954 eadem
674 1918 776 1965 vita,
799 1925 845 1954 ut

127 1976 258 2026 posito
279 1975 322 2011 in
349 1975 489 2013 mediis
507 1975 661 2013 aedibus
681 1976 772 2013 foco
791 1977 845 2027 ig-

126 2033 189 2070 nis
207 2033 359 2070 lumina
381 2047 451 2084 per
480 2043 640 2071 noctem
657 2034 842 2084 praebeat.

128 2093 190 2129 Sic
208 2105 246 2130 v.
271 2105 306 2129 e.
329 2091 405 2130 Od.
427 2106 467 2139 τ,
488 2092 540 2129 63
557 2120 567 2139 ,
594 2093 648 2137 64
670 2100 709 2128 et
737 2092 842 2130 alibi.

129 2149 343 2201 cf.Goguet
354 2149 540 2202 (Ongine
557 2150 626 2187 des
640 2152 750 2195 Arts,
767 2158 841 2188 etc.

129 2216 156 2245 t.
181 2209 254 2253 ΙΙΙ,
272 2222 311 2258 p.
337 2209 433 2259 391,
452 2218 491 2246 et
507 2217 534 2246 t.
550 2211 582 2255 I,
596 2222 636 2258 p.
658 2206 770 2259 241).
786 2231 844 2236 -

134 2267 198 2303 13.
221 2269 425 2304 IVocturno
453 2267 495 2304 in
524 2266 675 2303 lumine
696 2266 841 2305 Medic.

130 2332 168 2360 et
184 2324 336 2362 Zulich.
353 2338 371 2361 a
385 2338 436 2363 m.
451 2339 527 2362 sec.
541 2353 552 2371 ,
572 2338 660 2375 quae
672 2325 844 2376 vulgaris

130 2389 187 2418 est
222 2383 334 2419 ratio.
347 2404 406 2410 -—
423 2383 509 2420 Urit
529 2382 571 2419 in
602 2382 754 2420 lumina
768 2411 778 2430 ‚
798 2391 845 2420 ut

128 2452 203 2490 pro
219 2438 368 2476 lumine
385 2450 484 2478 esset
497 2469 508 2488 ‚
527 2442 580 2478 ita
602 2438 651 2484 εἰς
663 2469 672 2487 ,
690 2454 763 2492 pro
776 2440 842 2479 ad.

131 2497 278 2533 (tedms
296 2506 425 2533 autem
450 2499 681 2536 Graecorum
703 2508 742 2536 et
763 2501 844 2537 Ro-

127 2567 350 2600 manorum,
365 2563 410 2591 ut
423 2556 501 2602 jam
511 2556 561 2593 ad
582 2557 774 2608 Georgica
785 2558 844 2594 vi-

127 2612 257 2650 dimus
279 2612 350 2649 lib.
381 2614 419 2649 II
433 2640 442 2658 ,
468 2615 548 2657 443
565 2642 574 2660 ,
594 2628 614 2650 e
632 2616 845 2664 Junipero-

127 2684 216 2709 rum
236 2683 376 2722 genere
390 2678 447 2707 est
460 2699 469 2716 ‚
487 2672 602 2707 etiam
619 2672 845 2722 oxycedrus

127 2729 295 2775 dicta;v.
309 2727 503 2766 Bodaeusa
515 2730 643 2778 Stapel
657 2729 704 2765 ad
718 2729 844 2767 Theo-

126 2787 216 2837 phr.
238 2789 294 2835 H,
314 2786 439 2826 Plant.
460 2788 520 2823 111
534 2814 544 2833 ,
571 2800 583 2822 1
597 2799 618 2822 2
632 2814 641 2832 ,
666 2786 736 2823 uhi
753 2788 840 2824 Ico-

917 888 986 912 nes
1023 888 1183 926 quoque
1223 875 1428 920 visuntur,
1469 881 1508 910 et
1545 881 1636 923 post

918 933 1012 970 alios
1047 933 1198 971 Celsius
1226 932 1269 968 in
1295 930 1505 970 Hierobot.
1526 932 1570 968 P.
1589 932 1634 976 Ι,

917 1004 956 1040 p.
982 1005 1030 1038 77
1048 1018 1058 1037 ‚
1080 992 1150 1041 qui
1171 989 1379 1041 diligenter
1395 1003 1417 1026 a
1435 987 1554 1026 cedro
1572 988 1635 1025 Li-

916 1048 1029 1094 bani,
1047 1061 1137 1098 quae
1151 1061 1202 1085 ex
1217 1048 1390 1085 abietino
1407 1059 1550 1097 genere
1563 1053 1632 1091 est,

917 1119 1001 1143 eam
1018 1106 1227 1156 distinguit
1238 1134 1249 1153 ‚
1263 1107 1335 1142 etsi
1345 1118 1396 1142 ne
1407 1106 1463 1142 sic
1474 1102 1636 1155 quidem

916 1165 1007 1202 sau's
1043 1163 1226 1214 expedita
1262 1177 1323 1201 res
1353 1171 1423 1201 est.
1459 1160 1635 1207 Sufficit,

917 1221 1007 1260 θύειν
1023 1251 1033 1270 ,
1055 1220 1138 1260 θύον
1152 1250 1162 1269 ,
1197 1221 1382 1269 cedrum,
1407 1233 1488 1257 esse
1522 1219 1635 1257 aliam

916 1280 1165 1325 orientalem,
1191 1279 1304 1316 aliam
1324 1277 1609 1316 occidentalem
1624 1306 1635 1324 ‚

916 1336 1018 1375 hanc
1037 1336 1198 1388 quidem
1220 1335 1484 1387 Theophrasti
1502 1335 1636 1386 appel-

916 1395 1046 1433 latam.
1078 1398 1140 1433 Ex
1174 1396 1390 1433 Homerico
1422 1393 1514 1431 loco
1535 1406 1636 1443 quo-

916 1467 993 1504 que
1009 1466 1147 1491 *tersus
1172 1460 1221 1497 14
1238 1450 1515 1490 fflustrandus:
1535 1448 1634 1488 ἱστὸν

917 1509 1147 1564 ἐποιχομένη
1180 1508 1337 1563 χρυσείῃ
1357 1504 1507 1562 κερκίδ’
1525 1506 1636 1559 ὕφαι-

913 1582 987 1610 .νεν.
1024 1572 1060 1607 T
1057 1569 1130 1606 elae
1164 1567 1204 1605 h.
1236 1567 1264 1605 1.
1290 1580 1365 1618 pro
1387 1567 1553 1606 stamine
1572 1567 1634 1604 vel

915 1638 1037 1666 trama
1049 1655 1059 1673 ‚
1095 1638 1213 1676 quam
1249 1627 1399 1663 textrix
1434 1620 1635 1674 ἐποίχεται

917 1680 1092 1739 κερκίδι,
1130 1685 1330 1734 percurrit
1375 1683 1532 1734 pectine
1546 1711 1557 1730 ,
1589 1691 1636 1719 ut

917 1744 1126 1782 subtemen
1147 1743 1305 1780 inserat.

981 1816 997 1839 1
1009 1803 1045 1841 5.
1095 1801 1273 1837 Gemitus
1303 1800 1466 1838 leonum
1504 1809 1514 1836 :
1551 1798 1634 1836 noli

917 1860 1154 1898 substituere
1185 1859 1285 1897 velle
1303 1857 1506 1910 fremitus.
1532 1856 1635 1894 Nam

912 1928 950 1957 et
965 1918 1067 1956 illud
1078 1918 1206 1968 poetis
1220 1917 1398 1955 sollenne
1416 1929 1426 1954 τ
1447 1930 1487 1954 v.
1505 1929 1540 1953 c.
1560 1916 1635 1952 Lu-

913 1990 998 2015 can.
1015 1979 1075 2014 VI
1089 2004 1099 2022 ,
1119 1973 1354 2023 6883Drak.
1373 1973 1423 2012 ad
1433 1974 1575 2013 Sih'um
1590 1973 1630 2018 Ι,

915 2036 1012 2081 425.
1031 2057 1090 2064 —-
1106 2034 1286 2072 15—18.
1311 2031 1543 2071 Admodum
1571 2043 1633 2068 or-

913 2102 1003 2131 nate
1023 2092 1177 2144 singula
1191 2121 1202 2139 ‚
1225 2093 1256 2129 si
1292 2102 1393 2128 cum'
1410 2089 1630 2128 Homericis

914 2164 1117 2202 compares
1143 2150 1288 2201 odyss.
1307 2162 1356 2197 κ,
1380 2161 1460 2187 212
1489 2160 1569 2197 seq.
1593 2154 1631 2182 et

912 2209 1104 2260 Apollon.
1142 2211 1213 2254 IV,
1249 2208 1333 2260 672
1366 2220 1451 2257 sqq.
1475 2207 1628 2243 Forma·

910 2268 1088 2318 luporum
1114 2264 1245 2316 simpl.
1267 2277 1343 2316 pro
1358 2265 1482 2314 lupis,
1502 2261 1629 2298 forma

911 2324 1071 2363 dicendi
1095 2325 1270 2375 poetica,
1295 2334 1414 2374 quam
1428 2321 1508 2368 jam
1531 2318 1627 2355 alibi

911 2383 1084 2421 vidimus
1099 2396 1110 2429 ;
1131 2390 1170 2419 et
1178 2379 1380 2432 prcesepia
1398 2376 1517 2427 paulo
1537 2385 1627 2414 ante

912 2455 986 2492 pro
995 2441 1200 2478 caveis.Sic
1207 2440 1288 2486 jam
1299 2439 1406 2474 Serv.
1420 2434 1625 2484 explicuit.

912 2500 1100 2537 Discessit
1117 2505 1247 2534 autem
1268 2493 1318 2530 ab
1339 2494 1535 2539 Homero,
1556 2495 1627 2542 qui

911 2565 1077 2594 mutatas
1094 2554 1164 2591 has
1177 2552 1277 2589 feras
1292 2550 1504 2587 humanam
1523 2562 1627 2587 man-

910 2612 1161 2651 suetudinem
1201 2617 1399 2647 servantes
1438 2607 1626 2645 exhibue-

910 2679 972 2708 rat
984 2670 1011 2708 1.
1038 2682 1072 2708 c.
1098 2683 1136 2706 v.
1164 2674 1245 2711 214
1265 2679 1350 2716 sqq.

974 2741 1037 2778 19.
1075 2728 1189 2764 Soeva
1216 2732 1307 2776 post
1339 2723 1485 2762 saevire.
1519 2724 1628 2762 Libri

909 2786 968 2823 nil
979 2793 1145 2823 mutant.
1156 2806 1213 2832 -ς
1228 2796 1295 2822 2ο.
1313 2783 1360 2819 In
1381 2782 1490 2820 abest
1501 2782 1627 2830 tribps
