1767 3054
131 79 183 127 96

759 77 1000 117 AENEIDOS

124 150 325 195 Praescia
347 149 560 207 venturi,
585 149 666 207 da,
692 165 789 196 non
811 149 1024 198 indebita
1051 167 1193 213 posco

125 228 290 287 Regna
315 225 431 271 meis
453 225 584 283 fatis,
605 225 744 272 Latio
770 225 1014 272 considere
1037 230 1267 285 Teucros,

124 301 433 363 Errantisque
459 300 595 359 deos,
623 302 891 363 agitataque
916 302 1111 349 numina
1131 303 1301 366 Trojae.

124 378 248 422 Tum
273 375 452 423 Phoebo
476 388 519 423 et
543 376 717 422 Triviae
736 376 887 422 solido
911 377 969 422 de
989 392 1222 425 marmore
1246 379 1472 442 ternplum

124 452 400 510 Iustiniani,
428 453 667 514 festosque
693 451 793 498 dies
819 452 877 498 de
901 453 1092 500 nomine
1115 454 1294 501 Phoebi.
1590 477 1629 510 70

118 529 189 572 Te
213 543 404 589 quoque
427 543 598 590 magna
619 538 811 574 manent
834 528 990 590 regnis
1009 530 1269 594 penetralia
1290 529 1462 579 nostris
1485 549 1494 576 ε

124 602 213 648 Hic
238 618 325 664 ego
351 619 555 665 namque
579 615 681 650 tuas
705 602 872 662 sortis,
891 619 1156 667 arcanaque
1181 605 1277 652 fata
1328 593 1335 604 ⁸
1541 617 1558 624 ⁵

124 761 177 797 da
190 789 201 804 ,
228 762 290 798 fac
304 790 313 808 ‚
332 759 472 807 effice3
494 771 540 799 ut
555 763 723 813 passim,
744 776 783 800 v.
805 775 840 800 c,

122 822 224 866 XII,
262 833 330 870 97.
360 820 497 858 Solent
517 830 650 859 autem
672 823 715 858 in
746 822 844 858 vati-

123 879 236 916 ciniis
267 880 453 916 notiones
472 879 533 916 hae
562 880 666 917 inter
686 893 725 916 se
751 893 842 930 per-

123 937 294 983 mutari,
332 946 401 984 ut,
429 951 520 975 cum
550 938 703 975 diversa
739 939 841 984 sint,

115 994 337 1044 proedicere
368 1004 407 1033 et
426 996 631 1046 praedicta·
658 995 836 1048 efficere,

123 1061 230 1090 vates
265 1062 398 1090 tamen
425 1054 501 1092 sibi
532 1062 740 1106 arrogent,
773 1062 842 1091 aut

122 1119 166 1147 ut
184 1111 342 1149 vatibus
358 1112 559 1150 tribuatur
571 1113 738 1150 alterum
749 1111 837 1149 1100.

121 1171 258 1220 Itaque
279 1183 300 1207 a
316 1170 474 1207 vatibus
489 1171 734 1221 postulatum
748 1171 842 1221 legi-

120 1240 210 1264 mus
223 1257 234 1275 ,
257 1237 303 1266 ut
321 1229 485 1266 meliora
505 1243 547 1266 ac
565 1230 717 1266 laetiora
739 1242 840 1279 prae-

123 1285 279 1333 dicant,
314 1300 359 1324 ac
389 1289 422 1325 si
452 1288 528 1338 ipsi
547 1301 681 1325 rerum
701 1295 840 1324 eventa

121 1343 348 1394 disponant.
385 1348 486 1391 Pro,
507 1345 587 1396 fac
613 1359 686 1382 ηας
713 1343 841 1381 consi-

120 1403 238 1448 dere,
264 1416 381 1454 quam
404 1405 577 1455 graviter
596 1404 669 1440 ista
691 1416 729 1440 v,
760 1402 834 1449 67,

123 1461 190 1498 68.
207 1462 377 1513 Agz'tata
398 1461 568 1498 numina
587 1464 751 1498 Penates
771 1462 840 1510 qui

120 1518 241 1557 modo
263 1528 436 1556 errantes
460 1527 591 1566 erant3
626 1531 718 1555 nam
734 1531 839 1554 erro-

120 1576 224 1614 ribus
243 1577 469 1630 agitamur,
499 1591 704 1614 vexamur.

180 1636 250 1686 69.
289 1635 458 1686 Templa
487 1635 594 1686 vulg.
625 1634 715 1672 edd.
748 1642 839 1671 ante

120 1694 258 1732 Heius.
277 1702 317 1731 et
338 1694 456 1734 codd.
472 1722 482 1740 ,
513 1693 582 1730 sed
602 1693 682 1730 fere
699 1705 837 1730 recen-

122 1754 239 1789 tiores
254 1782 264 1799 ,
299 1762 346 1790 ut
369 1762 446 1789 tres
470 1751 592 1789 Goth.
614 1754 664 1790 Et
684 1759 840 1801 poterat

122 1809 222 1847 illud
243 1811 422 1861 placere,
457 1810 647 1860 quoniam
678 1809 725 1845 de
755 1821 839 1845 uno

121 1868 270 1918 templo
295 1870 434 1906 Dianae
453 1881 546 1904 cum
573 1867 762 1917 Apolline
786 1865 842 1903 di-

120 1935 207 1963 cato
224 1930 362 1965 Romae
380 1939 465 1964 non
481 1926 699 1964 constabat.
718 1928 841 1976 Span-

119 1983 300 2033 hemius‚
339 1987 420 2035 jam
446 1986 677 2022 Burmanno
704 1982 839 2020 lauda-

120 2052 183 2080 tus
197 2072 208 2090 ‚
228 2043 277 2080 de
294 2057 371 2082 usu
387 2052 426 2081 et
441 2051 571 2093 praest.
588 2044 708 2082 Num.
731 2051 759 2080 t.
774 2043 814 2078 II
823 2070 834 2089 ‚

119 2115 162 2152 p.
203 2115 282 2153 129
311 2115 361 2139 ex
388 2105 571 2139 Varrone
598 2103 672 2140 LL.
703 2103 762 2139 VI
787 2100 838 2137 af-

122 2160 197 2196 fert
214 2160 364 2207 locum,
381 2159 491 2198 unde
508 2159 730 2198 Noctilucae
747 2168 840 2196 tem-

123 2218 235 2267 plum
259 2220 301 2255 in
326 2220 474 2257 Palatio
494 2218 614 2255 fuisse
628 2217 729 2264 ‚hoc
757 2225 814 2255 est
827 2245 837 2264 ,

122 2277 260 2312 Dianae
274 2304 283 2321 ‚
317 2285 484 2315 constat.
507 2276 722 2314 Enimvero
745 2276 838 2313 alie-

123 2346 223 2370 num
239 2333 318 2371 1100
338 2333 388 2370 ab
405 2334 445 2372 h.
466 2335 494 2373 1.
511 2348 521 2381 ;
552 2348 645 2371 nam
669 2334 839 2372 obscura

124 2392 254 2441 aliqua
277 2391 378 2428 aedes
402 2406 486 2430 11011
515 2400 671 2443 poterat
701 2406 722 2429 a
748 2405 840 2442 poe-

123 2458 161 2486 ta
191 2452 517 2496 commemorari3
548 2451 616 2488 sed
634 2452 696 2502 agi
712 2463 841 2487 neces-

123 2520 162 2543 se
190 2516 248 2545 est
268 2506 316 2544 de
337 2509 485 2546 refecto
505 2509 574 2546 illo
599 2518 638 2546 et
659 2508 840 2545 dedicato

126 2564 175 2602 ab
202 2568 386 2616 Augusto
416 2575 455 2603 et
489 2568 603 2603 toties
644 2566 841 2603 celebrato

125 2637 146 2660 a
172 2625 298 2674 poetis
331 2623 479 2674 templo
508 2623 708 2674 Apollinis
736 2623 842 2661 Pala-

127 2681 480 2732 tini.—-69-—·;4.
504 2681 569 2718 Ad
589 2681 780 2731 templum
799 2681 842 2717 in

128 2740 278 2778 Palatio
304 2740 354 2778 ab
384 2742 567 2791 Augusto
596 2739 745 2777 factum
783 2752 842 2776 re-

909 763 1034 814 spici,
1058 771 1104 801 ut
1125 766 1275 814 AEneas*
1294 777 1346 802 ex
1373 772 1628 815 posterorum

908 834 1078 872 persona
1095 830 1186 860 vota
1209 823 1348 870 faciat,
1371 823 1453 871 jam
1470 823 1629 861 Servius

909 882 1076 917 notavit.
1096 880 1200 920 conf.
1219 883 1382 920 Sueton.
1397 883 1536 920 Octav.
1558 893 1626 930 29.

908 940 970 975 Ex
1009 939 1170 989 Virgilii
1207 947 1339 976 autem
1383 939 1517 976 verbis
1557 940 1629 977 vix

909 995 1021 1032 aliter
1039 998 1183 1034 sentias
1196 1024 1206 1042 ‚
1229 1009 1347 1046 quam
1361 1025 1372 1044 ‚
1390 1009 1484 1033 cum
1501 997 1628 1047 Apol-

907 1053 988 1090 line
1003 1081 1013 1099 ‚
1043 1055 1182 1090 Dianae
1200 1066 1362 1104 quoque
1379 1056 1507 1092 sorori
1526 1063 1624 1092 tem-

907 1111 1019 1161 plum
1037 1111 1260 1148 Palatinum
1286 1112 1406 1150 fuisse
1423 1125 1625 1150 consecra-

908 1178 1016 1216 tum3
1062 1177 1109 1205 ut
1142 1170 1185 1205 in
1222 1168 1326 1206 ludis
1371 1169 1625 1208 saecularibus

909 1228 1073 1277 aliisque
1097 1228 1216 1264 sacris
1250 1229 1486 1267 consociatae
1515 1227 1626 1267 fuere

910 1287 1117 1334 utriusque
1141 1285 1366 1337 religiones.
1386 1287 1510 1338 Apud
1528 1290 1623 1326 Pro-

908 1351 1008 1393 pert.
1039 1346 1104 1389 ΙΙ,
1138 1345 1188 1381 31
1206 1372 1216 1390 ,
1253 1345 1304 1382 15
1325 1345 1516 1397 legimus,
1550 1347 1626 1397 sig-

908 1414 1007 1437 num
1022 1401 1224 1451 Apollinis
1235 1403 1279 1439 in
1295 1416 1342 1441 eo
1356 1404 1505 1454 templo
1521 1404 1625 1441 inter

906 1460 1097 1496 Latonam
1112 1468 1151 1496 et
1172 1461 1340 1498 Dianam
1359 1461 1535 1499 medium
1554 1471 1626 1499 ste-

908 1516 999 1553 tisse
1018 1528 1026 1553 :
1049 1516 1209 1554 Deinde
1229 1517 1334 1555 inter
1348 1529 1516 1558 matrem
1529 1520 1625 1557 deas

908 1573 990 1623 ipse
1031 1574 1212 1626 interque
1245 1590 1419 1615 sororem
1457 1576 1624 1628 Pythius

908 1631 948 1668 in
976 1633 1102 1684 longa
1130 1633 1316 1672 carmina
1349 1645 1464 1673 veste
1490 1645 1622 1674 sonat.

907 1712 965 1719 —-
984 1704 1051 1738 70.
1080 1691 1327 1729 Constituam
1347 1696 1464 1732 Rom.
1485 1695 1623 1732 Ursin.

907 1758 945 1786 et
963 1751 1072 1787 Serv.
1092 1749 1141 1786 ad
1158 1751 1242 1797 ΙΙΙ,
1276 1758 1372 1799 274.
1401 1751 1478 1789 Sed
1506 1761 1624 1802 poeta

907 1808 1142 1856 exquisitius
1174 1807 1344 1846 verbum
1377 1808 1418 1846 h.
1446 1809 1474 1847 l.
1510 1810 1624 1860 sequi

906 1865 1047 1902 maluit
1065 1877 1074 1902 :
1095 1865 1291 1916 siquidem
1304 1895 1315 1914 ‚
1344 1875 1390 1904 ut
1415 1867 1537 1918 vulgo
1552 1865 1624 1915 fit,

905 1924 1183 1974 interpungas:
1196 1925 1386 1976 templum
1399 1923 1619 1971 instituam,

895 1981 1135 2034 f—-Festos
1154 1981 1262 2030 dies,
1282 1983 1401 2021 ludos
1421 1983 1624 2035 Apollina-

905 2054 967 2078 res
989 2039 1038 2077 ab
1051 2040 1192 2079 eodem
1207 2042 1425 2089 institutos,
1438 2064 1496 2071 -—
1511 2055 1531 2090 7
1544 2055 1623 2079 1—

908 2101 975 2147 73.
992 2099 1132 2138 Libros
1152 2100 1369 2151 Sibyllinos
1382 2129 1392 2147 ‚
1412 2108 1452 2138 et
1468 2102 1549 2140 XV
1568 2101 1624 2138 vi-

905 2171 970 2195 ros
999 2158 1046 2195 iis
1073 2158 1344 2209 inspiciendis.
1373 2161 1524 2197 Servati
1555 2172 1622 2196 au-

906 2225 987 2253 tem
1014 2216 1074 2253 illi
1098 2217 1193 2254 libri
1211 2217 1386 2267 primum
1401 2218 1446 2254 in
1465 2217 1623 2267 Capito-

906 2275 987 2321 lio,
1017 2274 1068 2312 ab
1105 2276 1290 2327 Augusto
1322 2288 1419 2313 vero
1449 2275 1622 2312 restituti

906 2333 982 2370 sub
1000 2333 1201 2383 Apollinis
1227 2333 1395 2371 Palatini
1417 2331 1501 2369 basi
1530 2344 1620 2369 con-

907 2390 1004 2437 dit13
1035 2399 1080 2428 ut
1099 2405 1150 2428 ex
1177 2390 1367 2430 Suetonio
1384 2397 1529 2427 notum
1547 2391 1622 2428 Oc-

907 2456 986 2487 tav.
1030 2449 1078 2486 31
1097 2477 1108 2496 ,
1143 2457 1183 2486 et
1212 2447 1374 2486 Tibullo
1408 2449 1472 2494 ΙΙ,
1509 2447 1558 2493 5,
1599 2461 1616 2485 1

907 2505 1052 2543 Plzoebe
1070 2504 1195 2558 fave,
1244 2517 1364 2541 novus
1402 2504 1627 2558 ingreditur

907 2573 975 2600 tua
1012 2563 1164 2613 templa
1199 2561 1405 2610 sacerdos,
1441 2563 1622 2614 Quinde-

908 2622 1055 2660 cemvir
1073 2621 1240 2659 Messala
1256 2634 1265 2667 3
1289 2620 1374 2658 haec
1391 2621 1512 2673 igitur
1528 2628 1622 2659 sunt

901 2677 1146 2730 penetralia.
1181 2680 1321 2729 Neque
1360 2677 1528 2719 Ovidius
1561 2680 1622 2716 in-

909 2735 1143 2788 telligendus
1180 2735 1293 2775 aliter
1306 2765 1316 2784 ‚
1351 2739 1423 2776 etsi
1456 2749 1539 2775 rem
1568 2738 1623 2774 ita
