1767 3054
188 149 267 188 316

817 149 1062 186 AENEIDOS

187 221 370 283 Saepius
391 231 437 266 et
461 234 632 265 nornen
656 218 814 281 posuit
840 220 1062 266 Saturnia
1093 220 1228 266 tellus
1253 239 1262 265 :

186 301 307 343 Tum
331 312 486 358 reges,
514 311 745 356 asperque
770 294 948 340 inmani
972 310 1173 356 corpore
1197 294 1427 356 Thybris3

1631 306 1692 337 330

187 378 230 419 A
252 388 347 434 quo
372 383 478 434 post
503 371 610 417 Itali
634 370 833 415 fluvium
857 370 1136 431 cognomine
1161 370 1395 432 Thybrim

187 446 427 502 Diximus3
458 445 611 490 amisit
635 459 802 489 verum
825 455 961 489 vetus
988 443 1162 490 Albula
1186 460 1375 491 nomen.

187 527 266 569 Me
291 521 478 584 pulsum
503 519 679 580 patria,
706 518 955 579 pelagique
980 528 1192 564 extrema
1216 531 1513 581 sequentem,

187 601 397 644 Fortuna
422 594 721 655 omnipotens
747 604 792 639 et
816 592 1120 640 ineluctabile
1146 593 1296 639 fatum

187 672 270 718 His
294 684 496 732 posuere
522 668 660 724 locis,
683 667 941 729 matrisque
966 684 1105 730 egere
1128 668 1376 714 tremenda

1629 679 1689 710 335

187 745 449 791 Carmentis
472 741 694 804 nymphae
717 742 920 799 monita,
946 752 992 787 et
1017 742 1133 788 deus
1160 754 1327 789 auctor
1350 746 1386 788 A
1395 743 1537 805 pollo,
1561 766 1577 783 υ

249 817 344 863 Vix
367 833 422 863 ea
446 816 593 874 dicta3
622 816 793 862 dehinc
816 833 1116 878 progressus,
1142 828 1374 864 monstrat
1399 829 1444 864 et
1470 834 1622 875 aram,

186 897 246 939 Et
270 892 612 938 Carmentalem
632 894 847 937 Romano
868 892 1060 938 nomine
1083 904 1271 954 portam

189 971 344 1024 Quam
364 976 650 1023 memorant,
672 966 894 1029 nymphae
914 966 1124 1028 priscum
1152 967 1413 1014 Carmentis
1434 966 1665 1013 honorem
1680 1000 1692 1022 ,

188 1041 319 1088 Vatis
344 1040 571 1100 fatidicae,
598 1041 769 1088 cecinit
790 1058 896 1104 quae
924 1042 1077 1105 prima
1103 1042 1290 1089 futuros

190 1242 266 1278 rim
283 1249 321 1277 et
340 1238 450 1278 Lirin
468 1237 641 1277 tenuisse
659 1248 833 1286 constat,
855 1249 911 1277 et-

193 1300 225 1335 si
257 1299 323 1335 alii
345 1299 385 1334 in
409 1298 596 1334 inferiore
619 1298 750 1343 Italia,
776 1300 912 1336 OEno-

192 1358 362 1393 triorum
375 1355 478 1402 sede,
495 1368 560 1392 eos
580 1363 801 1392 memorent
815 1369 825 1401 ;
842 1369 913 1391 un-

190 1413 239 1449 de
259 1414 340 1451 illic
354 1414 401 1451 ab
415 1413 648 1450 Ausonibus
666 1421 703 1449 et
719 1413 887 1463 Pelasgis
901 1439 911 1458 ,

190 1470 256 1507 hic
273 1471 321 1507 ab
339 1473 476 1521 Opicis
493 1498 502 1516 ‚
520 1472 588 1520 qui
609 1479 647 1506 et
668 1470 745 1519 ipsi
762 1483 812 1506 ex
827 1472 913 1506 Au-

190 1541 334 1564 sonum
374 1539 517 1577 genere
551 1527 682 1571 fuere,
712 1525 914 1562 exturbati

191 1586 233 1621 in
248 1585 421 1622 Siciliam
434 1581 827 1629 trajecere.Saturnia
842 1581 913 1618 tel-

193 1642 253 1678 lus
276 1642 438 1691 proprie
458 1641 510 1675 ita
523 1638 626 1675 dicta
645 1638 721 1674 fuit
743 1639 784 1673 in
805 1638 910 1674 clivo

191 1699 419 1749 Capitolino
433 1696 482 1733 ad
493 1696 665 1732 Tiberim
680 1709 690 1741 ;
708 1694 828 1731 clivus
843 1697 916 1731 Sa-

192 1755 343 1793 turnius
372 1757 405 1792 is
433 1755 529 1791 olim
555 1753 714 1790 dictus:
738 1753 907 1803 Dionys.

189 1817 233 1860 Ι,
259 1815 325 1857 34.
359 1813 490 1850 Poetis
523 1810 617 1847 inde
656 1823 804 1847 nomen
837 1823 911 1859 pro

190 1873 300 1910 Latio
335 1879 374 1907 et
408 1882 481 1920 pro
524 1869 636 1905 Italia
669 1863 912 1917 frequentari

191 1930 327 1979 coepit.
352 1929 481 1965 Etiam
504 1927 656 1976 reliqua
686 1925 808 1961 Italiae
835 1938 910 1963 no-

192 1988 299 2024 mina
332 1999 351 2022 a
381 1986 498 2021 certis
526 1983 743 2029 tractibus,
764 1983 910 2032 quibus

190 2045 241 2081 ab
265 2043 417 2094 origine
448 2043 610 2092 propria
640 2049 753 2077 erant
766 2068 776 2085 ‚
795 2040 911 2078 ducta
930 2087 945 2093 -

190 2110 297 2139 sunt.
319 2105 456 2150 Ipsum
484 2098 618 2136 Italioe
641 2107 679 2135 et
703 2098 911 2135 OEnotrioe

190 2172 337 2196 nomen
352 2185 361 2202 ‚
382 2158 512 2207 primo
533 2156 582 2192 ad
602 2156 683 2193 sola
701 2155 787 2193 loca
807 2157 911 2192 circa

188 2218 321 2253 sinum
349 2215 595 2251 Lameticum
621 2213 837 2263 spectabat.
853 2235 912 2242 -

193 2275 290 2311 330.
315 2273 463 2311 Sumsit
482 2280 521 2308 et
543 2270 621 2307 hoc
641 2279 758 2320 poeta
782 2270 830 2307 de
846 2273 911 2308 Ti-

189 2330 275 2367 beri
294 2343 344 2367 ex
354 2329 490 2365 multis
507 2328 592 2365 aliis
605 2330 837 2365 commentis
849 2341 910 2364 su-

188 2401 258 2436 per
279 2388 443 2424 nomine
462 2385 641 2431 Tiberis3
663 2399 702 2423 v.
727 2387 836 2424 Serv.
860 2385 910 2422 ad

190 2444 230 2481 h.
252 2444 279 2480 1.
293 2471 303 2489 ‚
325 2444 373 2481 cf.
393 2443 510 2481 Cerd.
524 2471 534 2489 ‚
557 2443 717 2481 Cluver.
739 2452 778 2480 et
796 2443 906 2481 alios.

251 2501 348 2537 333.
385 2500 532 2551 Pelagc'
567 2509 776 2546 extrema,
800 2514 907 2538 mare

1629 1052 1689 1088 340

978 1248 1122 1278 mentae
1134 1269 1144 1288 ‚
1165 1253 1283 1290 quam
1302 1252 1342 1276 se
1360 1239 1503 1277 vidisse
1527 1247 1693 1277 testatur

978 1299 1047 1335 sub
1075 1307 1238 1348 portam
1272 1298 1567 1335 Carmentalem
1596 1299 1692 1335 Dio-

978 1369 1068 1406 nys.
1089 1356 1162 1394 lib.
1181 1358 1219 1402 Ι,
1249 1357 1299 1392 32
1314 1382 1324 1401 ‚
1343 1355 1391 1391 ad
1411 1355 1559 1392 radices
1577 1356 1692 1406 Capi-

980 1414 1082 1450 tolii.
1100 1435 1157 1441 —
1177 1413 1272 1450 338.
1298 1415 1462 1450 Portam
1482 1426 1553 1463 per
1570 1425 1692 1462 appo-

979 1471 1100 1506 situm
1133 1469 1322 1506 lzonorem
1358 1469 1545 1520 nympha?
1597 1470 1693 1506 Car-

979 1524 1137 1569 mentis,
1161 1526 1273 1562 vacis
1285 1527 1487 1576 fatidicae.
1510 1548 1569 1555 ·—
1594 1527 1691 1576 339.

978 1584 1180 1619 Memorat
1198 1583 1320 1621 Goth.
1341 1597 1418 1621 sec.
1442 1583 1620 1620 Primum
1648 1585 1692 1621 C.

977 1639 1143 1677 Oudart.
1159 1667 1169 1686 ‚
1192 1653 1243 1676 ex
1257 1641 1584 1690 interpretatione
1596 1668 1606 1687 ‚
1634 1654 1693 1678 ar-

976 1695 1117 1734 bitror.
1143 1699 1472 1747 Interpunctione
1491 1697 1611 1735 refeci
1630 1698 1691 1736 lo-

978 1766 1070 1790 cum
1085 1765 1095 1791 z
1113 1755 1169 1791 Ec
1192 1754 1487 1792 Carmentalem
1506 1758 1689 1793 Romano

979 1810 1137 1848 nomine
1171 1821 1335 1861 portam
1369 1815 1500 1862 Quam
1542 1826 1689 1851 memo-

978 1877 1092 1913 rant,
1142 1868 1329 1919 nympha:
1371 1870 1544 1919 priscam
1592 1871 1689 1908 Car-

978 1925 1122 1962 mentis
1138 1925 1339 1973 honorem,
1363 1927 1476 1964 Vatis
1482 1926 1686 1979 satidicoe.

977 1984 1173 2034 Apposita
1202 1993 1297 2022 sunt
1326 1997 1336 2023 :
1359 1994 1523 2035 porcam
1540 2007 1599 2014 —
1620 1984 1689 2022 ho-

978 2055 1114 2078 norem
1136 2042 1322 2092 nympha»
1353 2042 1587 2081 Carmentis.
1607 2043 1690 2080 An-

977 2107 1038 2136 tea
1066 2097 1425 2151 interpungebatur
1451 2102 1507 2137 sic
1528 2113 1538 2139 :
1562 2103 1618 2138 Ec
1644 2101 1686 2138 C.

977 2167 1206 2207 —portam
1241 2172 1254 2194 :
1296 2159 1426 2207 Quam
1467 2167 1691 2195 memorant

978 2213 1166 2265 nympha?
1177 2214 1353 2264 priscum
1375 2215 1592 2252 Carmentis
1622 2214 1688 2251 ἧο-

976 2285 1113 2309 norem
1143 2272 1255 2309 Vatis
1269 2271 1470 2325 fatidicoe.
1492 2274 1551 2309 Ita
1570 2272 1687 2324 frige·-

975 2328 1043 2366 bat
1064 2338 1169 2366 totus
1187 2329 1254 2366 hic
1270 2343 1407 2367 versus
1418 2357 1429 2376 ‚
1445 2337 1491 2366 ut
1503 2342 1596 2366 eum
1616 2343 1685 2367 ex-

973 2400 1152 2438 pungere
1162 2388 1318 2424 mallem
1329 2399 1339 2426 :
1351 2385 1574 2436 expeditior
1581 2388 1685 2424 enim

974 2444 1113 2481 fuisset
1135 2445 1263 2483 oratio
1282 2456 1291 2482 :
1312 2446 1368 2481 Et
1388 2442 1683 2481 Carmentalem

974 2503 1155 2538 Romano
1183 2500 1343 2538 nomine
1372 2509 1535 2550 portam
1573 2501 1686 2538 Vatis

189 2557 398 2601 ultimum,
433 2558 698 2608 longinquum
716 2585 726 2603 ‚
768 2558 906 2595 saltem
961 2558 1331 2609 [αἰτῆσαι-340,
1355 2558 1451 2602 341.
1477 2559 1684 2610 Ingeniosa

187 2628 239 2651 ex
261 2626 379 2651 sensu
399 2622 438 2650 et
457 2616 621 2651 notione
643 2615 783 2664 priscae
796 2616 905 2652 Grae-

188 2673 282 2718 ciae,
319 2671 385 2708 cui
422 2671 606 2707 occidens
639 2672 744 2709 inter
782 2680 904 2710 terras

189 2731 343 2782 ignotas
363 2736 401 2764 et
418 2728 563 2764 invisas
582 2737 675 2765 erat.

247 2787 343 2836 337.
359 2787 486 2824 Aram
497 2786 714 2824 Carmentis
727 2799 796 2824 seu
810 2787 901 2825 Car-

970 2615 1056 2652 haec
1082 2629 1102 2652 a
1137 2624 1254 2666 poeta
1288 2616 1440 2652 intexta
1476 2624 1592 2662 sunt,
1632 2629 1683 2654 ex

968 2673 1151 2710 instituto
1192 2671 1466 2723 praecipitandi
1507 2673 1683 2711 AEneidis

968 2738 1243 2781 argumentum
1265 2743 1338 2781 per
1358 2731 1556 2769 vaticinia.
1584 2733 1680 2769 Sen-

968 2788 1130 2826 tentiam
1163 2786 1266 2824 hanc
1302 2789 1481 2826 Maronis
1522 2790 1680 2827 ornavit
