1767 3054
183 92 258 116 100

804 78 1044 116 AENEIDOS

167 154 238 197 Tu
264 167 321 197 ne
346 150 460 196 cede
481 149 612 195 malis
637 167 646 194 ε
674 148 753 195 sed
780 160 945 195 contra
967 150 1220 196 audentior
1245 150 1335 209 ito,
1625 165 1664 205 9⁵

170 231 276 285 Qua
302 237 382 272 tua
406 236 450 271 te
473 228 682 271 Fortuna
703 224 836 271 sinet.
857 225 947 271 Via
967 226 1119 288 prima
1143 226 1327 284 salutis,

170 302 311 360 Quod
330 300 520 347 minime
544 302 686 358 reris,
709 300 852 346 Graia
871 300 1106 361 pandetur
1124 300 1184 348 ab
1210 301 1342 348 urbe.
1367 323 1385 342 υ

219 377 423 425 'Talibus
449 395 507 424 ex
531 377 673 438 adyto
701 376 837 423 dictis
861 378 1052 425 Cumaea
1076 377 1256 440 Sibylla

168 453 443 501 Horrendas
469 453 593 497 canit
614 451 856 512 ambages,
881 462 1110 514 antroque
1131 453 1359 515 remugit,

168 529 396 577 Obscuris
421 542 535 572 vera
559 525 802 571 involvens
825 545 834 571 ε
859 543 914 572 ea
933 527 1065 572 frena
1090 527 1267 573 furenti
1608 548 1664 567 100

167 602 408 658 Concinit,
435 612 482 647 et
504 601 717 647 stimulos
743 599 831 647 sub
853 612 1046 664 pectore
1071 601 1214 647 vertit
1232 599 1428 663 Apollo.

167 770 213 805 tis
228 798 237 814 ‚
261 766 506 818 periculosis.
526 764 620 802 Noli
640 776 730 800 cum
742 765 878 802 Servio

165 836 203 864 et
219 826 304 864 aliis
323 825 371 862 de
385 825 485 861 fame
503 823 693 872 accipere.
719 822 878 874 Conjusc

165 885 327 923 Lavinia
342 911 352 927 ‚
375 891 421 920 ut
443 882 538 919 olim
562 880 725 918 Helena.
740 881 878 930 ——95.

171 941 295 979 Crede
313 940 433 978 Goth.
451 947 539 976 tert.
554 940 640 974 Eta
654 951 713 987 pr.
731 951 784 975 m.
800 941 881 976 Me-

166 1001 242 1037 dic.
263 997 474 1036 Audacior
489 997 585 1034 alter
604 995 825 1050 Hamburg.
844 1005 883 1034 et

168 1059 254 1096 bini
293 1056 414 1094 Goth.
452 1055 641 1092 audatior
666 1054 786 1093 Wall.
822 1069 885 1092 ar-

167 1115 327 1154 dentior
343 1115 453 1152 Leid.
474 1122 513 1151 et
528 1116 686 1164 Hugen.
705 1125 726 1148 a
744 1127 796 1152 m.
821 1127 882 1164 pr.

169 1197 226 1203 —
239 1174 308 1224 96.
320 1174 540 1224 Vulgarum
552 1179 634 1208 erat
648 1183 657 1209 ε
674 1171 804 1220 Quam
817 1181 885 1208 cua

169 1231 382 1284 teforcuna
401 1231 515 1268 sinet.
535 1232 589 1268 Ut
609 1229 698 1279 plus
716 1231 860 1268 audeat
872 1257 882 1275 ‚

168 1304 285 1341 quam
320 1288 396 1327 fata
425 1288 656 1340 permittant
669 1314 679 1331 ,
714 1290 784 1326 vix
826 1289 883 1325 vi-

168 1348 285 1385 detur
334 1347 489 1384 bouum
538 1344 749 1382 eonsilium
788 1359 881 1382 esse.

174 1407 306 1455 Quam
341 1415 415 1452 pro
459 1409 654 1451 quantum
697 1410 744 1438 ut
790 1415 884 1439 eum

169 1462 335 1499 Heinsio
355 1468 393 1496 et
420 1461 650 1495 Diu-manno
677 1461 846 1508 accipias
870 1487 880 1504 ‚

172 1519 319 1556 durum
336 1530 416 1553 esse
433 1524 533 1566 puto
545 1543 555 1562 ‚
573 1523 612 1552 et
630 1529 726 1553 vero
764 1517 881 1553 etiam

168 1578 351 1626 jejunum
381 1587 390 1613 :
441 1573 552 1610 malis
607 1573 767 1611 obviam
804 1576 883 1621 ito,

172 1642 370 1685 quantum
414 1640 541 1683 potes.
583 1630 881 1681 significantius

123 1725 127 1728 .
175 1701 232 1730 est
252 1704 261 1729 :
291 1702 533 1742 quacunque
554 1690 617 1726 via
638 1689 732 1727 lieet
762 1690 806 1727 id
829 1689 884 1727 fa-

173 1763 275 1788 cere.
301 1748 463 1787 Accedo
500 1749 623 1797 igitur
653 1749 748 1785 viris
790 1747 886 1785 doc-

171 1808 219 1844 tis
238 1833 247 1851 ,
281 1814 327 1842 ut
378 1803 592 1855 legendum
643 1807 883 1853 existimem,

175 1866 288 1914 Qua,
324 1875 367 1899 ea
398 1864 485 1908 via,
512 1875 614 1912 qua;
637 1871 684 1900 ut
709 1877 796 1914 sup.
823 1865 882 1909 II,

175 1923 253 1968 387
282 1921 316 1956 Ο
333 1919 450 1964 socii,
471 1933 553 1969 qua
565 1919 715 1969 prima,
738 1920 880 1971 inquit,

162 1979 332 2031 fortuna
369 1977 511 2015 salutis
549 1979 748 2015 Illonscrac
786 1978 880 2024 iter,

173 2050 332 2088 quaque
353 2034 524 2073 ostendit
550 2048 592 2072 se
626 2036 796 2082 dextra,
824 2050 882 2074 se·

173 2107 354 2146 quamur.
375 2092 509 2131 Affine
532 2102 590 2130 est
618 2107 705 2144 sup.
731 2097 770 2142 Ι,
802 2096 881 2139 4ῑὸ

177 2152 406 2202 Corripuere
441 2151 556 2188 viam
569 2180 580 2196 ,
625 2165 706 2202 qua
743 2153 885 2190 semita

175 2218 383 2247 monstrat.
400 2211 484 2248 Nee
503 2219 633 2247 tamen
653 2209 750 2248 adeo
767 2212 886 2262 longe

172 2270 215 2304 in
251 2268 362 2303 malis
395 2268 673 2317 propulsandis
701 2270 889 2321 progredi

174 2326 251 2361 fata
286 2333 323 2360 te
349 2325 503 2369 sinent,
531 2324 599 2361 sed
620 2336 800 2375 paratum
830 2337 887 2365 est

172 2382 393 2419 auxilium:
423 2381 499 2417 Via
523 2382 658 2430 prima
689 2398 718 2422 s.
752 2386 886 2436 Atque

172 2440 246 2476 fuit
265 2439 348 2476 haee
360 2439 479 2476 lectio
496 2441 613 2476 etiam
624 2442 668 2477 in
682 2442 794 2479 libris
809 2444 887 2494 ple-

171 2498 302 2547 risque
337 2498 476 2542 Pierii,
513 2497 614 2534 forte
647 2501 885 2539 recentibus.

171 2556 272 2593 Nam
293 2562 442 2591 veteres
457 2567 593 2592 omnes
604 2559 648 2594 in
659 2571 780 2606 quam
796 2571 885 2596 con-

169 2613 332 2677 spirant.
348 2611 429 2648 Alii
445 2613 582 2661 legunt
606 2616 754 2663 Quum,
776 2615 886 2665 quod

170 2670 241 2706 vix
255 2670 412 2720 probes.
435 2671 616 2719 'loupius
637 2673 758 2720 Epist.
786 2673 882 2711 C1it.

172 2740 259 2779 pag.
286 2740 359 2775 171
390 2729 471 2779 Leg
447 2740 518 2772 σο,
540 2737 583 2766 uc
602 2727 700 2765 mi'lzz
724 2729 882 2779 quidem

946 761 1126 809 videtur,
1151 762 1365 801 certissime
1381 778 1394 801 .·
1426 767 1512 816 Quo
1540 774 1603 803 tua
1625 775 1663 804 te

946 822 1105 858 fortuna
1109 820 1233 872 feret.
1247 824 1334 860 Hoc
1348 831 1405 860 est
1419 851 1429 869 ,
1443 832 1569 873 poetae
1582 824 1663 861 die-

947 880 1097 917 tionem
1130 893 1201 930 per
1227 880 1357 917 lusum
1387 881 1559 929 variare,
1579 895 1664 919 non

949 946 1136 989 eoriupta
1164 939 1386 977 emendate
1432 938 1552 977 Sinat
1583 943 1664 978 Ou-

949 995 1049 1033 dart.
1063 1017 1121 1026 -—-
1140 998 1229 1046 Qua
1246 998 1309 1034 via
1328 1005 1367 1034 et
1385 998 1537 1034 ratione
1551 1011 1663 1048 ,quo

951 1052 1072 1091 modo
1088 1067 1128 1090 se
1145 1067 1205 1091 res
1218 1053 1391 1102 dabunt,
1410 1055 1448 1105 ᾐ.
1466 1055 1592 1092 Graia
1611 1055 1662 1092 ab

951 1111 1063 1156 urbe,
1094 1111 1293 1150 Pallanteo
1324 1112 1510 1151 Evandri.
1543 1113 1664 1152 Color

951 1170 1088 1206 similis
1125 1179 1182 1207 est
1226 1169 1333 1221 apud
1369 1170 1558 1239 Apollon.
1600 1173 1664 1217 11,

955 1229 1036 1277 390
1062 1225 1149 1265 ἔνθα
1167 1223 1245 1282 γὰρ
1251 1225 1367 1295 τ,ὔμμι
1358 1225 1530 1295 ,νὸνειαρ
1553 1224 1625 1265 ἀδε
1627 1241 1667 1265 υ-

952 1299 996 1322 κε
1001 1297 1037 1329 ος
1056 1282 1094 1330 ἐξ
1117 1283 1209 1328 ἁλος
1234 1297 1259 1321 ε·
1251 1277 1320 1322 ἷσιν
1340 1273 1525 1338 Αρῥητον.

1015 1355 1108 1380 100.
1130 1344 1280 1380 Eventa
1314 1355 1448 1379 rerum
1485 1343 1666 1381 obscuris

950 1399 1082 1436 verbis
1097 1399 1244 1450 prodit.
1258 1401 1583 1438 Imitatur-locum
1593 1403 1667 1438 Lu-

950 1469 1071 1493 canus
1091 1458 1133 1501 1,
1168 1471 1205 1495 v.
1240 1459 1341 1504 537,
1363 1458 1582 1511 638flexa
1608 1457 1665 1496 sic

950 1512 1091 1550 omina
1112 1515 1256 1550 Tuscus
1277 1515 1504 1563 Involvens,
1526 1516 1665 1553 mulca-

951 1584 1027 1621 que
1068 1579 1207 1622 tegens
1243 1572 1436 1625 ambage,
1482 1573 1666 1611 canebat.

951 1631 1147 1679 Pompon.
1166 1629 1257 1668 Sab.
1282 1643 1428 1678 «vera,
1452 1645 1542 1682 quce
1564 1645 1668 1668 vera

938 1684 1084 1738 fictura
1116 1696 1244 1726 erant.
1270 1687 1423 1726 Probus
1442 1690 1494 1726 ait
1513 1701 1523 1726 :
1543 1702 1666 1735 vera,

952 1743 1099 1782 lucida.
1120 1744 1382 1783 »Alexander
1403 1744 1667 1796 (Grammati—

954 1814 1024 1838 cus
1037 1829 1048 1848 ,
1068 1815 1174 1838 unus
1205 1815 1255 1838 ex
1279 1804 1443 1840 vetustis
1460 1811 1589 1854 poetae
1611 1805 1668 1842 in-

953 1859 1222 1912 terpretibus)
1241 1877 1261 1892 <e
1273 1873 1299 1896 a
1316 1873 1394 1911 quo
1411 1861 1569 1912 accepit
1583 1863 1668 1899 Ser-

950 1916 1038 1968 gius
1069 1916 1171 1969 (leg.
1211 1918 1420 1970 Servius),
1440 1932 1514 1970 pro
1527 1948 1538 1967 ,
1559 1920 1668 1958 veris

952 1974 1115 2012 obscura
1153 1975 1321 2013 miscens
1344 1988 1355 2016 :
1388 1995 1408 2010 υ
1437 1977 1537 2014 male
1567 1976 1666 2016 haec.

952 2032 1028 2071 Sed
1060 2033 1250 2071 involvere
1277 2033 1466 2080 obscuris,
1501 2043 1560 2072 est
1576 2035 1668 2073 obs·

952 2104 1090 2129 curare
1103 2120 1115 2139 ,
1149 2100 1195 2128 ut
1228 2091 1423 2129 involvere
1464 2092 1661 2145 caligine,

954 2158 1082 2188 noete.
1107 2172 1164 2179 --
1193 2162 1294 2197 roo,
1321 2163 1413 2189 101.
1453 2152 1519 2188 Ea
1540 2149 1666 2202 frena

945 2206 1003 2258 sl,
1022 2208 1070 2245 de
1102 2209 1301 2246 concitato
1328 2209 1457 2251 ‚animi
1490 2210 1665 2258 impetu;

953 2274 998 2303 ut
1014 2266 1106 2303 alias
1131 2265 1179 2302 de
1209 2265 1343 2314 cursu'.
1368 2268 1435 2303 Ea
1452 2263 1562 2311 τοῖσι,
1586 2274 1664 2302 tam

954 2323 1104 2370 valida,
1122 2336 1196 2374 pro
1218 2336 1228 2362 :
1252 2336 1343 2361 nam
1362 2321 1574 2360 admodum
1598 2337 1664 2361 va-

952 2381 1031 2418 lida
1037 2381 1178 2433 frena.
1198 2381 1247 2419 ef.
1270 2395 1307 2419 v.
1328 2394 1379 2430 79
1395 2409 1406 2427 ,
1430 2379 1496 2418 80.
1524 2380 1664 2418 Stimu-

954 2439 1013 2476 los
1045 2439 1112 2476 sub
1140 2447 1303 2488 pectore
1331 2437 1472 2484 vertit,
1499 2438 1539 2475 h.
1565 2452 1598 2476 e.
1620 2441 1664 2476 in

952 2506 1112 2547 pectore
1123 2495 1221 2546 figit.
1240 2494 1315 2533 Sed
1328 2495 1419 2545 plus
1435 2497 1538 2533 inest
1552 2496 1665 2534 alteri

952 2554 1076 2591 verbo
1091 2567 1101 2599 ;
1118 2553 1350 2590 continuato
1373 2565 1427 2590 se.
1451 2555 1550 2591 ictu.
1571 2556 1662 2591 Fre-

953 2624 1008 2648 na
1031 2618 1069 2646 et
1089 2609 1285 2654 stimulos,
1322 2609 1373 2647 ad
1402 2610 1577 2648 furorem
1595 2611 1661 2648 de-

952 2666 1182 2705 clarandum
1203 2679 1223 2704 a
1243 2668 1419 2718 Tragieis
1436 2667 1556 2705 habet
1574 2682 1664 2719 poe-

952 2734 1012 2772 ta3
1032 2725 1132 2764 forte
1156 2738 1206 2762 ex
1231 2717 1375 2777 οἶστρσς
1403 2733 1527 2763 natos.
1555 2728 1665 2764 Inter

1744 2747 1760 2758 s
