1767 3054
673 135 823 173 LIBER
857 135 944 170 vll.

1479 136 1556 171 23³,

70 210 166 252 (ἴου
191 206 426 268 quondam
449 214 573 250 torto
597 203 797 250 volitans
823 204 910 250 sul)
938 203 1135 249 verbere
1162 206 1327 262 turbo,

73 284 225 338 Quem
249 278 384 342 pueri
405 294 574 340 magno
594 278 641 323 in
665 294 784 340 gyro
805 294 956 324 vacua
981 278 1100 324 atria
1126 280 1304 326 circum

72 352 245 400 Intenti
269 351 381 398 ludo
404 363 650 411 exercent3
671 352 748 398 illc
773 364 902 399 actus
927 352 1113 399 habena
1509 365 1564 393 351·

73 426 288 473 Curvatis
314 426 466 473 fertur
490 427 652 489 spatiis
675 446 684 472 ε
715 437 873 490 stupet
893 428 1039 474 inscia
1058 444 1222 491 supra,

71 500 374 563 Inpubesquc
398 517 585 559 manus,
611 502 779 547 mirata
802 501 1012 548 volubile
1035 501 1238 561 buxum3

71 578 197 621 Dant
221 576 400 623 animos
428 577 588 639 plagae.
613 580 720 623 Non
746 593 887 624 cursu
912 577 1100 640 segnior
1120 577 1200 622 illo

71 654 161 696 Per
183 651 359 697 medias
385 651 517 698 urbis
544 652 699 714 agitur
722 652 1019 714 populosque
1045 653 1237 699 feroces.

73 726 202 783 Quin
224 727 365 773 etiam
384 727 433 772 in
455 727 616 784 silva5‚
642 727 859 774 simulato
882 728 1074 774 numine
1099 727 1292 783 Bacchi,
1511 739 1568 766 35⁴5

76 929 262 983 ἀπρεπῶς
290 932 426 983 (conf.
448 931 495 968 ad
513 934 565 978 V,
588 933 696 982 6943
725 932 789 968 ad-

73 989 122 1026 de
158 991 292 1026 Burm.
332 988 379 1026 ad
415 989 533 1028 Ovid.
568 991 585 1026 1
600 1018 610 1035 ‚
649 992 699 1027 A.
736 994 787 1028 A.

79 1060 94 1083 1
109 1046 186 1096 19)
201 1046 388 1084 discurrit
405 1060 476 1097 per
492 1056 613 1085 totam
634 1046 786 1084 urbem.

79 1107 224 1141 Locum
250 1105 358 1141 hunc
377 1113 466 1142 ante
483 1105 622 1142 oculos
650 1104 790 1142 habuit

74 1164 167 1199 Stat.
198 1164 252 1199 IV
272 1161 398 1200 Theb.
423 1163 502 1209 378
525 1176 582 1212 sq.

136 1220 216 1266 378
232 1241 288 1248 —-
302 1220 398 1263 384.
430 1221 568 1257 Lineas
586 1220 787 1256 ornatissi-

77 1278 130 1313 mi
147 1277 227 1314 loci
245 1278 286 1315 in
305 1277 415 1315 Iliad.
439 1275 481 1322 ξ,
508 1279 587 1322 413
610 1278 788 1314 invenire

75 1335 151 1372 sibi
172 1334 359 1372 videntur
377 1336 453 1372 viri
478 1334 583 1372 docti
597 1363 607 1381 ‚
639 1334 706 1371 sed
732 1334 790 1371 ibi

76 1394 179 1440 Ajax
208 1401 312 1430 rotat
334 1405 474 1430 saxum
505 1392 554 1436 ὡς
582 1387 788 1445 στρόμὲον.

75 1450 193 1488 Haud
218 1450 340 1488 dubie
363 1451 483 1496 alius,
516 1451 585 1501 qui
604 1463 712 1487 nunc
731 1451 790 1486 in-

74 1508 252 1553 tercidit,
289 1508 453 1545 Graecus
484 1516 598 1558 poeta
625 1509 789 1557 praeive-

74 1574 158 1613 ταῖς
178 1567 368 1616 suspicari
392 1565 434 1603 id
460 1565 554 1603 licet
573 1578 623 1602 ex
645 1573 789 1602 ornatu

75 1625 346 1674 exquisitiore.
371 1623 498 1661 Turbo
517 1623 673 1674 lignum
688 1622 790 1660 illud

75 1681 262 1719 conoides
276 1710 287 1729 ,
305 1695 386 1732 quo
405 1683 523 1732 pueri
537 1680 686 1718 ludunt
700 1709 710 1727 ‚
732 1680 789 1717 di-

73 1752 232 1777 versum
252 1751 272 1776 a
295 1739 438 1777 trocho
452 1768 463 1786 ‚
483 1739 552 1789 qui
572 1751 704 1776 aeneus
727 1738 790 1775 vel

75 1796 234 1834 alterius
275 1798 448 1834 materiae
493 1796 665 1833 circulus
707 1805 786 1841 est,

76 1853 185 1902 quod
206 1855 282 1891 viri
303 1854 411 1891 docti
426 1853 662 1891 docuerunt.
688 1855 787 1889 Tur-

77 1909 130 1946 bo
164 1918 222 1947 est
260 1906 400 1963 ρόμὲος
433 1910 497 1947 vel
530 1905 669 1961 βέμὲιξ
684 1937 694 1954 ,
738 1923 790 1946 ex

76 1968 210 2017 Epigr.
224 1969 242 2004 1
260 1966 489 2005 Callimachi
505 1975 644 2011 notus;
660 1966 732 2002 ubi
750 1974 790 2003 et

78 2022 151 2060 ὑπο
171 2027 344 2077 πληγῆσι
363 2020 452 2067 θοὰς
470 2019 662 2075 βέμὲικσις
685 2021 789 2072 ἔχον-

77 2093 137 2124 τες
157 2072 349 2134 ἔστρεφον
367 2108 378 2127 ,
410 2090 454 2118 nt
482 2080 522 2117 h.
548 2081 576 2119 l.
600 2088 703 2116 torto
720 2080 790 2117 sub

76 2138 264 2183 verbere,
290 2137 469 2190 flagello,
496 2151 592 2175 mox
615 2136 786 2174 habena.

78 2198 218 2233 Vacua
237 2196 382 2233 cir-aun
400 2194 531 2240 atrias
550 2204 706 2241 ornate,
725 2208 788 2232 an-

76 2262 115 2291 te
138 2254 315 2292 domum.
341 2253 568 2293 Callimach.
593 2250 714 2306 εὐρείῃ
737 2249 788 2290 ἑνὶ

76 2307 233 2366 τριόδῳ.
243 2313 457 2354 Exercent,
474 2318 609 2362 agunt,
619 2318 788 2354 versant,

75 2364 242 2408 ὃονοῦσι.
255 2370 367 2406 —38
379 2383 413 2407 1.
427 2368 556 2406 Inscia
573 2368 687 2405 turba
704 2367 791 2405 vul-

75 2437 211 2481 gatum
248 2435 330 2465 erat
369 2436 458 2464 ante
495 2427 632 2464 Heius.
667 2427 792 2476 Super

75 2485 204 2524 inscia
226 2496 345 2535 supra
368 2493 460 2522 sunt
483 2484 552 2534 qui
575 2483 706 2535 legant
725 2495 786 2532 ap.

75 2545 177 2584 Pier.
194 2543 263 2581 sed
277 2551 406 2593 stupet
422 2540 549 2579 inscia
564 2554 684 2590 supra
700 2542 786 2579 Me-

75 2600 153 2641 dic.
184 2614 279 2639 cum
299 2600 383 2638 aliis
396 2629 408 2647 ,
437 2600 552 2639 eti-m
573 2599 785 2643 Pierianis;

75 2671 156 2710 quo
183 2658 285 2697 bene
318 2666 454 2696 monet
485 2657 672 2695 Heinsius
701 2670 785 2708 gra-

73 2714 191 2764 phice
221 2716 415 2768 designari
446 2727 590 2766 pueros
633 2714 784 2751 turbini

75 2772 270 2822 intentos,
314 2783 354 2812 et
386 2771 681 2825 quodammodo
724 2773 784 2809 in-

857 932 1086 969 cumbentes
1101 961 1110 977 ,
1146 946 1228 982 prae
1245 930 1377 969 studio
1398 940 1436 968 ct
1456 932 1570 969 ardo-

856 1003 898 1026 re
920 990 1044 1026 lusus.
1063 991 1125 1027 Sic
1142 998 1270 1026 tamen
1288 990 1369 1036 jam
1385 989 1573 1027 Benedic-

858 1057 919 1085 tus
956 1048 999 1083 in
1025 1049 1192 1084 Juntina
1218 1059 1227 1084 :
1266 1065 1283 1078 u
1307 1059 1427 1095 supra
1454 1047 1572 1084 habet

857 1123 875 1137 «
901 1105 1085 1154 antiquus
1102 1104 1253 1149 codex,
1285 1105 1421 1154 sicque
1441 1105 1571 1156 legen-

857 1181 874 1195 «
897 1161 1021 1207 dum3
1048 1164 1239 1212 expressit
1267 1170 1399 1198 autem
1426 1176 1570 1213 puero·

857 1238 874 1253 α
896 1224 990 1257 ωτι]Δ
1009 1233 1159 1257 morem
1184 1218 1515 1269 conglobatorum
1535 1228 1573 1256 et

857 1296 874 1309 u
897 1278 1137 1314 inhiantium
1158 1278 1232 1327 ipsi
1256 1276 1432 1322 turbini,
1454 1287 1572 1329 atque

857 1353 875 1367 «
896 1335 1124 1372 mirantium
1137 1363 1147 1380 ‚
1172 1333 1280 1385 quod
1297 1335 1349 1371 ita
1368 1337 1410 1371 in
1428 1349 1572 1386 gyrum

856 1411 875 1425 «
898 1392 1020 1430 turbo
1053 1399 1242 1429 vertatur,
1265 1410 1284 1423 υ
1313 1413 1369 1419 —
1401 1392 1573 1430 'l'urbini

857 1450 957 1486 dant
975 1449 1132 1486 animos
1151 1449 1476 1499 (concitatiorem
1493 1464 1573 1488 mo-
1612 1469 1621 1482 .

858 1508 972 1559 tum)
1000 1508 1165 1560 plagae,
1208 1507 1371 1544 verbera
1407 1508 1572 1559 ingemi-

857 1574 958 1603 nata.
980 1565 1046 1603 Ad
1061 1579 1208 1616 pueros
1228 1565 1360 1602 minus
1379 1565 1480 1602 bene
1497 1565 1572 1603 hoc

856 1624 1013 1661 referas.
1040 1627 1192 1662 Verum
1219 1631 1298 1668 est,
1330 1636 1468 1660 eorum
1489 1626 1571 1660 ani-

857 1695 942 1719 mos
971 1681 1131 1719 incendi
1156 1683 1244 1732 ipso
1267 1680 1366 1718 ludo
1386 1692 1394 1717 :
1415 1681 1482 1717 sed
1507 1681 1571 1719 hic

857 1738 904 1776 de
939 1749 1055 1777 motu
1084 1739 1256 1776 turbinis
1283 1740 1423 1789 agitur.
1454 1740 1570 1776 Com-

855 1798 1008 1846 paratio
1031 1811 1082 1834 ex
1108 1796 1272 1834 Tibullo
1291 1804 1384 1833 nota
1403 1804 1460 1832 est
1478 1797 1505 1832 l.
1527 1798 1545 1832 Ι
1559 1826 1569 1841 ,

858 1854 896 1899 5,
917 1855 939 1890 3
959 1866 969 1892 :
988 1856 1176 1904 Namque
1193 1866 1306 1904 agor,
1329 1862 1373 1889 uc
1387 1865 1465 1901 per
1476 1853 1571 1902 pla-

855 1923 909 1946 na
954 1911 1054 1948 citus
1094 1911 1181 1948 sola
1224 1909 1388 1947 verbere
1424 1910 1543 1948 turbo
1559 1940 1569 1955 ‚

854 1980 973 2018 quem
1005 1968 1108 2005 celer
1146 1968 1313 2004 adsueta
1348 1977 1489 2004 versae
1521 1969 1571 2004 ab

855 2034 942 2062 arte
956 2039 1070 2075 puer.
1091 2025 1191 2069 Sed,
1219 2037 1270 2062 ne
1299 2037 1360 2060 res
1390 2037 1440 2062 ex
1472 2038 1568 2075 pue-

855 2094 993 2118 rorum
1023 2082 1176 2120 lusibus
1206 2081 1324 2119 ducta
1357 2083 1480 2132 epicae
1509 2083 1569 2120 ‹ii-

855 2140 991 2189 gnitati
1012 2139 1257 2185 detraheret,
1273 2141 1417 2189 partim
1437 2148 1572 2178 tracta-

855 2197 962 2233 tione
1002 2205 1040 2234 et
1070 2196 1254 2235 dictionis
1289 2198 1481 2247 gravitate
1514 2199 1568 2235 ef-

855 2253 945 2290 fecit
975 2256 1115 2300 Maro,
1141 2255 1282 2305 partim
1306 2254 1355 2291 ab
1381 2256 1467 2304 ipso
1490 2255 1568 2292 lec-

857 2319 941 2348 tore
957 2312 1175 2350 cavendum
1193 2320 1274 2358 est,
1299 2324 1350 2348 ne
1368 2311 1567 2351 sordidam

855 2377 1029 2406 nostram
1064 2371 1108 2407 in
1144 2370 1270 2411 tu'viis
1311 2368 1459 2419 pubem
1499 2384 1565 2408 co-

855 2427 976 2477 gitet,
1009 2426 1078 2464 sed
1110 2441 1160 2465 ex
1188 2428 1312 2478 prisca
1345 2427 1424 2462 vita
1459 2428 1567 2480 inge-

856 2496 948 2521 nuae
962 2485 1182 2532 juventutis
1211 2485 1424 2521 certamina
1447 2493 1485 2522 et
1508 2486 1566 2523 lu-

854 2539 927 2579 dos
956 2544 999 2578 in
1031 2542 1193 2593 Campo.
1225 2544 1415 2579 Versatur
1436 2551 1565 2580 autem

854 2601 1157 2651 comparationis
1196 2600 1255 2636 vis
1290 2600 1333 2636 in
1383 2598 1563 2638 discursu

852 2656 1024 2696 rhombi.

911 2715 1007 2753 385.
1025 2714 1238 2754 Praeclarus
1263 2714 1377 2752 locus
1395 2723 1453 2751 est
1466 2742 1476 2757 ,
1497 2714 1564 2762 qui

851 2774 1053 2823 sequitur,
1080 2771 1171 2817 sed,
1195 2780 1239 2809 ut
1263 2773 1345 2820 ejus
1377 2778 1564 2822 praestan·
