1767 3054
118 145 199 184 256

747 143 993 182 AENEIDOS

117 221 301 262 Funere
327 214 451 260 felici
472 213 663 276 spolior.
687 234 705 255 ³>
726 216 826 260 Nec
850 213 987 275 plura
1011 212 1196 258 locutus

119 291 289 353 Saepsit
316 307 363 337 se
388 289 548 347 tectis,
570 305 825 350 rerumque
852 287 1043 349 reliquit
1062 286 1286 332 habenas.

1561 296 1624 328 600

186 370 293 413 Mos
319 377 419 412 crat
443 366 675 428 Hesperio
697 364 746 410 in
771 363 932 421 Latio,
958 379 1100 426 quem
1119 363 1338 426 protinus
1363 359 1507 407 urbes

121 548 313 602 piendum
351 556 539 597 tanquam
584 546 737 584 dictum
767 559 842 597 pro

114 617 234 659 portu
249 622 263 652 ;
282 607 343 644 uti
368 615 501 643 autem
520 605 675 656 vulgari
690 605 844 642 ratione

124 667 165 703 in
178 675 295 716 portu
315 678 416 708 esse,
445 665 630 715 navigare
643 692 654 710 ‚
673 663 845 700 dicimur

124 727 178 761 ita
203 723 244 762 h.
274 723 302 761 l.
337 722 376 758 in
396 721 537 758 limine
549 731 702 772 porcus.
723 722 845 758 Duri-

121 784 217 819 tiem
243 780 365 818 habet
401 781 591 818 omissum
618 793 717 817 sum.
750 782 845 817 Sum

124 839 276 884 omnis,
299 847 429 884 totus,
461 840 503 875 in
530 838 688 882 limine,
715 837 845 884 aditu,

122 906 274 948 portus.
307 898 445 944 Itaque
475 909 622 945 sequor
649 898 846 946 Pompon.

126 956 216 993 Sab.
231 983 243 1001 ,
263 955 331 1003 qui
348 953 431 988 haec
447 952 567 989 habet
585 965 594 991 z
615 967 743 990 senex
759 967 845 989 sum

127 1013 226 1048 etin
243 1020 366 1061 portu
394 1010 486 1046 vica
517 1024 607 1047 mea
635 1021 716 1056 e5t;
737 1012 848 1061 quasi

128 1078 229 1107 esset
250 1081 260 1106 :
283 1077 322 1105 ec
333 1077 435 1104 totus
454 1082 539 1104 sum
565 1068 606 1105 in
627 1069 739 1105 aditu
750 1083 847 1118 por·

128 1137 216 1172 tu5;
243 1128 287 1163 in
324 1134 449 1175 portu
486 1127 644 1177 navigo.
671 1128 773 1166 Nam
803 1135 850 1163 ut

129 1184 256 1221 omnis
272 1184 494 1220 retrahatur
507 1183 555 1220 ad
568 1184 679 1233 quies
690 1213 700 1229 ,
717 1193 764 1220 ut
775 1185 848 1221 sit:

130 1242 230 1279 mihi
236 1251 363 1292 parta
376 1251 436 1278 esc
450 1241 572 1291 quies,
583 1255 711 1292 eaque
724 1240 852 1278 omnis

121 1300 214 1350 jam.
242 1307 300 1336 esc
330 1299 371 1335 in
397 1299 424 1336 l.
441 1313 508 1349 μ,
527 1299 718 1350 putidum
738 1308 851 1337 esset.

132 1360 287 1396 Interea
326 1357 461 1394 malim
509 1357 693 1408 equidem
730 1366 853 1395 totam

131 1417 235 1453 hanc
254 1415 438 1452 laciniam
458 1415 637 1453 adsutum
660 1424 830 1453 statuere
844 1444 854 1462 ‚

132 1487 251 1510 versu
293 1473 499 1523 inexpleto
536 1475 688 1512 relicto.
728 1476 856 1511 Etiam

134 1530 360 1568 Markland.
383 1531 433 1566 ad
452 1534 546 1569 Stat.
568 1534 608 1568 II
636 1533 731 1571 Silv.
755 1544 793 1578 2,
818 1545 837 1560 ”v

821 1560 855 1579 17

136 1597 267 1625 totum
297 1587 591 1625 hemistichium
628 1597 857 1640 suspectum

137 1646 393 1683 habebat.-—-
407 1646 487 1695 598
505 1675 515 1693 ,
544 1647 639 1697 599.
676 1647 760 1686 Sibi
785 1661 858 1684 rex

138 1712 321 1753 paratum
363 1717 444 1741 esse
488 1706 542 1742 ait
576 1705 775 1756 refugium
814 1706 859 1742 in

139 1769 268 1798 morte
288 1763 431 1809 vicina,
443 1776 518 1799 nec
534 1763 611 1800 sibi
622 1765 723 1813 eripi
736 1763 857 1810 aliud,

138 1828 402 1869 praeterquam
417 1849 427 1867 ‚
451 1834 528 1867 ne,
558 1829 604 1857 ut
633 1821 729 1858 felix
751 1825 861 1859 vixe-

137 1879 188 1913 rit
205 1905 215 1922 ‚
235 1879 290 1914 ita
307 1877 404 1913 felix
423 1878 641 1928 beatusque
654 1881 859 1918 moriatur.

138 1936 340 1973 Sententia
357 1935 575 1973 verborum
587 1937 770 1987 expedita
782 1946 839 1974 est
850 1965 860 1983 ‚

139 1994 172 2029 si
192 1994 340 2044 cogites
353 2020 363 2038 ‚
383 2006 498 2042 posse
516 1995 687 2044 aliquem
708 1995 863 2032 felicem

140 2053 275 2089 vivere
286 2079 297 2097 ‚
312 2052 414 2089 mori
427 2052 626 2089 infelicem
642 2066 652 2099 ;
668 2061 706 2090 et
718 2054 865 2091 multos

143 2109 261 2147 fuisse
274 2137 285 2155 ‚
304 2111 374 2161 qui
387 2138 398 2156 ‚
421 2123 503 2148 uno
521 2111 584 2148 die
604 2112 764 2149 citerius
779 2140 788 2158 ‚
810 2113 865 2149 vi-

142 2175 179 2203 ta
195 2168 397 2206 discedere
414 2168 644 2206 debuissent
662 2181 671 2207 :
689 2169 762 2207 hos
779 2184 867 2220 spo-

141 2224 257 2263 liatos
277 2226 425 2264 dixeris
442 2237 570 2265 morte
588 2228 704 2266 felici.
725 2227 800 2266 Sed
817 2227 866 2265 de

143 2284 275 2320 verbis
294 2284 442 2335 ambigi
456 2294 610 2334 potest:
628 2299 702 2337 ego
724 2286 866 2334 omnis,

146 2347 253 2376 totus
265 2369 274 2387 ,
312 2356 400 2379 sum
444 2343 486 2380 in
525 2343 685 2389 limine,
735 2343 866 2391 aditu,

138 2407 277 2445 portus
286 2414 302 2443 ‚·
322 2401 365 2436 in
381 2410 502 2451 portu
515 2401 595 2448 jam
612 2411 768 2440 tantum
783 2415 868 2440 non

143 2456 303 2506 navigo.
334 2460 465 2496 Funus
491 2473 566 2509 pro
602 2461 685 2510 ipsa
713 2469 864 2509 morte,

145 2512 254 2549 haud
273 2513 418 2562 dubie3
439 2530 523 2554 non
547 2516 595 2553 de
616 2519 806 2569 exequiis,

207 2570 446 2620 599—600.
467 2574 587 2624 Quod
604 2577 766 2612 Latinus
781 2589 867 2628 reg-

144 2629 187 2664 ni
207 2630 344 2666 munia
359 2635 522 2680 prorsus
535 2631 697 2678 deserit,
715 2646 766 2669 ne
778 2634 866 2683 quis

145 2685 222 2723 hoc
260 2695 407 2724 temere
443 2688 590 2725 factum
627 2690 865 2737 arbitretur,

151 2744 363 2782 tenendum
387 2754 467 2792 est,
495 2745 545 2781 ad
565 2749 694 2784 Turni
719 2761 868 2785 nomen

146 2801 427 2842 illustrandum
439 2832 451 2852 ,
470 2804 524 2842 ita
544 2817 605 2842 res
634 2812 867 2855 attempera-

910 554 967 582 tas
990 557 1095 591 esse,
1113 553 1160 581 ut
1189 547 1221 583 is
1250 557 1446 583 summam
1473 545 1632 594 imperii

910 611 1045 639 tenere
1071 599 1268 642 videatur.
1288 603 1417 642 Facile
1441 604 1548 640 enim
1572 603 1633 639 in-

911 661 1128 711 telligitur,
1159 674 1286 711 quum
1323 661 1443 698 semel
1469 663 1634 699 Turnus

912 719 962 756 ad
990 722 1121 756 AEneae
1152 720 1341 756 virtutem
1359 718 1634 756 illustrandam
1688 718 1691 723 '

910 778 1128 828 insigniore
1150 777 1268 815 laude
1297 776 1556 816 celebrandus
1580 790 1637 812 es-

912 844 984 881 set,
999 834 1087 872 fieri
1097 835 1175 873 hoc
1187 849 1271 873 non
1285 845 1390 873 recte
1407 835 1636 886 potuisse,si

914 892 1106 931 secundas
1122 902 1252 944 partes
1269 903 1410 945 ageret,
1421 901 1460 930 et
1478 892 1638 929 alterius

915 952 1102 1002 auspiciis
1115 966 1176 990 res
1188 961 1352 1003 gereret.
1366 951 1517 990 Eodem
1529 963 1640 1000 spec-
1652 988 1656 990 ,

914 1019 1001 1048 tant
1029 1009 1123 1056 alia,
1145 1023 1234 1059 quae
1265 1023 1286 1047 a
1310 1013 1479 1048 Marone
1502 1008 1637 1046 soller-

914 1076 975 1104 ter
1021 1068 1179 1116 provisa
1220 1077 1327 1106 sunt.
1373 1068 1642 1106 Continentur

915 1125 1059 1164 Rutuli
1073 1126 1233 1163 nomine
1246 1127 1400 1173 Latino,
1415 1134 1454 1163 et
1463 1129 1641 1169 Turnus,

916 1184 1018 1233 regis
1038 1184 1200 1220 nomine
1236 1193 1399 1221 ornatus
1413 1211 1424 1229 ‚
1440 1182 1571 1221 Latini
1589 1190 1642 1218 ta-

918 1254 1009 1278 men
1027 1241 1268 1291 principatui
1286 1249 1398 1290 paret
1415 1253 1425 1278 :
1443 1253 1552 1278 nunc
1575 1253 1643 1276 au-

920 1308 1000 1336 tem
1035 1300 1078 1335 in
1110 1301 1240 1337 Latini
1271 1299 1405 1336 locum
1440 1297 1642 1336 succedit:

921 1355 1260 1408 quemadmodum
1303 1357 1411 1408 apud
1456 1359 1644 1394 Etruscos

923 1417 1072 1453 factum
1090 1415 1271 1453 videmus
1284 1443 1295 1462 ‚
1313 1424 1380 1452 aut
1397 1417 1502 1452 inter
1518 1413 1642 1453 Aeln'-

925 1487 1013 1519 vos,
1055 1482 1101 1511 ut
1123 1474 1304 1524 plurium
1342 1476 1548 1513 civitatum
1584 1485 1644 1509 re-

923 1545 988 1582 ges
1011 1533 1275 1582 principatum
1291 1534 1364 1570 uni
1382 1536 1488 1571 inter
1513 1545 1554 1569 se
1581 1529 1647 1567 de-

922 1590 1085 1627 ferrent.
1121 1592 1186 1627 Ex
1223 1590 1339 1627 dictis
1382 1589 1620 1639 intelligitur
1633 1616 1643 1633 ‚

924 1647 1129 1697 quomodo
1149 1650 1265 1685 Maro
1292 1661 1393 1699 saepe
1411 1647 1644 1685 Rutulorum

924 1717 1075 1741 nomen
1091 1718 1165 1754 pro
1183 1705 1340 1743 Latinis
1360 1717 1510 1757 ponere
1524 1733 1535 1751 ,
1556 1704 1647 1741 alias

896 1798 898 1803 ,
926 1762 1149 1799 discernere
1178 1765 1384 1813 potuerit:
1413 1764 1565 1801 scilieet
1602 1770 1673 1798 ut·

926 1821 1141 1868 Hernicos,
1159 1824 1327 1871 AEquos,
1342 1822 1524 1859 Volscos.
1543 1821 1650 1858 Hinc

928 1887 1089 1929 apparet
1111 1891 1292 1928 quoque,
1319 1892 1392 1916 cur
1411 1879 1542 1917 Turni
1568 1891 1650 1915 ma-

930 1937 1164 1973 trimonium
1188 1935 1394 1973 connubiis
1408 1935 1566 1973 Latinis
1583 1936 1651 1972 de-

929 1995 1083 2045 signare
1096 1995 1272 2044 potuerit
1288 2008 1376 2045 sup.
1394 1996 1476 2032 VII
1489 2022 1500 2040 ,
1518 1994 1572 2044 96
1583 2022 1594 2040 ‚
1615 2002 1654 2030 et

930 2051 1036 2089 idem
1054 2054 1234 2089 Laurens
1269 2055 1420 2105 Turnus
1435 2054 1529 2099 VII,
1553 2052 1650 2096 640.

989 2110 1236 2149 601—622.
1260 2112 1496 2162 Egregium,
1517 2118 1557 2147 et
1573 2111 1654 2159 epi-

931 2182 988 2207 cae
1010 2169 1202 2216 majestati
1222 2177 1533 2206 consentaneum
1557 2179 1652 2217 poe-

933 2237 983 2265 tae
1026 2235 1297 2272 commentum
1309 2254 1320 2272 ,
1367 2226 1464 2263 dum
1501 2223 1654 2262 bellum

934 2294 1090 2323 motum
1100 2293 1138 2321 et
1149 2284 1303 2321 illatum
1314 2292 1544 2322 narraturus
1556 2291 1652 2328 erat,

933 2345 1110 2394 primum
1129 2355 1281 2380 morem
1296 2343 1468 2392 patrium
1485 2341 1511 2377 J
1513 2340 1578 2376 ani
1596 2353 1655 2376 re-

935 2400 1092 2438 serandi
1126 2413 1321 2437 arcessere
1334 2427 1346 2446 ,
1370 2407 1456 2436 tum
1486 2396 1536 2434 ad
1569 2397 1652 2435 deae

934 2459 1199 2496 ministerium
1241 2469 1325 2494 eam
1367 2469 1452 2492 rem
1486 2455 1652 2501 referre,

933 2516 1041 2554 unde
1070 2523 1236 2566 augusta
1265 2515 1322 2551 rei
1343 2515 1492 2564 species
1521 2515 1653 2550 exori-

933 2583 1013 2612 tur.
1028 2572 1149 2623 Quod
1170 2578 1327 2621 poetam
1347 2585 1384 2609 v.
1404 2571 1483 2608 601
1503 2599 1513 2617 ‚
1538 2571 1620 2608 602
1641 2599 1651 2616 ‚

933 2631 984 2668 ab
1014 2629 1203 2667 historica
1230 2627 1310 2666 fide
1331 2630 1530 2666 recessisse
1559 2642 1653 2667 con-

935 2687 1105 2726 tendunt
1124 2690 1302 2737 Interpp.
1329 2695 1421 2737 post
1449 2688 1651 2732 Servium,

935 2760 1059 2796 quum
1075 2747 1209 2783 Livius
1226 2744 1297 2783 lib.
1319 2748 1338 2784 I
1351 2774 1362 2793 ‚
1386 2758 1435 2796 19
1451 2774 1461 2792 ‚
1481 2759 1502 2783 a
1521 2747 1653 2785 Numa

935 2803 1095 2842 demum
1130 2805 1154 2843 J
1158 2815 1299 2852 anum,
1337 2803 1511 2842 indicem
1546 2803 1655 2856 pacis
