1767 3054
701 80 851 118 LlssER
882 80 954 116 Ἦ.
1528 96 1580 132 99

74 161 224 206 Natus
250 168 294 203 et
325 159 423 219 ipse
447 155 547 201 dea.
573 155 673 199 Nec
698 152 896 198 Teucris
921 149 1081 196 addita
1106 154 1232 195 Juno
1541 177 1580 204 90

75 235 289 294 Usquam
311 230 476 278 aberit.
501 231 660 286 Quum
687 237 739 273 tu
762 226 965 289 supplex
988 226 1035 271 in
1058 223 1200 271 rebus
1226 228 1383 287 egenis

78 309 209 365 Quas
235 305 382 370 gentis
406 304 600 363 Italum,
628 313 710 349 aut
734 319 850 365 quas
870 317 966 347 non
991 301 1202 347 oraveris
1230 298 1383 346 urbis!

80 386 255 431 Caussa
279 381 388 428 mali
409 381 547 439 tanti,
573 381 747 443 conjux
772 380 945 426 iterum
970 377 1160 442 hospita
1181 377 1401 434 Teucris,

79 459 368 521 Externique
391 457 567 503 iterum
589 455 796 503 thalami.

141 672 209 710 90·
233 658 388 696 Abdita
424 659 541 696 multi
571 673 634 710 ap.
671 659 799 706 Pier.,

81 731 133 755 ex
152 730 276 755 more.
295 720 558 755 Heumannus
577 718 673 755 olim
694 719 799 765 conj.

81 788 153 812 nec
184 776 341 813 Teucris
372 776 539 827 (addit)
571 779 705 821 Juno;
734 775 802 813 sed

82 846 283 884 repressus
302 833 353 870 ab
385 836 615 871 Burmanno
638 834 687 870 ad
707 833 747 871 h.
772 834 799 872 l.

82 913 141 919 —
154 893 241 929 Nec
262 891 422 929 Teucris
445 891 586 928 addita
602 894 710 928 luno
731 894 800 928 Us-

83 962 206 1000 quam
224 949 363 987 aberit.
382 951 663 1000 Interpretatio
682 949 760 986 loci
781 963 802 987 e

83 1006 285 1044 veteribus
309 1007 426 1045 nobis
453 1016 605 1044 servata
625 1016 695 1045 est.
720 1010 806 1045 Ma-

87 1064 199 1103 crob.
212 1067 270 1102 VI
283 1067 361 1104 Sat.
385 1074 407 1111 4
427 1078 554 1102 unum
570 1079 620 1102 ex
635 1066 684 1102 iis
705 1065 806 1103 locis

85 1135 168 1159 esse
199 1122 338 1168 docet,
369 1125 412 1160 in
438 1123 586 1173 quibus
606 1132 806 1161 vetustum

87 1180 255 1217 verbum
276 1182 492 1218 servaverit
517 1190 647 1232 poeta.
678 1181 807 1219 Addi-

88 1246 153 1282 ta,
183 1237 227 1273 1d
254 1247 334 1282 est,
368 1238 536 1290 affixa,
557 1249 596 1276 et
612 1253 690 1289 per·
707 1238 803 1285 hoc,

90 1293 252 1345 infiosta.
280 1296 368 1331 Hoc
388 1295 474 1344 jam
498 1295 661 1332 dtxerat
689 1297 805 1334 Luci-

89 1352 167 1389 Iius
197 1352 263 1389 lib.
289 1354 396 1389 XIV
414 1351 474 1389 his
492 1353 703 1389 Γιεϊ.ςι’.·ῐ)ιι.<
723 1354 810 1390 «δι’

92 1408 194 1446 mihi
206 1423 286 1447 non
306 1419 462 1460 proetor
477 1409 553 1447 siet
571 1409 729 1447 additus
752 1420 808 1448 ac-

91 1480 167 1519 que
179 1467 307 1518 agitet
317 1481 399 1511 me,
418 1470 512 1504 Non
530 1469 637 1503 male
650 1468 706 1503 sic
722 1468 805 1513 ille,

93 1533 137 1561 ut
163 1524 274 1570 dico,
303 1538 366 1562 me
389 1524 632 1561 extenderat
655 1538 767 1562 unus.
788 1543 809 1557 υ

90 1583 221 1621 Etiam
233 1584 415 1622 Servius:
430 1582 571 1620 addita
589 1585 693 1620 ,Τιιηο
706 1612 717 1628 ,
740 1582 812 1619 ini-

94 1640 213 1679 mica.
233 1642 309 1678 Est
323 1649 456 1678 autem
482 1640 648 1678 verbum
666 1640 815 1678 Lucilii

94 1708 135 1736 et
151 1698 404 1750 antiquorum
423 1713 437 1736 .·
461 1708 505 1736 ιιι·
522 1699 690 1736 Plautus
712 1699 809 1738 Aul.

93 1758 188 1804 III,
205 1758 230 1794 6
242 1786 254 1805 ,
279 1758 329 1795 16
349 1775 368 1790 κ
379 1760 536 1810 Argus,
559 1771 676 1809 quem
690 1771 813 1808 quon-

96 1812 192 1849 dam
219 1814 310 1850 Jovi
340 1816 446 1851 Iuno
469 1815 671 1852 custodem
694 1815 812 1852 addi-

97 1869 169 1907 dit.
184 1889 204 1903 »
224 1871 301 1908 Sed
325 1871 492 1909 alterum
522 1871 600 1910 hoc
614 1873 743 1911 Plauti
763 1887 813 1911 ex

96 1929 145 1965 iis
166 1929 301 1979 potius
321 1930 511 1980 exemplis
531 1939 588 1967 est
601 1958 612 1977 ‚
633 1944 722 1981 quae
740 1931 812 1969 do-

98 1995 232 2031 ceant,
250 1987 454 2037 quomodo
471 2000 559 2024 voc.
589 1988 752 2025 additus
771 1990 815 2027 iu

98 2044 208 2081 hunc
219 2044 484 2096 significatum
501 2047 666 2083 transire
677 2055 815 2097 potue-

98 2103 164 2140 rit.
181 2103 336 2140 Scilicet
347 2103 546 2140 custodem
569 2103 683 2149 dari‚
699 2104 811 2150 addi,

98 2173 187 2198 voc.
206 2163 416 2211 proprium
435 2170 515 2208 est3
537 2175 575 2199 v.
596 2163 715 2201 c.inf.
733 2164 813 2209 IX,

100 2218 183 2269 649
212 2221 310 2255 Tum
331 2219 514 2256 comitem
539 2220 718 2257 Ascanio
737 2234 816 2271 pa-

100 2286 162 2314 ter
175 2276 359 2324 addidit;
378 2286 415 2314 et
429 2280 568 2316 Horat.
587 2280 646 2315 111
665 2278 742 2318 Od.
766 2287 787 2323 4
803 2307 813 2324 ‚

103 2347 155 2386 79
166 2334 357 2386 nequitiae
370 2335 531 2372 additus
551 2337 688 2374 Custos
700 2366 711 2382 ,
732 2337 817 2373 vul-

99 2401 185 2440 tur,
230 2394 299 2444 qui
328 2395 438 2444 Tityi
470 2396 584 2443 jecur
619 2396 752 2433 obserx
765 2404 816 2433 at.

98 2452 189 2489 Jam
220 2459 351 2488 autem
376 2454 446 2502 qui
482 2453 660 2490 custodes
688 2453 822 2490 additi

99 2517 216 2558 sunt,
239 2510 422 2560 inprimis
452 2524 617 2561 peccare
651 2512 821 2548 xoleuti-

100 2566 177 2604 bus
190 2596 201 2615 ,
221 2567 342 2605 iidem
362 2569 518 2606 molesti
538 2578 633 2606 sunt
648 2598 657 2613 ‚
679 2568 820 2606 diffici-

99 2623 156 2661 les
169 2653 181 2672 ,
199 2625 348 2672 odiosi,
371 2626 518 2664 infesti.
542 2629 646 2666 Nota
666 2641 727 2664 res
740 2628 820 2675 jam

100 2693 152 2719 ex
189 2684 368 2720 virorum
404 2683 617 2722 doctorum
648 2685 822 2736 disputa-

104 2738 294 2779 tionibus
325 2740 406 2779 Adi
441 2742 504 2780 vel
533 2743 699 2781 Gesneri
723 2743 822 2781 The-

867 671 971 696 saur.
994 659 1066 695 LL.
1098 658 1139 695 h.
1163 671 1201 695 v,
1223 657 1436 708 Virgilium
1462 659 1587 696 imita-

869 726 932 754 tus
966 723 1024 753 est
1057 717 1101 752 in
1125 716 1236 752 vocis
1273 729 1348 752 usu
1384 716 1502 753 Silius
1530 719 1566 753 II
1581 746 1591 762 ,

872 775 955 825 595
987 773 1074 825 agit
1103 773 1246 810 addita
1267 774 1458 822 Erynm's.
1480 775 1592 811 Paul-

870 833 911 871 lo
947 832 1059 869 aliter
1083 840 1310 883 comparata
1341 841 1436 869 suut
1459 844 1593 869 exem-

870 891 955 942 pla,
978 892 1022 927 iu
1059 890 1206 940 quibus
1240 889 1341 926 addi
1369 890 1432 927 vel
1462 890 1597 927 addici

871 963 953 986 esse
973 948 1164 985 dicuutur
1178 977 1188 995 ‚
1213 949 1285 998 qui
1303 961 1387 985 non
1411 949 1495 985 sine
1516 961 1597 986 mo-

872 1007 985 1044 lestia
1024 1006 1155 1056 aliqua
1195 1005 1392 1043 accedunt
1422 1006 1472 1043 ad
1494 1019 1593 1052 nos,

873 1065 938 1102 vel
961 1077 1049 1116 quae
1068 1065 1187 1102 nobis
1206 1066 1449 1115 contingunt
1466 1065 1596 1116 ingra-

873 1131 926 1161 ta.
948 1137 986 1161 v.
1006 1136 1041 1160 c.
1063 1123 1171 1173 apud
1190 1125 1286 1161 Stat.
1307 1124 1346 1159 II
1366 1121 1493 1160 Theb.
1515 1124 1597 1159 320

875 1183 929 1218 Et
943 1210 953 1228 ‚
973 1194 1053 1231 qua
1079 1194 1160 1217 non
1184 1180 1348 1232 gravior
1364 1179 1597 1217 mortalibus

875 1239 1020 1277 addita
1043 1252 1162 1283 cura,
1192 1241 1302 1288 Spes.
1333 1237 1400 1276 Ad
1426 1238 1506 1275 hoc
1530 1251 1595 1290 ge-

875 1310 952 1334 nus
969 1296 1175 1333 referenda
1186 1296 1294 1342 loca,
1313 1309 1402 1346 quae
1422 1296 1597 1332 afferunt

873 1353 1079 1391 Drakenb.
1093 1353 1143 1391 ad
1154 1354 1296 1391 Silium
1311 1354 1338 1389 l.
1358 1366 1393 1388 c,
1413 1354 1595 1390 Gronov,

875 1410 926 1447 ad
956 1412 1094 1448 Senec.
1135 1411 1255 1448 Herc,
1292 1409 1369 1447 fur.
1413 1410 1518 1457 1237
1557 1418 1595 1446 et

876 1468 943 1514 aL,
977 1480 1061 1504 non
1092 1467 1142 1503 ad
1173 1468 1297 1517 prius.
1322 1466 1439 1504 Adde
1461 1467 1594 1505 Valet.

877 1525 1005 1563 Flacc.
1020 1526 1101 1571 VI,
1120 1524 1168 1562 18
1180 1537 1195 1561 1
1215 1537 1224 1562 :
1243 1526 1331 1562 Nec
1349 1525 1442 1561 dum
1455 1524 1596 1570 clara;

878 1582 1017 1634 quibus
1043 1595 1127 1619 sese
1150 1585 1263 1633 Fuga
1281 1581 1436 1633 (Φύζα)
1457 1583 1597 1620 menci-

878 1641 946 1678 bus
972 1641 1113 1678 addat.
1142 1640 1271 1678 Aliter
1294 1654 1377 1677 rem
1409 1640 1599 1691 expedire

877 1699 1051 1737 voluisse
1062 1698 1221 1736 videtur
1239 1700 1492 1736 Burmannus
1506 1727 1516 1746 ,
1526 1702 1598 1751 qui

878 1759 932 1795 ita
974 1757 1134 1795 ordinat
1158 1757 1281 1794 verba
1302 1769 1311 1795 :
1331 1775 1351 1789 κ
1379 1759 1467 1795 Nec
1493 1760 1598 1794 Juno

879 1815 1008 1853 aberit
1045 1818 1081 1853 T
1079 1815 1224 1861 eucris,
1261 1814 1407 1851 addita
1447 1815 1599 1852 scilicet

879 1873 965 1910 aliis
1000 1872 1183 1910 hostibus
1203 1901 1213 1919 ‚
1249 1875 1390 1910 Turno
1429 1880 1468 1909 et
1505 1874 1597 1910 reli-

880 1932 993 1980 quis:
1012 1949 1032 1963 >2
1052 1930 1130 1967 hoc
1152 1943 1250 1968 vero
1279 1930 1407 1967 multo
1434 1929 1598 1975 durius3

880 1989 997 2025 etiam
1017 1988 1050 2024 si
1064 1989 1230 2039 jungere
1248 1987 1370 2025 velles
1389 1999 1398 2024 ε
1417 2000 1490 2023 nec
1512 1988 1600 2026 abe-

881 2045 934 2082 rit
951 2045 1093 2082 addita
1107 2074 1118 2091 ,
1138 2045 1178 2083 h.
1211 2059 1246 2082 e.
1279 2044 1447 2082 addetur
1460 2073 1470 2091 ,
1491 2060 1598 2085 acce-

883 2103 948 2140 det
971 2117 1025 2142 sc.
1051 2116 1156 2141 nova
1178 2103 1316 2141 hostis.
1337 2106 1376 2141 Si
1393 2104 1482 2154 quis
1497 2119 1600 2143 non-

882 2161 978 2198 dum
1001 2161 1085 2198 ullo
1103 2163 1320 2212 interprete
1343 2162 1523 2212 inspecto
1547 2164 1602 2201 lo-

883 2233 976 2256 cum
995 2220 1121 2271 legat,
1141 2221 1173 2256 is
1191 2219 1300 2257 haud
1319 2218 1440 2256 dubie
1460 2220 1514 2257 ita
1538 2235 1600 2258 ac-

885 2279 1004 2328 cipiet
1023 2290 1032 2316 :
1059 2291 1132 2314 nec
1148 2277 1277 2314 deerit
1292 2280 1335 2316 in
1360 2277 1472 2314 Italia
1491 2281 1599 2316 Iuno

885 2336 1027 2373 addita
1043 2337 1077 2372 T
1075 2338 1198 2375 eucris
1207 2364 1219 2381 ,
1234 2349 1325 2386 quae
1341 2349 1496 2387 semper
1507 2339 1603 2375 Tro‘

881 2395 984 2442 J‘anis
1002 2393 1134 2432 adesse
1147 2423 1157 2442 ‚
1179 2397 1226 2433 iis
1254 2398 1400 2433 instare
1413 2423 1423 2441 ,
1444 2407 1512 2433 eos
1530 2408 1599 2433 ur-

886 2465 975 2504 gere
988 2481 998 2498 ,
1023 2455 1208 2504 persequi
1226 2455 1338 2492 solet.
1362 2455 1435 2491 Eas
1456 2466 1516 2490 res
1538 2455 1598 2492 in—

886 2511 975 2547 festi
998 2512 1120 2549 animi
1142 2526 1223 2549 esse
1245 2514 1334 2563 quis
1356 2510 1542 2549 dubitet?

945 2583 969 2619 9
981 2581 1113 2619 1—97
1122 2600 1130 2607 .
1147 2572 1276 2620 Quum
1290 2579 1330 2607 tu
1342 2583 1416 2621 pro
1425 2570 1600 2620 vulgari,

888 2636 968 2663 tum
1002 2636 1054 2664 tu.
1077 2628 1260 2665 Oraveris
1280 2641 1293 2664 .·
1319 2642 1355 2666 v,
1381 2627 1451 2665 lib.
1474 2629 1574 2665 VIII
1590 2657 1599 2673 ,

888 2685 972 2722 scil.
993 2685 1223 2723 Evandrum
1253 2695 1291 2723 et
1315 2685 1528 2736 Agyllinos
1556 2688 1603 2722 E-

890 2751 1053 2781 truscos,
1079 2746 1127 2781 In
1148 2744 1261 2782 rebus
1284 2744 1440 2796 egenis,
1466 2755 1603 2794 angus-
