1767 3054
694 164 846 200 LIBER
877 164 928 199 v,
1514 166 1566 212 39

64 241 308 298 Quaeritur
330 237 441 283 huic
463 235 581 282 alius
601 254 613 293 3
637 252 723 281 nec
749 236 999 297 quisquam
1025 249 1082 279 ex
1109 234 1294 297 agmine
1321 248 1449 283 tanto

63 315 221 362 Audet
245 313 375 361 adire
398 311 578 368 virum,
593 309 908 372 manibusque
928 308 1154 354 inducere
1177 320 1359 356 caestus.

60 392 186 453 Ergo
211 387 398 445 alacris,
424 398 714 448 cunctosque
738 397 907 448 putans
933 383 1163 430 excedere
1188 384 1365 446 palma,
1504 395 1563 425 3...

60 467 219 512 AEneae
243 465 370 511 stetit
396 475 503 509 ante
529 462 695 525 pedes,
715 478 800 507 nec
826 461 964 522 plura
985 470 1219 517 moratus,

59 543 180 586 Tum
199 539 317 585 laeva
342 549 532 584 taurum
557 553 707 582 cornu
729 547 878 593 tenet,
900 547 1042 598 atque
1063 535 1129 582 ita
1153 535 1281 581 satur
1302 553 1311 578 ι

59 636 77 654 «
98 617 220 661 Nate
245 615 357 671 dea,
378 614 416 660 si
441 628 580 658 nemo
607 609 749 657 audet
768 628 817 657 se
842 610 1037 656 eredere
1061 626 1253 674 pugnae,

58 692 177 747 Quae
201 689 306 735 finis
330 687 512 735 standi?
534 703 630 749 quo
654 703 728 732 mc
755 685 890 732 decet
914 702 1063 748 usque
1085 685 1265 731 teneri?

56 769 244 812 Ducere
265 766 389 812 dona
405 763 536 829 jube.
564 784 582 804 »
610 762 780 809 Cuncti
802 762 939 809 simul
963 778 1046 808 ore
1068 761 1333 808 fremebant
1506 773 1562 802 385

58 840 368 909 Dardanidae,
396 839 626 901 reddique
651 838 757 883 viro
783 838 1014 900 promissa
1034 836 1283 900 jubebant.

123 919 215 966 Hic
239 918 396 982 gravis
419 915 656 963 Entellum
681 913 818 960 dictis
843 914 1040 976 castigat
1063 917 1279 972 Acestes,

55 999 319 1041 Proxumus
345 1004 396 1039 ut
414 990 651 1038 viridante
673 1000 781 1035 toro
804 989 1081 1036 consederat
1102 988 1265 1034 herbae
1287 1007 1297 1034 :

57 1092 75 1110 α
101 1069 305 1128 Entelle,
331 1068 532 1114 heroum
558 1064 798 1128 quondam
821 1064 1073 1111 fortissime
1099 1064 1296 1121 frustra,

55 1148 266 1192 Tantane
290 1156 385 1191 tam
406 1143 588 1206 patiens
610 1141 739 1187 nullo
763 1139 1020 1187 certamine
1042 1138 1142 1184 tolli
1502 1149 1561 1190 390

119 1364 215 1412 379.
241 1362 388 1399 Caestus
404 1360 556 1411 ubique
574 1360 779 1407 scribitur,

851 1361 946 1406 554.
975 1358 1112 1398 Stanci
1137 1357 1303 1397 Mentel.
1322 1371 1384 1409 pr.
1418 1359 1563 1395 scando

60 1421 178 1458 etiam
209 1421 253 1458 in
289 1418 473 1457 Mediceo
495 1431 504 1456 ;
539 1418 779 1469 etymologia
846 1427 935 1457 tert.
957 1432 975 1456 a
992 1433 1044 1458 m.
1065 1431 1126 1470 pr.
1151 1419 1237 1468 Quo
1259 1430 1322 1453 me
1341 1415 1449 1453 tedet
1469 1426 1566 1453 aute

61 1476 140 1515 ἀπὸ
167 1479 234 1515 τοῦ
266 1474 403 1515 κέστῡῦ
435 1477 611 1526 postulat
636 1485 775 1514 cestus.

58 1535 134 1575 Sed
168 1535 212 1573 in
263 1537 374 1573 omni
417 1546 623 1580 sermone,
657 1535 774 1570 etiam

56 1602 219 1640 nostro,
251 1606 346 1631 usus
387 1605 489 1642 saepe
523 1591 775 1642 etymologiae

57 1651 302 1689 adversatur.
331 1672 390 1680 —-
414 1651 511 1688 380.
540 1650 696 1687 Alacer
708 1651 773 1687 Bi-

57 1718 138 1761 got.
162 1708 399 1760 cunctisque
411 1722 471 1759 pr.
491 1709 653 1758 Menag.
674 1708 773 1746 Pal-

58 1781 127 1805 ma
151 1776 242 1818 post
274 1768 450 1805 Pierium
473 1767 662 1804 Heinsius
689 1774 773 1802 tue-

57 1834 125 1863 tur
143 1827 327 1863 omnium
357 1826 621 1863 vetustiorum
657 1823 773 1861 codd.

58 1890 99 1920 et
128 1883 490 1920 Grammaticorum
523 1883 772 1919 auctoritate.

57 1939 176 1978 Adde
196 1939 421 1978 Markland.
436 1940 486 1977 ad
503 1942 597 1978 Stat.
617 1939 712 1977 Silv.
731 1953 772 1989 p.

62 1999 158 2037 305.
177 1999 434 2036 Recentiores
446 2005 484 2034 et
501 1995 744 2048 edd.pugna
757 2025 769 2040 ‚

58 2056 171 2107 quod
199 2057 360 2108 vulgare
391 2064 503 2093 esset.
538 2057 644 2091 Ante
679 2054 774 2091 alios

57 2116 262 2152 victoriam
295 2114 500 2160 obtinere,
531 2120 589 2149 est
620 2119 772 2161 poetae,

58 2173 252 2210 excedere
286 2185 352 2210 eos
388 2173 564 2223 palma;
605 2168 774 2206 debebat

56 2232 218 2282 proprie
257 2244 359 2277 esse,
403 2231 564 2268 virtute.
606 2227 775 2278 Aliquot

51 2302 202 2341 pugnae
229 2298 267 2326 et
294 2301 480 2341 pugnam
499 2318 509 2332 ,
538 2289 696 2325 frustra.

117 2349 213 2386 382.
234 2350 328 2384 Iam
355 2346 540 2397 equidem
560 2344 717 2389 malim3
737 2353 776 2381 et

56 2407 112 2443 sic
132 2419 194 2456 pr.
212 2406 356 2444 Hamb.
379 2407 414 2442 T
412 2404 632 2441 auricornu
650 2402 773 2440 Goth.

58 2476 158 2511 sec.‚
179 2464 291 2516 quod
315 2465 569 2502 communius
587 2469 699 2498 esset.
719 2462 775 2498 At

58 2522 167 2569 Erf.,
204 2524 237 2560 si
265 2523 536 2560 auctoritatem
582 2519 745 2556 haberet
762 2547 773 2566 ,

58 2581 169 2631 sequi
196 2581 358 2619 malim:
386 2581 473 2617 ,Nec
491 2579 615 2629 plura
647 2589 775 2613 mora-

58 2646 133 2677 tur.
173 2640 209 2676 T
206 2652 271 2676 um
317 2639 420 2676 Iaeva
452 2647 609 2675 taurum
645 2643 772 2680 tenet,

57 2707 175 2734 versu
200 2696 488 2748 inexplet0.——-
507 2696 603 2740 384.
637 2691 772 2744 Quis

60 2760 162 2801 tres,
183 2763 222 2792 et
243 2754 339 2805 Quis
372 2753 538 2792 totidem
571 2753 637 2791 alii
668 2750 774 2802 apud

60 2810 196 2853 Burm-
214 2825 309 2852 cum
331 2812 414 2852 Erf.
436 2812 488 2851 cf.
508 2825 597 2865 sup.
628 2808 678 2848 ad
707 2810 746 2847 11
760 2837 771 2857 ‚

846 1486 872 1515 t.
893 1476 1016 1516 Goth.
1048 1485 1136 1514 tert.
1154 1505 1164 1522 ‚
1191 1483 1392 1526 corrupte.
1433 1477 1563 1525 Usque

845 1534 996 1573 morari
1020 1535 1173 1585 aliquot
1202 1535 1303 1571 Pier.
1332 1542 1370 1570 et
1388 1535 1493 1570 Ven.
1514 1545 1565 1569 ex

842 1595 1008 1644 interpr.
1029 1614 1088 1621 —
1111 1593 1193 1630 385
1229 1605 1313 1642 sqq.
1357 1592 1500 1629 Primae
1523 1590 1567 1627 li-

842 1664 926 1689 neae
945 1653 988 1688 in
1008 1653 1186 1688 Homero
1216 1664 1256 1687 v.
1287 1650 1371 1696 676
1395 1662 1507 1700 sqq.;
1529 1658 1568 1686 at

841 1723 962 1760 quam
1002 1711 1156 1760 egregie
1186 1707 1389 1745 coloribus
1426 1708 1509 1744 suis
1545 1720 1566 1743 a

842 1776 961 1818 poeta
1008 1766 1212 1804 inductae!
1256 1767 1418 1803 Acestes
1480 1765 1559 1812 387

839 1824 1018 1878 graviter
1034 1826 1208 1876 castigat.
1236 1825 1295 1860 Ita
1315 1823 1462 1860 malim.
1479 1824 1564 1862 Nee

843 1883 943 1920 male
960 1892 1092 1920 tamen
1105 1881 1241 1934 gravis
1257 1883 1424 1919 omnino
1437 1909 1448 1928 ,
1468 1894 1564 1931 quo-

842 1942 950 1977 niam
980 1953 1106 1978 senex
1140 1949 1248 1986 erat3
1268 1939 1417 1989 quippe
1451 1952 1563 1975 senes

842 2006 954 2034 aetate
984 2007 1023 2035 et
1060 1997 1293 2034 auctoritate
1324 2008 1461 2047 graves
1496 1995 1563 2032 ha-

841 2054 1002 2093 bentur.
1033 2055 1177 2093 Similis
1209 2054 1429 2104 increpatio
1461 2055 1562 2091 Pan-

841 2112 925 2150 dari
945 2113 995 2149 ab
1016 2115 1137 2150 AEnea
1164 2111 1276 2150 Iliad.
1305 2123 1342 2159 ε,
1380 2124 1424 2158 ¹7
1438 2123 1453 2147 1
1474 2124 1562 2161 sqq.

841 2171 1018 2209 Omnino
1041 2170 1337 2221 objurgationes
1368 2168 1563 2218 ejusmodi

841 2230 883 2266 in
925 2231 1103 2267 Homero
1148 2235 1367 2266 occurrunt
1402 2226 1558 2278 plures,

840 2301 878 2324 v.
904 2300 940 2325 c.
970 2289 1165 2325 Minervae
1193 2286 1339 2337 Odyss.
1372 2299 1423 2335 χ,
1445 2292 1555 2330 224ς

843 2346 1026 2383 Hectoris
1042 2344 1154 2383 Iliad.
1171 2357 1187 2381 0
1203 2373 1214 2391 ‚
1237 2351 1318 2390 440
1336 2357 1420 2394 sqq.
1437 2358 1447 2390 ;
1464 2357 1560 2394 quas

842 2416 925 2440 non
942 2404 1056 2441 facile
1077 2403 1262 2440 manibus
1280 2401 1452 2438 dimittet
1469 2414 1562 2451 poe-

843 2470 879 2498 ta
892 2489 903 2507 ,
927 2462 1021 2512 quia
1040 2463 1123 2500 vim
1146 2470 1185 2499 et
1204 2456 1409 2502 δεινότητα.
1431 2461 1558 2497 oratio

841 2519 973 2557 habet.

906 2577 1001 2616 388.
1019 2577 1257 2616 considerat
1281 2585 1359 2614 tres
1377 2590 1438 2628 ap.
1459 2578 1555 2614 Bur-

842 2649 974 2674 mann.
993 2636 1126 2674 Herba
1137 2649 1240 2673 unus
1252 2636 1354 2673 Pier.
1369 2648 1460 2672 cum
1471 2634 1554 2672 Erf.

840 2716 894 2723 —
913 2694 1007 2744 389.
1031 2696 1193 2732 Frustra
1220 2693 1430 2731 fortissime
1457 2692 1555 2730 olim

838 2753 943 2790 inter
966 2752 1132 2799 heroas,
1149 2765 1203 2791 sc.
1229 2749 1555 2802 quandoquidem

841 2823 949 2850 nunc
970 2812 1076 2849 iners
1097 2809 1248 2850 desides
1261 2837 1271 2857 ‚
1293 2816 1340 2847 ut
1359 2810 1422 2857 ΙΙ,
1447 2807 1525 2852 348
1544 2834 1553 2853 ,
